1635 2695
292 407 70 34 find
374 418 98 23 none.
484 408 74 33 The
569 408 79 42 only
658 414 143 37 support
812 407 53 35 for
876 408 59 33 the
946 407 134 35 Bovard
1092 413 88 28 trust
1191 408 27 34 is
1229 408 59 34 the
1298 408 206 34 uncorrobo-

292 457 97 34 rated
419 463 147 29 account
595 457 39 34 of
659 457 152 44 Spencer
841 457 134 34 Bovard
1005 457 79 40 and,
1115 457 53 34 for
1196 468 139 24 reasons
1365 457 141 44 already

292 507 186 41 discussed,
499 519 51 23 we
569 518 59 23 are
647 507 176 44 unwilling
842 512 36 29 to
897 507 72 44 rely
988 518 43 24 on
1052 507 76 34 that
1147 507 144 35 without
1310 507 195 44 something

292 568 95 24 more
408 557 206 35 substantial
637 557 84 35 than
745 558 69 34 Mr.
839 557 163 35 Bovard’s
1024 557 104 35 word.
1152 558 31 34 It
1205 558 27 34 is
1254 562 59 31 not
1335 558 76 34 that
1433 558 71 34 Mr.

293 607 134 35 Bovard
437 607 106 35 failed
552 613 36 29 to
596 608 87 43 keep
692 608 147 34 records.
851 608 56 34 He
915 608 82 44 kept
1006 618 185 25 numerous
1201 607 137 36 records
1347 607 90 35 from
1447 608 59 35 the

291 668 80 32 very
394 658 84 34 time
501 658 96 34 these
619 663 143 29 matters
785 669 89 23 were
896 658 183 42 occurring
1079 658 43 42 —
1122 658 97 42 bank
1241 658 148 41 records,
1412 659 93 34 hotel

292 707 88 40 bills,
393 708 145 42 receipts
551 708 53 33 for
616 718 60 31 gas
689 708 198 42 purchases,
900 708 148 34 invoices
1060 707 53 34 for
1126 708 200 42 machinery
1338 708 68 34 and
1418 709 87 33 tools

292 756 131 42 bought
445 767 38 23 or
507 756 119 34 rented
649 756 53 34 for
725 757 59 33 the
806 757 132 42 mining
961 756 189 44 operation.
1176 758 67 33 But
1266 768 51 23 we
1339 757 72 33 also
1434 757 71 33 find

291 805 137 33 records
452 805 39 34 of
511 806 89 33 John
626 806 137 33 Hoover
786 805 190 43 indicating
1000 806 76 33 that
1100 806 43 33 he
1166 817 69 23 was
1258 805 127 44 paying
1409 806 97 33 these

292 864 163 33 expenses
467 854 68 34 and
547 855 59 33 the
616 860 90 28 most
717 855 76 34 that
804 865 65 24 can
880 854 44 34 be
934 855 74 34 said
1020 855 38 34 of
1067 854 164 35 Bovard’s
1243 854 136 35 records
1391 855 27 34 is
1429 855 76 34 that

292 904 80 42 they
387 903 95 44 point
496 909 36 29 to
545 914 95 24 some
654 914 160 25 common
828 909 143 29 venture
985 904 171 43 involving
1170 904 59 35 the
1242 904 263 35 Northwestern

291 953 103 41 mine,
409 953 61 35 but
485 953 60 35 fall
559 954 239 44 considerably
812 954 95 34 short
919 954 40 34 of
968 953 225 44 establishing
1207 965 45 24 an
1265 954 192 44 ownership
1470 955 35 34 in

291 1004 59 34 the
370 1003 91 35 land.
484 1005 39 33 In
544 1005 76 34 that
640 1004 124 43 regard
784 1015 51 23 we
855 1004 71 34 find
947 1004 154 43 nothing.

294 269 43 33 30

764 1095 141 35 Bovard
923 1095 116 44 Proof

383 1179 65 33 We
457 1178 87 35 have
552 1183 59 30 not
620 1178 204 35 overlooked
833 1178 59 35 the
901 1179 138 43 opinion
1049 1179 185 44 testimony
1243 1179 40 35 of
1288 1191 20 23 a
1318 1179 186 35 handwrit-

291 1228 57 43 ing
361 1233 118 38 expert
491 1228 76 35 that
580 1228 59 34 the
651 1228 177 43 signature
839 1228 40 35 of
888 1229 89 34 John
991 1230 138 34 Hoover
1141 1239 43 24 on
1197 1229 59 35 the
1268 1229 135 35 Bovard
1416 1235 89 29 trust

290 1288 69 24 was
370 1278 187 34 consistent
567 1278 82 34 with
659 1279 109 40 other,
779 1278 206 44 admittedly
995 1278 159 44 genuine,
1164 1279 194 43 signatures
1368 1279 39 34 of
1413 1280 90 33 John

291 1328 148 33 Hoover.
470 1329 179 39 However,
678 1328 60 34 the
765 1333 120 39 expert
913 1328 174 35 conceded
1115 1328 131 44 readily
1274 1329 78 34 that
1379 1329 28 34 it
1434 1340 70 23 was

290 1377 188 43 extremely
495 1377 145 35 difficult
657 1382 35 29 to
709 1377 192 35 determine
917 1378 59 34 the
992 1377 230 45 authenticity
1238 1378 40 34 of
1291 1390 20 23 a
1328 1378 177 43 signature

290 1426 90 34 from
396 1437 20 23 a
433 1426 204 43 photocopy,
653 1438 38 23 as
707 1438 51 23 we
772 1428 88 35 have
875 1427 91 34 here.
984 1427 141 44 Beyond
1141 1428 87 41 that,
1244 1428 68 34 this
1328 1428 177 43 signature

290 1486 80 32 may
398 1476 152 43 actually
577 1476 87 34 have
691 1476 87 34 been
805 1476 76 35 that
909 1476 39 35 of
972 1477 90 34 John
1090 1478 149 40 Hoover,
1268 1477 163 35 obtained
1459 1478 45 43 by

289 1524 212 44 subterfuge.
528 1526 74 34 The
628 1526 119 34 record
773 1526 156 34 contains
955 1526 144 44 graphic
1125 1527 102 43 proof
1249 1527 77 34 that
1351 1527 152 43 Spencer

290 1574 135 35 Bovard
435 1586 70 23 was
517 1575 86 43 fully
614 1575 145 43 capable
769 1576 38 34 of
816 1575 84 35 such
910 1576 134 41 tactics,
1057 1586 83 24 even
1150 1576 115 35 where
1275 1577 59 34 the
1345 1576 158 35 interests

289 1624 39 35 of
337 1634 20 24 a
369 1624 148 44 trusting
529 1625 100 34 uncle
640 1636 89 23 were
740 1625 202 35 concerned.
956 1626 92 44 Why
1058 1625 114 35 would
1184 1626 43 35 he
1238 1626 147 35 hesitate
1396 1631 35 30 to
1443 1637 61 24 use

289 1674 131 35 similar
431 1686 94 24 ruses
537 1674 136 44 against
683 1686 20 23 a
714 1676 148 42 trusting
873 1675 134 35 friend?
1021 1675 135 35 Bovard
1167 1676 206 44 admittedly
1383 1676 119 43 signed

290 1724 166 35 Hoover’s
466 1736 103 23 name
578 1729 35 29 to
623 1736 20 23 a
653 1735 59 24 car
722 1725 75 35 title
806 1725 211 43 application
1028 1725 68 35 and
1106 1725 81 35 does
1198 1731 59 29 not
1266 1726 90 43 deny
1365 1726 136 43 forging

289 1774 157 42 Dorothy
462 1774 163 35 Bovard’s
642 1786 103 23 name
759 1780 36 29 to
811 1785 20 24 a
848 1775 145 34 mineral
1009 1774 98 42 deed,
1124 1775 77 41 why
1217 1781 59 29 not
1292 1775 59 35 the
1367 1776 134 34 Bovard

289 1824 109 34 trust?

380 1907 65 33 We
459 1907 86 34 have
559 1906 72 35 also
645 1906 183 36 examined
842 1907 59 34 the
914 1908 171 34 affidavits
1101 1908 134 34 Bovard
1249 1908 202 35 introduced
1465 1909 40 34 of

288 1956 81 43 Guy
386 1956 115 34 Green
518 1956 69 35 and
604 1956 52 35 his
673 1962 123 38 notary
812 1957 118 44 public
946 1957 213 44 supporting,
1176 1958 35 34 in
1227 1969 95 23 some
1338 1963 161 38 respects,

289 2006 163 34 Bovard’s
474 2007 157 43 position.
654 2007 68 34 But
743 2007 80 43 Guy
844 2007 127 41 Green,
993 2007 185 43 according
1198 2013 35 29 to
1254 2007 145 41 Bovard,
1421 2008 79 34 died

288 2055 133 35 around
443 2056 104 34 19505
566 2055 70 35 and
653 2056 109 34 under
780 2057 61 33 the
858 2056 216 44 exceptional
1092 2056 268 35 circumstances
1379 2057 38 34 of
1432 2057 69 35 this

288 2115 80 24 case
381 2116 51 23 we
446 2106 119 34 attach
579 2105 89 34 little
681 2106 167 34 credence
862 2111 35 29 to
911 2106 225 35 unverifiable
1149 2106 181 41 affidavits,
1345 2107 156 43 patently

288 2154 237 35 inadmissible
539 2155 53 34 for
607 2155 76 34 that
699 2161 137 34 matter,
852 2155 92 34 from
958 2166 140 33 persons
1113 2156 80 43 long
1207 2156 178 41 deceased,
1401 2157 99 33 when

287 2204 59 34 the
357 2203 204 44 underlying
573 2204 207 35 instrument
791 2204 103 41 itself,
906 2205 60 34 the
977 2204 134 35 Bovard
1123 2210 98 36 trust,
1233 2206 28 34 is
1269 2205 131 44 judged
1411 2211 36 29 to
1458 2206 43 34 be

287 2253 168 44 spurious.

353 2412 10 14 5
397 2412 55 25 The
466 2413 83 25 Green
565 2412 113 26 affidavit
692 2413 20 25 is
727 2413 76 25 dated
818 2413 149 32 September
986 2414 37 30 15,
1042 2414 71 25 1953.
