1671 2702
269 415 93 30 must
382 411 86 34 have
488 421 20 24 a
529 421 122 24 source
671 409 135 36 outside
825 410 39 34 of
881 410 59 35 the
961 410 130 35 Fourth
1111 410 247 42 Amendment,

269 460 109 35 either
389 461 44 43 by
444 460 177 35 reference
631 466 36 29 to
678 465 161 39 concepts
850 460 39 35 of
897 460 72 35 real
979 471 39 24 or
1028 460 159 44 personal
1198 466 161 38 property

269 511 64 34 law
349 521 36 24 or
399 516 36 29 to
448 509 292 44 understandings
754 510 76 35 that
845 521 59 24 are
917 510 205 44 recognized
1137 510 68 34 and
1219 511 139 43 permit­

269 560 58 35 ted
337 560 44 44 by
391 560 139 44 society.
541 560 78 35 One
628 559 40 36 of
674 560 59 35 the
742 560 94 35 main
846 560 108 43 rights
964 560 180 43 attaching
1154 565 36 29 to
1199 565 160 39 property

269 611 28 33 is
307 610 59 34 the
375 610 91 44 right
475 616 36 29 to
520 611 145 34 exclude
674 610 127 41 others,
811 621 56 23 see
877 611 54 33 W.
943 610 220 41 Blackstone,
1173 610 185 35 Commen­

269 660 116 41 taries,
413 660 95 34 Book
535 661 31 39 2,
594 661 53 33 ch.
680 661 28 39 1,
736 659 68 36 and
830 671 65 24 one
920 660 77 35 who
1023 671 93 24 owns
1143 670 38 24 or
1207 659 153 45 lawfully

270 720 169 33 possesses
454 720 37 24 or
506 711 150 34 controls
671 715 161 39 property
846 710 68 34 will
929 710 34 34 in
978 710 46 34 all
1039 710 185 34 likelihood
1239 710 86 34 have
1339 721 20 24 a

270 759 192 43 legitimate
475 760 219 43 expectation
707 760 40 34 of
757 759 138 45 privacy
908 759 45 44 by
965 760 113 34 virtue
1090 760 40 34 of
1139 760 68 34 this
1221 760 91 42 right
1325 765 36 30 to

270 809 153 35 exclude.
440 809 246 44 Expectations
701 809 39 34 of
751 809 139 44 privacy
905 809 178 44 protected
1098 810 45 44 by
1157 810 59 34 the
1232 810 128 34 Fourth

270 859 247 41 Amendment,
533 858 39 35 of
584 870 133 30 course,
733 858 87 36 need
835 865 60 29 not
909 859 44 34 be
967 859 108 35 based
1090 870 44 24 on
1149 870 21 23 a
1185 869 175 25 common-­

271 909 64 34 law
348 908 140 35 interest
500 909 34 34 in
546 909 72 34 real
629 920 38 23 or
679 909 158 43 personal
848 914 173 39 property,
1033 920 38 23 or
1082 920 44 24 on
1138 909 59 34 the
1207 909 153 35 invasion

270 957 40 36 of
329 959 84 34 such
437 969 44 24 an
504 959 153 34 interest.
681 959 112 34 These
816 958 94 36 ideas
933 970 90 23 were
1046 959 151 43 rejected
1220 959 83 35 both
1326 959 35 35 in

271 1010 117 38 Jones,
404 1019 119 33 supra,
539 1008 70 34 and
623 1010 101 38 Katz,
741 1019 119 33 supra.
877 1010 68 33 But
960 1009 45 43 by
1020 1008 158 44 focusing
1193 1020 44 23 on
1251 1009 110 43 legiti­

271 1063 95 30 mate
378 1058 235 44 expectations
625 1057 39 36 of
673 1058 139 44 privacy
824 1058 34 35 in
872 1059 130 35 Fourth
1014 1058 237 36 Amendment
1258 1059 102 43 juris­

272 1108 183 44 prudence,
472 1108 59 35 the
546 1108 111 35 Court
671 1108 63 35 has
749 1113 59 30 not
823 1109 193 42 altogether
1031 1108 206 36 abandoned
1251 1120 61 24 use
1326 1109 40 35 of

272 1163 161 40 property
446 1163 162 39 concepts
622 1159 35 34 in
670 1158 231 45 determining
915 1159 59 35 the
987 1170 164 33 presence
1163 1170 38 23 or
1215 1160 147 34 absence

271 1207 39 36 of
319 1208 60 35 the
389 1208 139 45 privacy
539 1208 161 36 interests
711 1209 177 44 protected
899 1209 45 44 by
956 1210 78 34 that
1044 1209 247 35 Amendment.
1303 1210 60 35 No

272 1259 112 34 better
404 1259 274 35 demonstration
699 1259 39 35 of
755 1259 67 35 this
843 1260 211 44 proposition
1075 1260 103 35 exists
1199 1260 84 35 than
1304 1260 59 35 the

271 1308 152 35 decision
448 1309 34 34 in
506 1308 196 36 Alderman
725 1320 30 24 v.
784 1309 127 35 United
933 1310 132 41 States,
1092 1310 68 35 394
1185 1310 83 35 U.S.
1298 1311 62 34 165

275 1358 137 43 (1969),
424 1359 113 34 where
548 1359 59 34 the
618 1359 111 34 Court
740 1359 79 35 held
830 1359 76 35 that
917 1370 45 23 an
973 1359 219 35 individual’s
1202 1366 161 38 property

272 1409 142 34 interest
431 1408 33 34 in
481 1409 52 34 his
550 1419 76 24 own
643 1409 104 34 home
762 1420 69 23 was
848 1420 37 24 so
902 1415 98 37 great
1016 1420 38 24 as
1071 1415 36 29 to
1123 1410 100 34 allow
1239 1410 72 34 him
1327 1415 36 30 to

273 1458 114 42 object
400 1464 36 28 to
450 1458 186 35 electronic
649 1459 226 34 surveillance
888 1459 38 34 of
938 1460 255 34 conversations
1208 1465 154 29 emanat­

273 1507 58 43 ing
343 1507 90 35 from
444 1507 52 35 his
508 1508 113 41 home,
634 1519 84 23 even
730 1508 132 43 though
873 1509 44 34 he
928 1508 143 35 himself
1079 1519 70 24 was
1160 1514 60 29 not
1231 1520 20 23 a
1263 1515 100 38 party

272 1562 36 29 to
323 1557 60 34 the
398 1557 267 35 conversations.
682 1558 58 34 On
755 1558 59 34 the
829 1559 99 33 other
944 1557 105 42 hand,
1065 1569 85 24 even
1166 1569 21 23 a
1202 1564 161 38 property

273 1606 142 35 interest
434 1606 34 34 in
488 1607 165 43 premises
673 1618 82 33 may
774 1612 59 30 not
852 1608 43 34 be
913 1608 172 34 sufficient
1104 1613 36 29 to
1159 1608 164 35 establish
1343 1620 20 23 a

273 1656 192 43 legitimate
473 1657 219 44 expectation
702 1657 39 34 of
747 1657 139 44 privacy
894 1657 83 35 with
987 1663 135 38 respect
1131 1662 35 30 to
1175 1658 188 43 particular

274 1706 100 35 items
405 1707 135 35 located
571 1717 44 24 on
646 1707 59 35 the
736 1707 164 44 premises
930 1718 38 24 or
999 1707 142 45 activity
1171 1707 193 36 conducted

273 1757 153 35 thereon.
442 1756 66 36 See
522 1758 101 39 Katz,
639 1768 120 33 supra,
775 1762 36 30 at
827 1759 79 39 351;
920 1759 110 34 Lewis
1043 1769 30 23 v.
1092 1758 128 35 United
1231 1758 131 42 States,

275 1807 66 34 385
356 1807 83 35 U.S.
455 1808 79 41 206,
549 1808 69 34 210
633 1807 139 44 (1966);
789 1807 127 36 United
926 1808 122 35 States
1059 1819 32 24 v.
1105 1810 78 39 Lee,
1198 1809 67 34 274
1279 1809 83 34 U.S.

275 1857 78 41 559,
367 1858 65 34 563
447 1856 138 44 (1921);
596 1859 131 33 Hester
735 1869 31 23 v.
781 1857 127 36 United
915 1858 133 41 States,
1061 1859 66 34 265
1140 1858 83 35 U.S.
1237 1859 54 40 57,
1305 1860 58 34 58-­

274 1907 43 35 59
341 1907 136 43 (1924).

1291 269 66 33 565

373 2016 74 34 The
456 2021 192 39 proponent
657 2015 40 35 of
704 2027 20 23 a
735 2016 130 34 motion
875 2022 36 29 to
920 2027 161 33 suppress
1091 2016 62 35 has
1163 2017 59 34 the
1231 2016 132 35 burden

148 2064 40 35 of
208 2064 225 45 establishing
457 2065 76 35 that
556 2065 52 35 his
632 2076 76 24 own
733 2066 128 35 Fourth
884 2065 238 36 Amendment
1145 2066 108 43 rights
1276 2078 89 23 were

147 2114 151 35 violated
315 2115 46 43 by
377 2115 58 34 the
451 2115 205 43 challenged
673 2116 122 34 search
811 2126 38 24 or
865 2116 143 35 seizure.
1026 2116 126 35 Rakas
1166 2128 31 22 v.
1214 2116 149 42 Illinois,

148 2165 69 34 439
230 2165 85 33 U.S.
332 2166 241 39 128,
590 2167 53 32 130-131 n.1
663 2165 137 43 (1978).
815 2166 39 33 In
867 2166 59 34 the
938 2176 80 24 case
1030 2171 36 28 at
1078 2166 74 40 bar,
1165 2166 59 34 the
1236 2165 129 44 deputy

148 2219 201 37 prosecutor
359 2213 130 43 argued
499 2214 77 34 that
585 2214 59 34 the
654 2215 172 42 appellees
836 2215 122 33 lacked
968 2214 163 43 standing
1140 2220 36 28 to
1185 2215 180 42 challenge

147 2262 61 34 the
218 2262 123 34 search
353 2262 148 35 because
512 2263 82 42 they
605 2263 59 34 did
677 2268 59 29 not
749 2263 86 34 have
847 2263 44 34 “a
899 2263 202 42 justifiable,
1113 2263 203 35 reasonable
1327 2275 38 23 or

149 2311 193 44 legitimate
356 2312 217 44 expectation
587 2312 39 34 of
637 2312 140 44 privacy
790 2312 34 34 in
838 2313 59 34 the
910 2312 138 35 records
1062 2313 39 34 of
1112 2313 59 35 the
1184 2313 182 43 telephone

148 2361 207 44 company.”
378 2362 74 34 The
475 2362 130 44 deputy
627 2362 228 44 prosecutor’s
878 2367 184 38 argument
1084 2374 87 32 gave
1193 2363 172 44 appellees

149 2411 115 34 notice
280 2412 77 34 that
373 2412 82 43 they
471 2422 90 24 were
577 2417 36 29 to
629 2417 63 39 put
708 2423 44 24 on
769 2412 103 45 proof
885 2413 208 43 concerning
1110 2413 59 34 the
1185 2413 91 35 issue
1292 2413 40 34 of
1345 2424 20 24 a
