1659 2695
1231 282 115 34 506-C

257 424 75 34 The
342 423 153 35 Citizens
505 423 39 34 of
551 423 86 35 each
647 423 101 34 State
757 423 88 35 shall
856 422 43 35 be
908 423 144 35 entitled
1062 428 36 29 to
1108 423 45 34 all
1164 423 183 43 Privileges

257 473 69 35 and
348 473 216 35 Immunities
585 473 34 34 in
640 473 59 34 the
719 472 140 35 Several
879 472 128 35 States.

223 573 76 34 The
308 572 130 35 United
449 573 116 34 States
576 573 171 43 Supreme
757 573 110 34 Court
877 572 62 35 has
950 572 182 45 explained
1142 573 77 34 that
1229 572 118 44 “[t]he

132 622 154 44 primary
306 633 148 33 purpose
472 623 39 34 of
528 623 69 34 this
615 622 119 35 clause
755 650 6 7 .
790 650 6 7 .
824 650 6 7 .
850 633 71 24 was
941 628 36 29 to
996 623 81 44 help
1096 622 77 35 fuse
1192 623 72 34 into
1283 633 66 24 one

133 672 135 35 Nation
292 684 20 23 a
337 672 179 35 collection
541 672 39 35 of
601 672 243 44 independent,
869 673 177 43 sovereign
1071 672 127 35 States.
1224 673 31 34 It
1278 683 70 24 was

133 721 165 45 designed
311 728 35 30 to
359 722 114 35 insure
484 727 35 30 to
532 734 20 23 a
564 721 126 36 citizen
702 721 39 35 of
750 722 99 35 State
860 722 33 34 A
905 721 77 35 who
993 726 160 30 ventures
1166 721 71 35 into
1249 722 100 34 State

134 771 27 34 B
186 771 60 34 the
269 782 96 24 same
389 771 179 44 privileges
592 771 112 35 which
729 772 59 34 the
811 771 142 36 citizens
977 772 40 34 of
1037 772 100 35 State
1161 772 27 34 B
1213 772 134 44 enjoy.”

137 823 151 34 Toomer
301 833 31 23 v.
354 821 143 42 Witsell,
517 823 67 33 334
601 821 84 35 U.S.
705 823 78 40 385,
802 822 65 35 395
887 821 139 43 (1948);
1042 833 59 23 see
1117 821 78 35 also
1210 821 92 36 Paul
1315 833 31 23 v.

138 872 166 43 Virginia,
320 873 19 33 8
355 871 103 35 Wall.
478 873 64 33 168
560 871 139 44 (1868);
718 871 105 35 Ward
835 882 30 24 v.
881 871 205 44 Maryland,
1105 873 41 33 12
1161 872 103 34 Wall.
1280 873 67 33 418

136 920 138 44 (1870).
297 923 39 33 In
361 921 105 35 Ward
482 933 31 23 v.
535 921 205 43 Maryland,
761 922 59 34 the
839 921 171 44 Supreme
1031 922 110 34 Court
1161 922 123 35 stated:

259 1020 141 45 Beyond
415 1020 108 35 doubt
538 1022 99 34 those
652 1021 111 34 words
778 1032 59 24 are
852 1021 111 35 words
979 1021 39 35 of
1029 1032 82 33 very
1125 1022 222 44 comprehen-

258 1071 71 34 sive
339 1071 173 43 meaning,
523 1071 63 34 but
597 1070 26 35 it
633 1071 69 34 will
713 1071 43 34 be
766 1071 170 35 sufficient
946 1077 36 29 to
993 1082 61 33 say
1064 1071 77 34 that
1151 1071 59 35 the
1221 1072 128 34 Clause

260 1120 129 44 plainly
398 1120 68 35 and
476 1121 260 43 unmistakably
745 1132 135 24 secures
890 1121 69 34 and
968 1126 151 39 protects
1128 1121 60 34 the
1196 1122 108 43 rights
1313 1121 40 34 of

260 1181 20 24 a
296 1170 124 35 citizen
449 1170 39 34 of
500 1181 65 24 one
581 1170 100 35 State
696 1176 35 29 to
747 1181 78 33 pass
841 1170 72 35 into
928 1182 69 32 any
1011 1171 100 34 other
1126 1171 100 35 State
1240 1171 39 35 of
1291 1171 59 35 the

260 1220 116 35 Union
395 1219 53 35 for
466 1220 59 34 the
543 1231 149 33 purpose
709 1220 40 35 of
764 1220 171 44 engaging
953 1221 35 34 in
1007 1220 119 35 lawful
1144 1231 204 31 commerce,

259 1270 109 41 trade,
393 1280 38 24 or
456 1270 155 35 business
636 1270 146 35 without
805 1270 221 35 molestation
1052 1299 7 7 .
1087 1298 6 7 .
1122 1298 6 7 .
1154 1271 69 35 and
1247 1277 35 29 to
1307 1271 43 35 be

259 1325 139 39 exempt
409 1320 92 35 from
511 1331 69 33 any
592 1320 122 43 higher
726 1325 97 30 taxes
834 1331 38 24 or
884 1321 130 34 excises
1025 1321 87 35 than
1124 1332 60 23 are
1194 1321 156 45 imposed

260 1370 45 44 by
325 1371 59 34 the
403 1370 100 35 State
523 1381 92 33 upon
636 1370 43 35 its
700 1381 76 24 own
795 1370 153 35 citizens.

140 1469 106 35 Ward
263 1475 37 29 at
320 1481 32 33 p.
374 1470 78 34 430.

319 1575 75 34 The
420 1575 104 34 HUE
551 1580 60 30 tax
638 1574 82 35 does
749 1580 59 30 not
834 1575 127 35 violate
988 1575 60 35 the
1074 1575 180 44 privileges
1282 1575 69 36 and

135 1623 214 36 immunities
363 1624 126 36 clause.
505 1626 66 34 We
583 1626 88 34 have
685 1625 141 45 already
839 1625 80 35 held
933 1626 77 34 that
1023 1626 60 35 the
1096 1630 59 30 tax
1168 1626 28 34 is
1210 1625 141 45 facially

134 1675 149 41 neutral,
293 1675 162 44 applying
465 1676 138 44 equally
611 1680 36 29 to
656 1675 84 35 both
749 1676 178 34 Arkansas
937 1676 288 43 base-registered
1233 1676 117 35 trucks

134 1734 39 24 as
185 1724 77 35 well
275 1736 37 23 as
325 1730 35 29 to
372 1726 264 34 non-Arkansas
649 1725 287 44 base-registered
947 1726 160 34 vehicles.
1122 1726 156 41 Further,
1292 1726 59 35 the

134 1774 180 35 Arkansas
327 1774 68 35 and
408 1775 265 34 non-Arkansas
686 1775 107 34 based
805 1775 116 35 trucks
935 1775 102 35 share
1048 1775 60 35 the
1120 1786 96 24 same
1227 1786 121 34 oppor­

135 1823 115 44 tunity
272 1824 40 34 of
331 1824 158 43 carrying
512 1825 59 34 the
593 1824 122 43 higher
737 1824 154 44 weights.
915 1825 199 41 Therefore,
1138 1825 97 35 there
1256 1826 28 34 is
1307 1836 44 23 no

134 1873 245 35 classification
397 1873 103 35 made
517 1874 156 34 between
690 1874 142 35 citizens
849 1874 40 34 of
902 1885 66 24 one
985 1880 91 29 state
1092 1885 38 24 as
1148 1875 150 44 opposed
1315 1880 36 29 to

134 1923 144 34 citizens
298 1923 40 35 of
355 1923 144 35 another
519 1929 100 30 state.

366 2027 75 34 The
451 2028 128 34 second
591 2033 185 37 argument
786 2028 45 44 by
842 2028 202 43 petitioners
1054 2029 29 34 is
1094 2028 78 34 that
1182 2028 60 35 the
1253 2033 99 30 court

134 2087 71 23 was
218 2076 170 36 incorrect
400 2077 34 34 in
447 2077 132 44 finding
591 2077 78 35 that
681 2078 59 34 the
752 2083 59 29 tax
823 2077 59 35 did
894 2083 60 29 not
966 2078 237 35 discriminate
1215 2079 136 43 against

135 2127 265 34 non-Arkansas
416 2126 107 35 based
538 2127 129 34 trucks.
685 2128 203 34 Petitioners
904 2128 68 34 cite
988 2133 68 29 two
1071 2128 168 34 Vermont
1254 2138 97 25 cases

134 2175 113 35 which
262 2176 88 35 have
363 2175 87 35 been
463 2176 145 35 decided
623 2176 94 35 since
730 2177 60 35 the
803 2182 201 38 arguments
1017 2188 90 24 were
1121 2178 181 43 presented
1316 2177 35 35 in

134 2225 69 35 this
222 2226 134 43 appeal.
377 2226 66 34 We
461 2237 59 24 are
538 2226 178 44 obviously
734 2232 60 30 not
812 2226 116 36 bound
947 2227 46 44 by
1011 2227 59 35 the
1088 2227 169 35 decisions
1275 2227 39 35 of
1330 2238 20 23 a

134 2275 171 35 Vermont
315 2281 109 30 court.
437 2276 256 41 Furthermore,
704 2277 35 34 in
750 2277 99 34 those
858 2287 108 31 cases,
977 2277 60 35 the
1047 2282 99 30 court
1156 2277 108 35 found
1275 2278 77 34 that

135 2325 60 35 the
211 2326 154 35 relevant
381 2331 146 30 statutes
544 2326 156 45 imposed
717 2326 162 36 different
896 2327 250 44 requirements
1163 2338 44 24 on
1223 2326 128 36 out-of-­

135 2380 91 30 state
255 2381 186 39 operators.
473 2377 104 41 Here,
607 2376 60 35 the
696 2378 103 34 HUE
826 2382 60 30 tax
914 2377 132 44 applies
1075 2377 138 44 equally
1241 2383 36 29 to
1306 2377 45 35 all

135 2431 178 39 operators
327 2426 68 36 and
409 2438 67 33 any
488 2427 169 44 disparity
670 2427 35 35 in
718 2432 161 31 amounts
893 2428 123 35 results
1030 2428 91 35 from
1134 2428 59 35 the
1206 2428 146 35 number
