1656 2688
298 400 109 43 plaint
420 399 106 35 based
539 410 44 23 on
596 400 43 34 its
653 400 176 34 residence
842 400 34 34 in
890 400 118 34 White
1021 400 149 43 County.
1184 400 74 34 The
1271 400 122 34 circuit
1402 400 108 43 judge

297 449 146 43 granted
453 449 59 34 the
520 449 131 34 motion
660 449 69 34 and
739 450 87 33 Mrs.
837 449 103 34 Odell
949 449 62 34 has
1021 449 178 44 appealed.
1211 449 75 35 Our
1290 449 219 43 jurisdiction

298 499 156 34 attaches
475 499 109 34 under
604 499 90 34 Rule
715 498 172 44 29(l)(o).

300 262 65 33 358

482 576 39 34 In
538 575 130 35 Atkins
686 575 121 35 Pickle
823 587 31 23 v.
873 575 528 45 Burrough-Uerling-Brasuell
1420 577 90 34 Con­

296 625 136 44 sulting
442 627 199 42 Engineers,
656 627 82 39 Inc.,
754 627 66 33 275
835 626 85 34 Ark.
940 627 75 40 135,
1031 627 66 33 628
1113 626 143 34 S.W.2d
1270 627 20 33 9
1307 626 137 42 (1982),
1459 637 51 23 we

297 675 85 34 said:

421 752 87 33 Ever
529 751 93 35 since
643 751 59 35 the
723 751 163 44 adoption
907 751 40 35 of
964 762 63 24 our
1048 752 89 34 Civil
1159 751 98 35 Code
1278 752 34 34 in
1337 753 87 34 1869
1446 763 62 24 our

420 806 146 30 statutes
587 801 87 35 have
694 801 136 35 defined
851 802 131 34 certain
1004 802 88 35 local
1113 802 132 35 actions
1266 802 68 35 and
1355 802 153 35 directed

420 851 76 35 that
519 851 46 35 all
588 852 98 34 other
709 852 132 34 actions
864 852 43 34 be
931 852 149 43 brought
1102 852 35 34 in
1160 852 59 34 the
1241 858 128 38 county
1391 852 39 35 of
1450 853 59 34 the

419 901 219 35 defendant’s
651 901 186 35 residence.
854 902 17 42 §
887 903 141 33 27-613.
1044 903 66 33 We
1122 902 88 34 have
1222 902 74 34 said
1310 902 198 44 repeatedly

420 951 76 34 that
508 961 62 24 our
583 951 204 44 underlying
799 951 113 44 policy
924 952 28 34 is
965 957 35 29 to
1012 952 47 34 fix
1071 952 59 34 the
1140 963 111 23 venue
1263 952 34 34 in
1310 952 59 34 the
1381 957 127 39 county

419 1000 40 34 of
466 1001 59 34 the
535 1000 218 35 defendant’s
764 1001 176 34 residence
951 1001 113 35 unless
1075 1001 53 35 for
1139 1002 112 43 policy
1261 1012 139 24 reasons
1411 1002 97 34 there

420 1050 27 33 is
468 1060 20 24 a
508 1055 172 38 statutory
700 1050 189 44 exception.

385 1125 190 43 Appellant
588 1125 121 34 claims
724 1125 59 34 the
797 1126 179 43 exception
990 1126 113 34 which
1117 1126 142 43 permits
1274 1126 61 34 her
1349 1131 35 29 to
1398 1137 61 23 sue
1472 1126 35 34 in

295 1174 149 34 Jackson
465 1174 140 43 County
625 1174 27 34 is
673 1174 108 34 found
802 1175 34 33 in
858 1175 18 42 §
899 1176 141 33 27-610:

418 1250 58 34 All
496 1250 131 34 actions
646 1250 54 34 for
718 1250 165 44 damages
902 1250 53 35 for
974 1251 159 44 personal
1151 1251 113 44 injury
1282 1262 38 24 or
1338 1251 105 35 death
1462 1252 45 43 by

418 1300 170 43 wrongful
609 1305 57 29 act
687 1300 87 35 shall
797 1301 42 34 be
860 1301 150 43 brought
1030 1301 35 34 in
1086 1301 59 34 the
1166 1306 127 39 county
1314 1302 113 33 where
1448 1301 59 35 the

418 1349 159 35 accident
592 1350 165 34 occurred
772 1350 112 34 which
900 1350 127 35 caused
1043 1351 59 34 the
1117 1351 113 43 injury
1245 1362 38 23 or
1298 1351 105 34 death
1418 1362 38 23 or
1472 1351 34 34 in

418 1399 59 34 the
487 1405 127 38 county
624 1400 113 34 where
747 1400 59 34 the
815 1411 123 32 person
949 1400 135 43 injured
1094 1411 38 23 or
1143 1400 103 35 killed
1257 1400 134 35 resided
1401 1406 37 29 at
1447 1401 60 34 the

418 1449 85 34 time
512 1449 39 34 of
558 1449 124 43 injury,
693 1449 69 34 and
772 1449 164 44 provided
946 1449 135 35 further
1091 1450 76 34 that
1177 1450 34 34 in
1223 1450 45 34 all
1279 1450 84 35 such
1374 1451 132 34 actions

418 1499 128 34 service
563 1498 39 35 of
616 1510 177 24 summons
811 1510 81 33 may
910 1499 42 35 be
970 1499 69 35 had
1056 1511 92 33 upon
1166 1511 68 33 any
1251 1505 100 39 party
1368 1506 36 29 to
1421 1500 85 35 such

418 1548 125 41 action,
557 1549 34 34 in
606 1548 155 35 addition
774 1554 35 30 to
823 1549 98 35 other
934 1549 158 35 methods
1105 1561 76 23 now
1194 1550 164 44 provided
1371 1550 45 44 by
1429 1551 76 41 law,

418 1598 44 44 by
480 1599 128 34 service
625 1598 39 35 of
679 1610 177 24 summons
874 1610 92 33 upon
984 1611 68 32 any
1069 1605 104 38 agent
1190 1600 77 34 who
1285 1600 27 35 is
1330 1611 20 24 a
1369 1601 137 42 regular

417 1648 178 44 employee
611 1648 39 35 of
663 1649 85 34 such
765 1654 110 39 party,
893 1649 69 35 and
978 1660 44 24 on
1039 1649 85 44 duty
1140 1655 37 29 at
1193 1650 59 34 the
1268 1650 84 35 time
1368 1650 40 35 of
1421 1651 84 34 such

417 1699 138 34 service.

478 1774 65 34 We
554 1774 158 43 disagree
723 1774 82 35 with
818 1775 76 34 that
906 1775 221 44 proposition.
1142 1775 115 35 While
1268 1787 51 23 we
1331 1776 87 34 have
1430 1776 74 34 said

293 1823 59 34 the
370 1823 176 34 reference
564 1824 34 33 in
617 1824 59 34 the
694 1829 129 29 statute
842 1829 35 29 to
896 1824 136 34 “where
1050 1825 59 34 the
1127 1825 159 34 accident
1304 1825 200 41 occurred,”

293 1872 81 34 does
386 1878 60 28 not
458 1873 135 43 require
604 1884 21 23 a
637 1878 138 30 trauma
787 1884 38 24 or
837 1874 88 34 blow
937 1874 34 34 in
984 1874 59 34 the
1054 1874 113 34 literal
1179 1885 109 30 sense,
1303 1875 201 34 Coca-Cola

291 1921 227 45 Bottling Co.
529 1924 254 40 v.Kincannon,
794 1924 68 34 202
871 1923 85 35 Ark.
967 1924 310 40 235, 150 S.W.2d
1290 1925 62 34 193
1365 1924 137 43 (1941),

291 1971 167 35 Shultz v.
471 1974 131 42 Young,
613 1974 66 33 205
690 1973 85 34 Ark.
787 1973 309 41 533, 169 S.W.2d
1106 1975 66 33 648
1185 1973 137 44 (1943),
1332 1986 83 23 even
1424 1985 48 31 so,
1482 1986 20 23 a

291 2022 155 43 physical
455 2033 38 23 or
503 2022 115 44 bodily
628 2023 113 43 injury
751 2023 26 34 is
787 2023 160 44 required
956 2024 35 34 in
1000 2023 100 35 order
1109 2024 54 34 for
1174 2024 17 42 §
1204 2025 130 33 27-610
1343 2030 36 28 to
1388 2025 113 43 apply.

291 2071 184 35 Arkansas
494 2071 119 44 Valley
627 2072 204 40 Industries,
847 2074 70 33 Inc.
932 2084 30 23 v.
978 2073 162 41 Roberts,
1156 2074 68 33 244
1239 2074 84 34 Ark.
1339 2075 79 39 432,
1434 2075 66 33 425

291 2120 143 35 S.W.2d
450 2122 66 33 298
534 2121 138 43 (1968);
686 2122 182 34 Robinson
881 2134 31 22 v.
927 2124 139 33 MoPac
1083 2125 143 41 Transp.
1245 2124 72 40 Co.,
1334 2125 65 32 218
1415 2124 85 34 Ark.

292 2171 156 40 390, 236
459 2171 143 34 S.W.2d
613 2172 65 34 575
692 2171 137 43 (1951).
840 2172 106 41 Thus,
956 2172 226 42 defamation,
1193 2173 108 34 abuse
1309 2173 39 34 of
1354 2184 147 33 process,

290 2220 88 34 false
392 2220 273 44 imprisonment,
681 2221 180 35 malicious
876 2222 228 44 prosecution,
1120 2222 69 35 and
1204 2223 59 34 the
1277 2223 77 41 like,
1370 2223 132 43 though

290 2270 145 35 tortious
448 2270 34 35 in
495 2271 121 43 origin,
628 2271 45 35 do
685 2276 59 30 not
756 2282 99 24 come
867 2272 119 35 within
1000 2272 18 43 §
1033 2273 142 34 27-610.
1188 2274 314 43 B-W Acceptance

292 2321 234 43 Corporation
542 2332 29 23 v.
592 2321 133 41 Colvin,
744 2323 67 33 252
829 2322 84 34 Ark.
934 2323 78 40 306,
1030 2323 67 34 478
1116 2322 143 35 S.W.2d
1277 2324 65 33 755
1363 2323 137 43 (1972).

473 2398 34 33 A
523 2408 79 23 case
617 2397 35 34 in
668 2397 96 44 point
780 2398 27 34 is
822 2398 185 34 Arkansas
1027 2398 120 43 Valley
1162 2398 204 40 Industries,
1384 2401 69 32 Inc.
1469 2410 30 23 v.
