1639 2700
100 428 158 47 Monday
269 430 69 35 and
350 441 69 24 was
431 430 34 34 in
477 429 167 36 intensive
655 440 80 25 care
745 440 44 24 on
800 429 172 44 Tuesday,
984 428 60 36 the
1054 429 68 44 day
1133 428 39 35 of
1180 428 89 35 trial.
1283 428 31 35 It

98 492 70 23 was
183 482 81 43 only
278 481 82 35 then
375 481 75 34 that
464 480 59 35 the
537 480 218 44 prosecution
770 479 140 35 learned
924 478 39 35 of
974 479 53 34 his
1041 478 272 44 unavailability,

98 531 127 44 having
246 531 106 35 relied
372 541 44 24 on
436 530 52 35 his
509 535 117 30 recent
646 529 235 35 observations
901 528 69 35 and
991 529 59 35 the
1070 529 203 44 subpoenas.

1248 286 62 34 165

190 618 114 34 There
330 628 69 24 was
427 616 143 44 nothing
598 616 34 35 in
660 617 97 34 these
783 616 270 35 circumstances
1080 621 36 29 to
1143 615 87 35 alert
1256 615 59 34 the

99 668 220 43 prosecution
334 673 36 29 to
385 678 67 33 any
467 666 186 36 likelihood
669 666 39 35 of
720 666 203 35 Stuecken’s
939 666 159 35 absence.
1114 666 76 34 Nor
1205 665 44 35 do
1264 676 51 23 we

99 717 72 35 find
184 717 77 35 that
274 718 59 34 the
345 717 218 44 prosecution
575 717 124 34 should
712 717 87 34 have
811 715 174 36 exercised
998 721 136 37 greater
1147 715 169 43 diligence

101 767 34 35 in
155 767 102 35 order
277 773 36 29 to
333 767 86 35 have
438 767 199 34 discovered
658 767 59 34 the
737 766 148 35 absence
904 765 39 35 of
960 765 69 35 this
1049 766 148 34 witness.

326 853 74 35 The
411 852 206 45 appellant’s
628 852 105 35 claim
744 852 28 34 is
783 863 65 23 one
859 851 39 35 of
905 851 261 35 constitutional
1178 861 138 34 propor­

101 903 73 34 tion
195 903 69 35 and
285 914 51 23 we
356 903 86 34 have
461 902 203 35 considered
684 902 60 35 the
764 906 183 39 argument
967 901 35 34 in
1023 901 87 44 light
1130 901 39 35 of
1186 900 131 36 United

101 953 117 34 States
243 953 170 43 Supreme
438 952 110 34 Court
572 962 97 24 cases
694 963 44 23 on
762 952 60 34 the
845 951 144 43 subject.
1015 952 93 34 That
1131 956 99 29 court
1254 950 62 35 has

101 1002 206 43 recognized
327 1002 34 34 in
382 1002 126 34 double
524 1001 170 44 jeopardy
714 1001 121 35 claims
855 1001 60 34 the
934 1000 169 45 difficulty
1123 1000 40 35 of
1179 1006 136 37 catego­

101 1051 111 44 rizing
225 1063 97 24 cases
337 1051 67 35 and
418 1052 59 34 the
491 1051 218 44 inadequacy
722 1050 39 36 of
772 1062 67 33 any
853 1050 166 35 standard
1034 1051 161 41 formula,
1210 1055 35 30 to
1258 1050 60 35 the

101 1101 68 35 end
182 1101 77 36 that
272 1102 85 34 each
370 1112 80 24 case
461 1106 94 30 must
567 1106 81 30 turn
661 1101 131 44 largely
803 1111 44 24 on
860 1101 43 34 its
916 1111 76 24 own
1005 1100 101 36 facts.
1119 1102 155 33 Arizona
1285 1111 30 23 v.

106 1151 239 45 Washington,
364 1152 68 34 434
451 1151 84 35 U.S.
556 1152 67 34 497
646 1150 138 44 (1978);
803 1150 139 36 Illinois
958 1162 31 23 v.
1008 1150 221 42 Somerville,
1249 1151 68 34 410

102 1201 85 36 U.S.
205 1203 68 34 458
293 1201 136 44 (1973).
448 1202 40 34 In
503 1203 156 33 Arizona
674 1213 31 23 v.
727 1201 236 43 Washington,
981 1201 119 43 noting
1117 1201 59 34 the
1191 1201 126 43 impor­

102 1257 104 29 tance
217 1252 40 34 of
265 1263 20 23 a
298 1251 217 35 defendant’s
528 1251 93 43 right
632 1252 137 43 against
780 1251 127 34 double
914 1251 170 44 jeopardy
1095 1250 69 35 and
1176 1251 59 34 the
1246 1250 73 35 fact

102 1302 78 34 that
192 1301 27 36 it
230 1302 28 34 is
271 1301 188 35 frustrated
469 1301 100 34 when
581 1311 21 24 a
614 1301 146 35 mistrial
772 1311 131 31 occurs,
916 1300 131 36 Justice
1059 1301 144 34 Stevens
1214 1304 105 31 wrote

103 1351 54 35 for
169 1351 60 36 the
242 1352 172 43 majority,
428 1351 134 43 “[T]he
574 1357 200 38 prosecutor
786 1356 93 30 must
891 1350 162 36 shoulder
1066 1351 59 35 the
1137 1350 133 35 burden
1282 1349 39 36 of

99 1401 186 45 justifying
300 1402 60 35 the
374 1401 146 35 mistrial
536 1401 31 35 if
579 1401 44 35 he
638 1402 28 35 is
681 1407 37 30 to
733 1401 99 36 avoid
848 1401 59 35 the
922 1400 127 36 double
1060 1400 169 46 jeopardy
1244 1401 72 34 bar.

104 1452 65 35 His
188 1452 133 35 burden
340 1452 27 35 is
385 1463 20 24 a
424 1452 110 44 heavy
551 1462 76 25 one.
655 1480 7 7 .
690 1480 6 7 .
725 1480 6 7 .
750 1452 106 41 Thus,
874 1451 60 35 the
951 1451 152 36 strictest
1120 1451 153 44 scrutiny
1291 1451 27 35 is

104 1503 222 43 appropriate
335 1502 99 35 when
444 1502 60 35 the
513 1502 92 35 basis
616 1502 54 35 for
680 1502 59 35 the
749 1502 146 34 mistrial
904 1502 28 34 is
942 1501 60 35 the
1011 1501 263 44 unavailability
1283 1501 39 35 of

104 1552 134 35 critical
254 1552 217 44 prosecution
487 1550 173 37 evidence.
688 1580 7 6 .
723 1580 6 6 .
757 1552 31 34 .”
805 1552 39 34 In
859 1552 59 34 the
933 1562 97 24 same
1043 1552 89 40 vein,
1148 1552 59 34 the
1222 1556 98 29 court

104 1602 63 33 has
191 1602 73 33 also
288 1601 138 34 warned
450 1601 39 34 of
510 1601 60 34 the
592 1601 132 43 danger
747 1601 39 34 of
806 1612 93 23 error
922 1601 210 43 originating
1155 1601 83 34 with
1261 1600 60 34 the

104 1656 226 37 government
341 1651 77 34 that
428 1650 114 34 would
554 1650 80 35 lend
646 1650 96 35 itself
750 1655 36 29 to
797 1649 247 45 prosecutorial
1056 1650 262 43 manipulation.

105 1699 140 37 Illinois
256 1712 31 23 v.
301 1699 219 41 Somerville,
534 1710 120 34 supra.
670 1701 40 34 In
723 1699 191 44 discussing
927 1699 60 35 the
1000 1699 87 36 need
1101 1699 54 35 for
1168 1699 152 35 examin­

105 1750 58 44 ing
195 1750 247 45 prosecutorial
474 1761 105 31 error,
612 1751 83 35 both
726 1752 155 33 Arizona
912 1749 69 36 and
1011 1749 211 36 Somerville
1253 1749 68 35 cite

104 1803 173 34 Downum
294 1813 31 23 v.
347 1800 127 36 United
489 1801 133 42 States,
643 1802 68 34 312
729 1800 84 36 U.S.
833 1801 68 34 734
922 1800 138 44 (1963).
1080 1801 40 34 In
1137 1800 182 41 Downum,

105 1852 161 34 material
282 1851 217 44 prosecution
515 1851 176 34 witnesses
706 1862 90 23 were
811 1851 123 34 absent
949 1855 37 29 at
1001 1851 60 34 the
1076 1856 87 29 start
1178 1850 39 35 of
1229 1850 90 41 trial,

105 1899 63 35 but
178 1900 59 35 the
247 1901 217 43 prosecution
474 1900 69 34 had
553 1905 60 29 not
622 1900 222 44 subpoenaed
853 1900 98 34 these
959 1900 176 35 witnesses
1145 1900 69 34 and
1224 1899 98 35 knew

106 1949 82 43 they
211 1961 88 23 were
322 1949 223 35 unavailable
568 1949 100 35 when
691 1950 27 34 it
741 1949 204 35 announced
968 1949 107 44 ready
1098 1949 53 35 for
1174 1949 89 34 trial.
1288 1950 33 33 A

105 1999 148 34 mistrial
270 2010 70 23 was
357 1999 146 42 granted
520 1998 69 35 and
606 1999 60 34 the
682 1999 171 43 Supreme
869 1999 111 34 Court
997 1998 80 35 held
1094 1999 77 34 that
1187 1998 135 35 further

105 2049 221 42 prosecution
345 2059 70 23 was
435 2047 136 35 barred.

292 2135 93 33 Here
395 2144 50 24 we
454 2133 45 35 do
508 2138 60 30 not
578 2133 72 35 find
660 2133 60 35 the
728 2144 97 24 same
834 2132 167 45 potential
1011 2133 54 35 for
1074 2132 247 45 prosecutorial

105 2183 255 45 manipulation
383 2195 37 23 as
443 2183 34 35 in
500 2185 183 34 Downum.
707 2183 75 35 The
803 2182 163 36 evidence
988 2182 252 36 demonstrates
1263 2183 59 34 the

106 2234 248 43 prosecution’s
364 2245 80 23 care
453 2233 35 35 in
498 2234 222 43 preparation
729 2233 54 35 for
792 2234 79 34 trial
881 2234 35 34 in
925 2233 237 35 combination
1171 2233 83 35 with
1263 2233 60 34 the

105 2283 264 36 unforeseeable
386 2284 148 34 absence
551 2283 40 35 of
605 2284 61 35 the
682 2284 148 34 witness.
849 2282 75 36 The
941 2284 234 43 requirement
1192 2283 40 35 of
1246 2283 75 34 dili­

106 2344 109 32 gence
226 2345 44 23 on
281 2334 60 34 the
352 2339 77 39 part
441 2333 39 35 of
488 2333 60 35 the
558 2334 220 43 prosecution
789 2334 62 34 has
863 2338 60 29 not
934 2333 87 35 been
1033 2333 129 44 loosely
1173 2332 149 45 applied,

107 2394 57 24 see
176 2384 108 44 Cody,
296 2395 119 33 supra,
426 2383 69 35 and
503 2394 52 24 we
564 2383 72 35 find
645 2384 27 34 it
681 2394 116 24 comes
806 2383 120 35 within
936 2383 60 34 the
1004 2382 167 36 standard
1180 2382 39 35 of
1225 2382 98 35 strict

107 2434 155 44 scrutiny
271 2434 104 35 noted
385 2434 34 34 in
427 2435 166 33 Arizona.
603 2435 51 33 As
663 2433 177 35 discussed
849 2433 134 41 earlier,
993 2432 60 36 the
1061 2433 219 44 prosecution
1289 2432 34 35 in
