1632 2688
295 412 43 33 be
346 412 187 33 consistent
542 412 81 33 with
634 412 58 33 the
701 412 87 42 guilt
797 412 39 34 of
842 412 59 34 the
910 412 147 34 accused
1067 412 68 34 and
1145 412 143 34 exclude
1298 424 99 31 every
1407 413 97 33 other

295 461 201 33 reasonable
510 461 197 42 hypothesis
721 461 186 34 consistent
920 461 81 34 with
1016 461 196 34 innocence.
1231 461 105 34 Ward
1347 473 29 22 v.
1390 462 113 39 State,

295 510 68 33 280
375 510 84 33 Ark.
475 511 78 38 353,
567 510 67 33 658
649 509 142 34 S.W.2d
805 511 67 33 379
888 509 136 42 (1983).
1039 510 56 33 On
1109 510 133 43 appeal,
1256 510 166 40 however,
1436 510 67 34 this

295 558 138 34 Court’s
448 558 276 44 “responsibility
738 558 26 34 is
779 558 124 44 simply
917 564 35 29 to
966 558 191 35 determine
1170 559 76 34 that
1260 559 59 34 the
1331 559 130 34 verdict
1476 559 26 34 is

294 607 105 35 based
420 618 43 24 on
484 608 206 34 substantial
711 608 195 34 evidence.”
932 608 112 39 Ward,
1066 619 118 33 supra.

300 272 61 33 178

385 685 38 33 In
450 684 59 35 the
534 695 79 24 case
639 690 36 29 at
702 685 103 41 hand,
832 685 59 34 the
916 685 118 35 victim
1060 685 101 35 could
1187 691 60 29 not
1273 685 145 44 identify
1444 686 59 34 the

293 735 185 43 appellant.
507 735 71 34 She
604 746 69 24 was
701 735 142 42 certain,
871 736 166 41 however,
1065 736 76 34 that
1168 736 97 34 there
1291 747 89 23 were
1406 736 97 35 three

293 795 139 34 persons
451 785 76 35 who
545 785 162 35 attacked
727 786 70 41 her,
817 786 68 35 and
904 786 60 35 she
982 786 59 34 did
1060 792 59 29 not
1137 797 56 24 see
1211 797 38 24 or
1268 787 83 34 hear
1369 798 134 32 anyone

293 845 98 24 come
404 846 46 32 up
463 846 43 23 on
521 835 58 34 the
593 836 115 43 porch.
723 836 189 43 Appellant
925 836 169 34 admitted
1109 837 76 33 that
1198 837 43 33 he
1255 837 247 43 accompanied

293 885 58 33 the
361 890 67 28 two
439 885 181 34 assailants
631 890 35 29 to
677 885 59 34 the
745 886 146 33 victim’s
903 886 116 39 house;
1031 886 43 33 he
1080 886 73 42 just
1163 886 124 34 denied
1297 887 158 41 knowing
1466 886 39 34 of

292 934 89 33 their
401 944 147 32 purpose
568 934 68 33 and
657 934 118 43 taking
796 940 77 38 part
894 935 34 33 in
949 935 88 33 their
1057 935 128 34 attack.

521 1009 74 34 The
607 1009 161 34 evidence
780 1009 114 44 places
907 1010 59 33 the
977 1010 176 43 appellant
1165 1015 36 29 at
1213 1010 59 34 the
1283 1020 101 24 scene
1395 1010 40 34 of
1443 1011 59 33 the

291 1058 135 40 crimes,
445 1058 33 34 in
497 1058 170 34 exclusive
684 1059 190 43 possession
892 1059 39 34 of
946 1059 152 44 recently
1115 1060 109 33 stolen
1242 1065 171 38 property,
1432 1060 68 34 and

291 1107 114 43 giving
429 1108 223 34 inconsistent
676 1114 202 29 statements
903 1114 34 29 to
961 1109 59 34 the
1043 1109 110 44 police
1176 1109 34 35 in
1234 1110 208 43 attempting
1465 1115 35 29 to

291 1157 136 43 explain
440 1157 52 34 his
505 1158 190 43 possession
708 1158 39 35 of
755 1158 59 35 the
827 1159 151 43 recently
990 1159 109 34 stolen
1113 1165 170 38 property.
1299 1160 38 33 In
1354 1159 105 34 Ward
1468 1171 30 22 v.

289 1207 113 40 State,
424 1208 68 33 280
512 1207 84 34 Ark.
619 1209 78 39 353,
719 1208 66 34 658
807 1208 143 34 S.W.2d
972 1209 66 33 379
1061 1208 138 42 (1983),
1220 1220 51 22 we
1290 1214 116 29 wrote:

504 1283 49 34 As
580 1283 94 43 early
699 1294 38 23 as
767 1284 87 34 1879
881 1295 50 23 we
957 1284 181 44 expressed
1164 1284 59 34 the
1248 1285 84 40 rule,
1359 1285 141 43 already

413 1332 158 34 followed
598 1333 194 41 elsewhere,
820 1333 34 34 in
880 1344 96 24 cases
1003 1333 39 35 of
1065 1334 173 44 burglary,
1266 1335 138 43 larceny
1431 1335 68 34 and

413 1382 190 43 possession
623 1382 39 35 of
678 1383 109 34 stolen
807 1389 161 38 property
987 1384 76 34 that
1082 1384 191 43 possession
1292 1384 40 34 of
1347 1385 153 43 recently

413 1432 109 34 stolen
537 1438 161 38 property
712 1433 28 34 is
751 1435 118 41 prima
876 1433 99 43 facie
989 1433 163 35 evidence
1166 1433 39 35 of
1216 1434 59 34 the
1289 1434 87 43 guilt
1390 1434 39 34 of
1441 1435 59 34 the

413 1487 100 38 party
534 1482 33 34 in
589 1482 114 35 whose
723 1483 190 43 possession
934 1483 59 34 the
1013 1489 162 38 property
1196 1484 27 34 is
1244 1483 119 42 found,
1385 1485 113 34 unless

413 1531 244 44 satisfactorily
679 1532 191 35 accounted
893 1532 53 35 for
968 1533 45 43 by
1034 1533 59 34 the
1115 1533 172 35 evidence.
1309 1534 137 42 Boykin
1466 1545 31 23 v.

411 1581 113 40 State,
540 1582 44 33 34
597 1582 84 33 Ark.
696 1583 79 32 443.
790 1583 76 33 Nor
880 1582 27 34 is
922 1582 59 36 the
994 1583 74 34 rule
1081 1583 133 33 limited
1228 1588 36 29 to
1277 1583 139 43 larceny
1430 1583 68 34 and

413 1630 199 43 possession.
635 1631 38 33 In
695 1631 133 34 Gunter
845 1643 29 22 v.
894 1632 113 40 State,
1029 1633 43 32 79
1093 1632 84 34 Ark.
1199 1633 69 33 432
1290 1632 137 42 (1906),
1448 1644 51 22 we

412 1679 155 34 declined
585 1685 35 29 to
637 1679 94 35 draw
749 1691 20 23 a
787 1680 198 36 distinction
1004 1681 154 34 between
1176 1682 139 43 larceny
1332 1682 68 34 and
1418 1682 79 34 bur-

411 1729 107 43 glary,
540 1729 67 34 and
628 1729 180 44 explained
829 1730 59 34 the
908 1731 83 34 rule:

574 1830 94 34 Such
683 1830 161 35 evidence
857 1831 105 35 raises
976 1843 44 23 no
1033 1832 236 44 presumption
1283 1832 39 35 of
1331 1833 65 34 law
1409 1844 38 23 as
1461 1838 35 30 to

484 1879 58 35 the
551 1880 87 42 guilt
647 1880 40 34 of
693 1880 59 35 the
761 1881 158 41 accused,
930 1881 62 34 but
1001 1882 80 43 only
1091 1887 166 29 warrants
1267 1893 44 23 an
1321 1882 175 35 inference

483 1929 39 34 of
547 1929 83 41 fact,
659 1930 39 34 of
723 1941 96 24 more
847 1941 37 24 or
913 1931 65 34 less
1006 1932 127 42 weight
1161 1932 184 43 according
1373 1937 35 30 to
1436 1933 59 34 the

483 1979 188 43 particular
684 1979 269 35 circumstances
967 1980 39 35 of
1017 1981 85 34 each
1117 1992 89 30 case,
1221 1982 111 33 which
1346 1982 59 34 the
1414 1982 81 43 jury

483 2039 81 33 may
573 2028 94 35 draw
676 2029 189 35 therefrom
875 2040 37 24 as
923 2035 35 29 to
968 2030 52 34 his
1029 2030 97 43 guilt.
1138 2031 31 33 It
1179 2031 118 34 makes
1306 2042 20 23 a
1336 2031 157 43 question

483 2077 53 35 for
557 2078 59 34 the
632 2078 91 44 jury,
746 2079 68 34 and
835 2079 28 35 is
884 2080 171 34 sufficient
1076 2085 35 29 to
1132 2086 149 29 warrant
1302 2081 192 34 conviction

482 2127 113 35 where
617 2128 26 34 it
665 2128 141 35 induces
828 2129 34 34 in
884 2129 60 35 the
965 2130 113 34 minds
1100 2130 39 34 of
1158 2130 58 34 the
1233 2131 81 43 jury
1335 2142 20 23 a
1378 2131 115 41 belief,

483 2177 134 44 beyond
628 2189 20 23 a
660 2179 202 34 reasonable
873 2179 119 41 doubt,
1004 2179 39 34 of
1051 2179 59 34 the
1120 2180 87 42 guilt
1218 2180 39 34 of
1265 2180 59 34 the
1334 2181 158 34 accused.

507 2254 74 34 The
590 2254 174 34 inference
772 2255 73 34 also
853 2255 106 35 arises
969 2255 34 34 in
1012 2266 96 24 cases
1117 2256 39 34 of
1161 2256 156 44 robbery,
1327 2256 99 35 when
1435 2257 59 34 the

284 2302 189 35 defendant
491 2303 27 34 is
537 2303 34 34 in
590 2304 170 34 exclusive
777 2305 191 43 possession
987 2305 39 34 of
1040 2311 161 38 property
1218 2306 117 34 shown
1353 2311 35 29 to
1407 2307 87 33 have

284 2352 86 34 been
385 2353 151 43 recently
550 2354 103 34 taken
668 2354 34 34 in
717 2365 20 23 a
751 2354 156 44 robbery.
924 2356 43 33 67
982 2356 80 33 Am.
1078 2356 72 33 Jur.
1166 2355 56 41 2d,
1235 2355 163 44 Robbery
1414 2356 17 42 §
1449 2358 41 32 53

285 2401 137 43 (1985).
434 2403 68 34 See
511 2402 103 35 Shell
623 2414 30 23 v.
665 2404 112 40 State,
791 2405 44 33 84
846 2405 84 33 Ark.
945 2405 157 40 344, 105
1115 2405 93 34 S.W.
1223 2407 65 33 575
1303 2405 137 43 (1907).
1454 2407 39 33 In
