1632 2688
309 258 67 33 206

395 867 153 35 Skinner
569 869 31 33 &
622 869 130 39 Heuer,
774 868 54 43 by:
849 869 88 33 Sam
962 870 34 32 T.
1018 870 130 38 Heuer,
1170 868 52 34 for
1242 868 186 46 appellant.

395 943 216 44 Highsmith,
627 944 122 44 Gregg,
763 946 102 38 Hart,
880 946 119 33 Farris
1013 946 31 33 &
1058 944 186 45 Rutledge,
1257 945 54 43 by:
1324 944 191 44 Josephine

305 995 35 33 L.
362 995 104 39 Hart,
488 993 53 35 for
561 994 164 44 appellee.

396 1071 153 34 Robert
562 1072 45 33 H.
621 1072 169 39 Dudley,
803 1071 141 35 Justice.

957 1072 74 34 The
1043 1072 95 34 basic
1150 1072 90 34 issue
1252 1072 34 34 in
1298 1072 68 34 this
1378 1072 137 35 divorce

304 1131 80 23 case
394 1120 27 34 is
431 1120 153 34 whether
594 1121 59 33 the
662 1121 195 34 chancellor
867 1122 167 42 correctly
1044 1121 137 36 divided
1191 1122 139 34 marital
1341 1127 171 38 property.

305 1170 65 33 We
390 1169 132 43 modify
542 1169 67 35 and
630 1170 113 34 affirm
763 1170 59 34 the
841 1170 143 36 division
1005 1170 39 35 of
1061 1176 171 38 property.

394 1245 78 34 Tim
487 1245 121 41 Addis,
624 1246 186 43 appellant,
826 1246 68 34 and
911 1247 179 34 Elizabeth
1106 1246 122 41 Addis,
1243 1247 166 43 appellee,
1424 1258 90 24 were

304 1295 149 34 married
471 1295 34 34 in
528 1296 98 33 1966.
645 1295 97 44 They
760 1296 86 35 have
864 1307 20 23 a
903 1297 44 33 22
965 1307 81 32 year
1064 1296 56 35 old
1139 1307 71 30 son,
1230 1297 110 40 Dean,
1359 1296 68 35 and
1445 1302 68 29 two

303 1344 111 34 minor
426 1344 198 43 daughters,
636 1345 177 43 Timberly
824 1345 69 35 and
906 1346 200 34 Katherine.
1119 1346 189 44 Appellant
1319 1347 28 34 is
1359 1358 20 23 a
1390 1347 122 34 veteri-

303 1394 121 34 narian
441 1394 180 43 employed
638 1394 45 44 by
699 1395 59 34 the
774 1395 130 35 United
921 1395 116 35 States
1055 1396 229 43 Department
1300 1396 40 34 of
1352 1396 159 43 Agricul-

302 1448 77 29 ture
394 1454 37 24 as
448 1454 44 24 an
508 1444 171 44 inspector
695 1444 81 34 with
793 1455 20 24 a
829 1445 83 34 base
927 1455 67 33 pay
1009 1445 39 34 of
1062 1446 210 40 $32,858.00
1287 1456 60 33 per
1363 1457 91 32 year.
1473 1446 39 34 In

302 1493 89 34 June
416 1494 99 40 1982,
537 1494 175 43 appellant
733 1494 67 34 and
822 1495 99 33 Dean
943 1494 135 35 formed
1099 1506 20 23 a
1141 1495 217 44 partnership
1379 1495 54 35 for
1453 1496 59 34 the

302 1553 147 33 purpose
477 1543 39 34 of
541 1543 179 43 operating
749 1554 20 23 a
798 1543 108 44 dairy.
936 1544 74 34 The
1038 1544 196 34 chancellor
1263 1544 161 35 awarded
1454 1545 59 35 the

302 1592 155 43 appellee
468 1593 184 40 $8,500.00
663 1604 37 23 as
711 1593 58 34 the
779 1604 77 24 sum
867 1594 101 43 equal
980 1599 35 29 to
1025 1594 159 35 one-half
1191 1594 39 34 of
1238 1594 204 44 appellant’s
1454 1600 58 29 net

302 1642 141 34 interest
455 1642 34 35 in
502 1642 58 35 the
571 1643 227 43 partnership.
811 1643 74 35 The
897 1644 205 43 appellant’s
1114 1644 74 35 first
1199 1649 183 38 argument
1394 1644 28 35 is
1434 1644 77 35 that

302 1692 67 34 this
390 1692 115 34 award
526 1692 27 34 is
574 1692 33 34 in
628 1693 58 34 the
706 1703 116 33 wrong
843 1698 154 30 amount.

531 1768 119 35 Under
674 1769 59 34 the
757 1769 164 35 Uniform
946 1770 221 43 Partnership
1191 1771 79 40 Act,
1295 1781 21 24 a
1341 1771 168 43 partner’s

301 1818 107 42 rights
433 1818 34 33 in
490 1818 138 43 specific
651 1819 218 43 partnership
893 1824 108 29 assets
1025 1830 59 24 are
1107 1820 97 34 those
1227 1820 39 34 of
1286 1831 20 23 a
1330 1825 120 29 tenant
1474 1820 34 35 in

300 1867 227 43 partnership.
542 1868 84 34 Ark.
641 1868 89 34 Stat.
745 1869 91 34 Ann.
853 1869 18 42 §
887 1869 129 34 65-125
1034 1869 115 43 (Repl.
1169 1869 115 43 1980).
1298 1871 49 34 At
1360 1869 147 41 divorce,

300 1916 34 34 in
356 1916 229 44 determining
607 1917 58 35 the
687 1918 108 43 rights
817 1918 39 34 of
875 1929 20 23 a
918 1918 159 35 husband
1098 1929 38 24 or
1157 1919 79 34 wife
1257 1924 35 29 to
1314 1930 19 24 a
1356 1920 152 43 spouse’s

299 1967 217 43 partnership
540 1967 151 41 interest,
715 1978 20 24 a
759 1973 98 29 court
880 1973 127 29 cannot
1031 1969 102 34 make
1155 1969 137 43 specific
1315 1969 133 34 awards
1472 1969 40 36 of

299 2016 217 43 partnership
533 2022 135 29 asserts.
686 2017 75 34 The
776 2023 99 28 court
891 2023 93 29 must
1001 2018 190 34 determine
1207 2018 58 35 the
1280 2019 101 34 value
1396 2018 39 35 of
1449 2019 59 34 the

299 2065 141 34 interest
452 2065 34 34 in
499 2066 58 33 the
569 2066 217 43 partnership
798 2066 69 35 and
879 2067 82 34 then
974 2067 116 34 award
1103 2067 59 34 the
1173 2078 122 33 spouse
1307 2079 44 23 an
1364 2073 144 32 amount

299 2114 101 43 equal
422 2120 35 28 to
479 2115 158 34 one-half
656 2115 39 34 of
714 2116 59 33 the
793 2116 101 34 value
915 2116 40 34 of
974 2116 58 34 the
1054 2117 151 40 interest,
1228 2117 111 35 which
1362 2128 81 32 may
1464 2117 44 35 be

299 2163 161 34 enforced
473 2164 44 42 by
528 2175 20 23 a
560 2164 166 43 charging
737 2164 100 35 order
848 2176 44 23 on
904 2165 59 34 the
974 2166 217 43 partnership
1202 2166 151 34 interest.
1365 2166 144 43 Riegler

297 2224 30 23 v.
348 2213 152 43 Riegler,
522 2214 65 33 243
610 2214 84 34 Ark.
721 2215 74 40 113,
817 2215 68 34 419
906 2214 142 35 S.W.2d
1070 2216 63 33 311
1159 2215 137 43 (1967).

388 2289 74 34 The
474 2290 176 43 appellant
662 2290 148 34 testified
823 2290 77 35 that
913 2291 58 34 the
984 2291 173 35 liabilities
1169 2291 40 35 of
1218 2292 59 34 the
1289 2292 218 44 partnership

297 2350 89 23 were
406 2340 208 40 $86,000.00
634 2345 36 29 at
689 2340 60 34 the
767 2340 81 35 date
867 2340 39 35 of
922 2341 59 34 the
999 2341 89 34 trial.
1111 2342 55 34 He
1185 2342 148 34 testified
1352 2342 77 35 that
1448 2342 59 35 the

297 2394 108 28 assets
421 2400 88 23 were
524 2390 109 33 worth
650 2390 219 40 $79,000.00.
887 2391 56 34 An
960 2391 230 43 independent
1205 2391 137 35 witness
1358 2392 149 36 testified
