1656 2696
137 398 69 34 and
219 399 91 33 club.
325 398 74 34 The
412 398 168 43 complex,
594 397 166 44 expected
773 402 36 29 to
822 402 164 38 generate
999 397 174 40 $287,000
1187 396 164 43 annually

137 448 35 34 in
186 459 74 23 new
274 448 88 34 sales
376 453 58 29 tax
448 447 68 35 and
531 448 175 40 $432,000
719 447 34 34 in
767 446 171 35 turnback
950 446 116 40 funds,
1080 446 28 34 is
1121 445 179 35 described
1313 456 38 23 as

138 498 122 34 “labor
285 497 165 41 intense,”
477 497 197 44 employing
699 508 20 23 a
744 496 83 44 high
851 501 209 39 percentage
1083 495 39 35 of
1144 505 114 34 young
1282 494 69 35 and

139 548 163 43 minority
316 548 204 43 employees.
536 547 75 34 The
625 546 195 44 Municipal
834 546 236 40 Auditorium,
1084 545 113 34 which
1210 545 62 34 has
1286 545 66 34 lost

139 609 125 32 money
279 597 222 43 consistently
516 597 94 34 since
628 598 89 33 1970
734 596 166 43 ($97,000
916 596 34 34 in
969 595 105 43 1984)
1091 595 69 34 and
1174 595 60 34 the
1247 595 104 40 hotel,

140 647 183 44 separated
332 647 45 44 by
387 647 42 34 “a
439 647 65 34 few
514 646 105 41 feet”,
629 657 60 24 are
698 645 164 45 expected
871 651 36 29 to
915 645 225 44 compliment
1149 645 86 34 each
1243 644 108 35 other.

1281 255 66 34 297

232 733 282 44 Unfortunately,
541 733 60 34 the
624 732 80 35 trial
729 737 98 30 court
852 731 103 36 made
980 742 44 24 no
1049 732 72 34 real
1146 736 148 39 attempt
1318 736 36 29 to

141 783 192 35 determine
344 783 152 34 whether
507 783 60 34 the
577 782 145 35 benefits
734 787 36 30 to
780 782 43 35 be
833 781 139 35 derived
983 782 46 43 by
1041 782 51 34 Ft.
1105 781 126 41 Smith,
1242 781 113 34 which

142 845 59 23 are
214 833 248 41 considerable,
476 832 173 44 outweigh
663 832 98 35 those
773 837 36 30 to
821 832 44 34 be
877 831 126 44 gained
1016 832 46 43 by
1074 831 60 35 the
1146 831 208 44 developers,

142 883 178 43 assuming
341 883 59 34 the
417 888 144 29 venture
582 882 173 35 succeeds.
777 881 169 42 Granted,
967 882 60 34 the
1046 886 176 40 operators
1242 880 113 35 would

142 933 129 35 benefit
289 944 79 23 over
385 938 57 30 ten
461 944 98 32 years
578 933 45 43 by
641 943 95 24 some
753 932 97 35 three
867 932 133 34 million
1017 931 127 35 dollars
1162 931 35 35 in
1215 931 141 35 interest

143 994 149 33 expense
302 983 30 34 if
340 983 96 34 these
446 983 110 34 bonds
567 994 89 23 were
667 982 139 44 upheld,
817 982 63 34 but
890 982 60 34 the
961 982 82 43 City
1053 981 40 35 of
1102 982 51 34 Ft.
1165 981 114 35 Smith
1290 992 66 23 can

144 1039 122 38 expect
277 1039 36 28 to
324 1033 114 34 derive
449 1044 106 32 many
565 1033 102 34 times
679 1032 76 35 that
767 1037 143 30 amount
922 1032 34 34 in
968 1031 110 35 direct
1089 1031 145 35 benefits
1246 1031 110 41 alone,

143 1083 147 35 without
310 1083 207 44 attempting
537 1088 36 29 to
594 1082 158 35 evaluate
772 1082 59 35 the
850 1081 147 35 indirect
1016 1081 156 35 benefits.

235 1170 75 34 The
333 1170 50 34 Ft.
406 1169 114 35 Smith
542 1169 159 44 complex
722 1169 27 35 is
771 1168 150 36 handled
943 1168 167 45 precisely
1131 1179 37 24 as
1190 1179 89 24 were
1299 1167 59 35 the

145 1220 162 34 facilities
329 1220 34 34 in
386 1220 82 34 both
490 1221 125 33 Purvis
637 1230 107 30 cases,
767 1219 59 35 the
847 1219 70 44 city
938 1229 94 24 owns
1054 1218 59 35 the
1134 1218 134 44 facility
1289 1217 69 35 and

145 1270 131 43 merely
289 1270 108 34 leases
411 1270 26 34 it
450 1275 36 29 to
498 1270 60 34 the
571 1269 181 44 developer
765 1280 44 23 on
822 1280 45 23 an
880 1268 170 35 extended
1064 1268 102 35 basis.
1180 1268 74 34 The
1267 1268 91 34 lease

146 1319 119 44 period
274 1320 82 34 here
364 1320 27 34 is
401 1319 53 34 for
463 1331 44 23 an
516 1319 112 34 initial
637 1324 90 29 term
735 1318 39 35 of
780 1319 226 43 twenty-nine
1014 1329 110 33 years,
1133 1318 83 34 with
1224 1318 134 43 options

146 1369 54 35 for
212 1380 100 24 seven
325 1369 190 35 additional
527 1374 107 29 terms
646 1368 39 35 of
694 1373 58 30 ten
763 1379 98 33 years
873 1368 97 35 each.
984 1368 40 34 In
1035 1369 124 33 Purvis
1170 1369 20 32 I
1198 1367 59 35 the
1267 1367 92 34 lease

145 1430 71 24 was
232 1419 53 34 for
300 1419 191 44 fifty-three
505 1430 100 32 years
620 1418 83 35 with
718 1418 134 44 options
867 1418 54 34 for
936 1429 20 23 a
971 1418 87 34 total
1073 1417 39 35 of
1124 1428 65 24 one
1203 1416 156 35 hundred

147 1469 69 35 and
232 1469 98 35 three
345 1480 108 33 years.
470 1469 75 34 The
561 1468 199 44 legislature
776 1468 62 35 has
854 1468 99 43 given
969 1467 177 44 authority
1161 1472 36 30 to
1212 1467 97 35 cities
1325 1472 35 29 to

147 1520 93 34 lease
252 1519 152 44 publicly
415 1518 120 36 owned
548 1523 162 40 property
722 1523 36 30 to
770 1518 132 44 private
913 1522 177 40 operators
1102 1517 35 35 in
1150 1528 20 24 a
1181 1517 132 44 variety
1324 1516 40 35 of

147 1570 173 34 instances
337 1569 73 43 (see
424 1569 69 34 Act
512 1570 63 33 175
592 1568 39 35 of
647 1568 117 43 1961),
780 1568 68 35 and
863 1569 69 33 Act
951 1569 65 33 142
1031 1567 39 35 of
1086 1568 86 34 1975
1188 1567 173 44 expressly

147 1619 155 34 includes
312 1624 60 28 not
380 1619 80 42 only
468 1619 60 33 the
537 1629 115 32 power
661 1623 36 29 to
706 1618 92 34 lease
806 1618 123 34 tourist
938 1617 162 35 facilities
1109 1617 62 34 but
1181 1617 58 34 the
1248 1627 113 33 power

147 1673 36 28 to
198 1668 61 33 sell
274 1668 99 33 those
387 1667 160 34 facilities
563 1678 38 23 as
615 1667 87 33 well.
718 1667 106 40 Thus,
840 1678 83 22 even
938 1666 30 34 if
980 1666 26 34 it
1021 1666 102 34 could
1137 1666 43 34 be
1194 1666 167 42 correctly

148 1716 75 33 said
235 1716 77 33 that
323 1716 67 33 this
402 1716 134 42 facility
547 1726 70 23 was
629 1715 167 43 privately
807 1715 120 34 owned
939 1714 69 34 and
1020 1715 167 42 privately
1197 1714 163 43 operated

148 1765 77 33 that
246 1764 114 34 would
381 1769 70 35 not,
473 1764 74 43 ipso
568 1764 106 40 facto,
697 1764 100 33 settle
817 1764 59 34 the
897 1763 91 34 issue
1009 1763 39 34 of
1066 1763 117 43 public
1203 1773 156 33 purpose.

153 1813 173 44 Wayland
349 1825 30 23 v.
406 1814 133 43 Snapp,
569 1814 68 33 232
663 1813 85 34 Ark.
778 1814 55 40 57,
861 1813 68 34 334
956 1811 144 36 S.W.2d
1127 1813 66 33 633
1224 1811 137 44 (1960);

148 1863 166 36 Lambert
325 1875 30 24 v.
372 1863 128 45 Wharf
502 1865 257 43 Improvement
770 1865 89 33 Dist.
872 1864 67 34 No.
955 1864 16 33 1
987 1862 46 45 of
1035 1861 149 43 Helena,
1200 1863 64 34 174
1276 1862 85 35 Ark.

149 1916 81 40 478,
252 1916 66 33 295
340 1915 94 34 S.W.
456 1915 68 34 730
547 1913 138 44 (1927).

242 2002 31 33 It
289 2001 122 43 hardly
426 2000 87 35 need
529 2001 44 34 be
588 2000 198 35 mentioned
801 2000 77 35 that
893 2000 146 35 tourism
1054 2000 28 34 is
1097 1999 39 35 of
1148 2000 74 34 first
1237 1999 125 44 impor-

150 2056 103 29 tance
269 2056 36 29 to
322 2051 189 34 Arkansas.
531 2051 31 34 It
579 2051 27 34 is
624 2050 130 35 crucial
771 2055 36 30 to
824 2061 62 23 our
903 2061 178 32 economy,
1100 2049 189 44 producing
1310 2050 52 33 1.7

150 2101 120 34 billion
280 2100 126 35 dollars
415 2101 35 33 in
464 2101 99 40 1984,
573 2111 20 23 a
603 2100 107 44 thirty
719 2105 141 39 percent
868 2100 155 34 increase
1031 2110 80 23 over
1119 2099 51 34 six
1179 2110 98 32 years
1287 2109 75 32 ago.

150 2151 76 34 The
248 2150 198 43 legislature
468 2150 62 34 has
553 2149 162 35 declared
737 2149 245 44 categorically
1003 2149 78 34 that
1102 2148 145 35 tourism
1269 2148 28 34 is
1320 2159 44 23 an

151 2200 158 43 industry
322 2200 68 34 and
403 2200 68 34 this
484 2205 99 29 court
595 2200 63 34 has
671 2199 122 44 placed
806 2199 43 35 its
862 2199 221 44 imprimatur
1095 2209 44 24 on
1152 2198 76 35 that
1241 2198 122 44 policy.

151 2252 126 32 Purvis
290 2261 30 23 v.
338 2251 79 41 City
432 2249 46 44 of
485 2249 106 35 Little
605 2249 111 39 Rock,
732 2260 120 32 supra,
868 2259 32 33 p.
921 2249 75 34 109.
1012 2249 70 33 Yet
1097 2248 82 34 here
1192 2259 52 23 we
1257 2247 72 34 find
1344 2258 20 23 a

152 2299 205 35 convention
374 2299 157 43 complex
548 2299 35 34 in
601 2299 59 34 the
677 2299 97 34 strict
791 2309 108 30 sense,
918 2298 146 44 capable
1080 2297 40 35 of
1134 2297 145 43 housing
1298 2298 67 33 600

152 2349 280 34 conventioneers
445 2348 68 35 and
526 2348 179 44 providing
717 2348 60 34 the
788 2347 166 45 expected
966 2347 328 41 accommodations,
1307 2347 60 34 the

152 2399 81 43 only
255 2409 65 24 one
341 2398 39 35 of
399 2399 43 34 its
464 2398 83 34 kind
569 2398 35 34 in
627 2399 51 33 Ft.
702 2398 126 41 Smith,
851 2398 102 42 being
976 2396 161 44 rejected,
1160 2401 60 30 not
1241 2396 45 44 by
1307 2396 60 34 the
