1632 2696
100 424 154 44 dividing
266 424 59 34 the
337 429 171 38 property,
520 423 132 43 finding
663 423 78 34 that
753 423 172 43 Lawyer’s
937 422 223 34 termination
1172 421 144 34 benefits

102 474 109 35 under
235 475 52 33 his
310 479 156 29 contract
489 471 39 36 of
548 473 235 43 employment
806 483 60 23 are
888 472 140 34 marital
1051 476 172 39 property,
1248 470 68 35 and

101 524 154 42 dividing
274 524 98 33 those
389 523 144 34 benefits
552 523 35 34 in
605 533 21 24 a
645 533 144 23 manner
807 527 36 29 to
861 521 43 35 be
921 521 151 35 detailed
1091 521 87 34 later
1196 521 34 33 in
1249 520 67 34 this

101 574 151 43 opinion.

1251 280 63 34 129

195 660 144 43 Lawyer
352 659 61 35 has
426 658 180 45 appealed,
620 658 147 44 arguing
782 655 53 46 (1)
850 658 77 34 that
939 657 44 35 he
995 656 124 35 should
1132 657 87 34 have
1231 656 86 35 been

102 710 101 43 given
225 709 145 44 custody
390 709 39 34 of
447 709 60 34 the
527 708 156 35 children
705 707 69 36 and
795 707 174 36 therefore
990 707 192 44 possession
1203 706 39 35 of
1259 706 60 35 the

103 759 123 44 family
237 759 186 41 residence,
434 759 68 34 and
514 758 54 43 (2)
580 759 78 34 that
668 758 52 34 his
730 758 148 44 possible
887 757 223 35 termination
1121 757 144 34 benefits
1274 756 45 35 do

104 815 60 29 not
193 809 187 35 constitute
408 809 139 34 marital
576 813 173 39 property.
778 808 75 34 The
880 818 81 24 case
989 818 116 24 comes
1134 812 35 29 to
1198 817 39 24 us
1266 806 54 35 for

103 859 237 34 construction
359 858 39 35 of
415 859 59 34 the
494 858 140 35 marital
655 863 161 39 property
836 862 140 30 statute.
998 857 91 34 Rule
1109 855 171 44 29(l)(c).

337 945 57 35 On
415 945 59 34 the
495 945 75 34 first
591 944 92 35 issue
703 953 52 25 we
776 944 44 34 do
841 948 60 30 not
922 943 72 35 find
1015 943 60 34 the
1096 942 224 35 chancellor’s

105 995 153 35 decision
270 1001 36 28 to
318 995 43 34 be
372 995 128 43 clearly
512 1004 195 25 erroneous.
721 995 97 33 Most
829 993 40 35 of
877 993 87 35 each
976 993 153 44 spouse’s
1141 992 102 45 proof
1251 1003 70 24 was

105 1045 133 34 offered
263 1050 36 29 to
322 1045 93 34 show
440 1045 59 34 the
523 1044 128 35 other’s
676 1043 226 35 misconduct.
928 1043 150 35 Neither
1102 1043 62 34 has
1189 1041 87 36 been
1300 1053 20 24 a

106 1094 143 35 faithful
267 1100 140 38 partner
424 1094 34 34 in
475 1094 60 34 the
552 1094 184 43 marriage,
755 1093 62 35 but
833 1093 145 43 nothing
995 1093 114 34 would
1126 1093 43 34 be
1186 1103 134 24 accom­

106 1144 134 44 plished
254 1144 45 43 by
312 1155 20 23 a
346 1144 181 34 recitation
540 1143 39 35 of
589 1144 60 34 the
661 1143 186 44 testimony
860 1143 34 34 in
907 1143 118 34 detail.
1039 1143 75 34 The
1126 1142 196 35 chancellor

105 1194 167 34 observed
285 1194 77 34 that
374 1194 84 34 both
470 1194 60 34 the
543 1193 115 35 father
671 1193 69 34 and
753 1193 59 34 the
824 1193 135 34 mother
972 1190 70 37 had
1055 1192 87 35 been
1155 1192 167 34 excellent

106 1249 151 38 parents.
269 1244 39 33 In
318 1243 159 43 deciding
486 1243 78 35 that
572 1253 45 24 an
627 1242 118 35 award
753 1242 40 35 of
798 1242 145 44 custody
952 1247 36 29 to
997 1242 60 34 the
1065 1242 136 34 mother
1209 1241 112 35 would

106 1294 44 33 be
160 1293 35 34 in
206 1293 60 34 the
276 1294 76 34 best
363 1293 141 34 interest
514 1293 40 34 of
561 1293 60 34 the
630 1292 167 41 children,
808 1291 59 36 the
877 1289 197 38 chancellor
1085 1291 201 35 considered
1297 1291 26 35 it

107 1343 191 44 important
311 1343 76 34 that
400 1343 61 34 she
474 1342 69 35 had
557 1343 87 34 been
659 1347 37 30 at
708 1342 103 35 home
824 1342 104 35 much
942 1341 39 35 of
991 1342 60 34 the
1063 1342 85 34 time
1161 1341 69 35 and
1243 1341 79 35 thus

107 1393 70 35 had
187 1393 69 35 had
266 1404 20 24 a
295 1393 92 35 close
395 1393 225 44 relationship
628 1392 84 35 with
720 1392 60 35 the
788 1392 165 35 children.
965 1392 66 34 We
1039 1397 91 36 note,
1140 1397 68 36 too,
1217 1391 77 35 that
1302 1402 20 24 a

108 1444 147 34 number
274 1443 39 35 of
328 1443 183 44 neighbors
530 1442 150 36 testified
700 1442 91 35 from
809 1442 89 35 their
916 1453 76 24 own
1011 1441 217 36 observation
1247 1441 77 35 that

109 1495 88 33 Mrs.
212 1494 144 43 Lawyer
368 1493 68 35 had
449 1493 87 35 been
548 1504 21 24 a
581 1493 70 35 fine
662 1493 146 35 mother.
823 1493 39 34 In
874 1492 145 44 custody
1031 1503 97 24 cases
1140 1492 184 44 especially

107 1555 52 23 we
177 1543 120 35 attach
315 1549 98 37 great
430 1543 127 43 weight
575 1549 36 29 to
628 1543 60 35 the
705 1543 215 35 conclusions
938 1541 150 36 reached
1106 1542 45 44 by
1168 1542 60 35 the
1245 1542 79 34 trial

104 1593 119 43 judge.
246 1594 95 33 Here
360 1604 51 23 we
430 1598 128 29 cannot
578 1604 62 32 say
659 1593 77 34 that
756 1593 44 34 he
819 1603 69 24 was
909 1592 129 43 clearly
1057 1602 128 33 wrong.

199 1678 76 33 The
293 1678 98 34 other
411 1678 91 34 issue
521 1678 28 33 is
568 1678 155 34 whether
742 1678 172 42 Lawyer’s
933 1677 150 43 possible
1102 1677 222 34 termination

108 1737 68 33 pay
186 1727 28 34 is
225 1727 139 34 marital
374 1732 162 38 property
545 1727 135 43 subject
689 1732 36 29 to
734 1726 155 35 division.
901 1727 39 33 In
954 1726 100 41 1973,
1065 1726 51 34 six
1126 1736 98 34 years
1235 1725 90 35 after

108 1777 61 33 the
177 1777 184 42 marriage,
371 1777 144 43 Lawyer
524 1776 114 43 began
646 1776 153 43 working
808 1787 38 23 as
855 1787 20 23 a
884 1776 89 34 local
982 1780 105 38 agent
1096 1775 54 34 for
1158 1775 59 34 the
1225 1775 100 34 State

111 1826 103 34 Farm
231 1826 183 34 insurance
429 1825 199 44 companies
645 1825 69 35 and
730 1836 69 24 was
816 1825 68 35 still
900 1835 38 24 so
954 1824 182 44 employed
1151 1825 99 34 when
1267 1824 59 35 the

109 1886 81 24 case
201 1887 70 23 was
284 1873 88 37 tried
384 1875 34 34 in
435 1876 99 34 1984.
549 1875 65 34 His
627 1875 234 44 employment
872 1879 158 30 contract
1041 1874 157 44 provides
1210 1874 76 35 that
1299 1874 30 34 if

109 1926 60 34 the
178 1930 158 30 contract
345 1925 27 34 is
383 1925 209 35 terminated
602 1925 45 44 by
657 1924 110 36 either
776 1930 111 39 party,
898 1925 44 34 he
951 1924 69 35 will
1029 1924 44 35 be
1082 1924 143 35 entitled
1235 1929 35 30 to
1280 1925 44 34 60

109 1976 159 43 monthly
281 1975 230 35 installments
524 1975 40 34 of
574 1975 223 35 termination
811 1985 77 34 pay,
903 1974 107 35 based
1023 1985 93 33 upon
1130 1985 20 24 a
1164 1974 160 44 specified

109 2030 210 39 percentage
333 2025 39 35 of
383 2025 52 35 his
451 2025 161 43 earnings
627 2025 125 43 during
767 2025 52 34 his
834 2025 83 34 final
932 2035 82 33 year
1029 2024 40 35 of
1080 2025 244 43 employment.

109 2075 75 34 The
194 2075 80 35 trial
285 2080 109 36 court,
406 2075 132 44 relying
548 2086 44 24 on
603 2076 79 42 Day
691 2086 31 23 v.
733 2076 90 42 Day,
835 2076 64 33 281
913 2075 86 34 Ark.
1012 2075 158 40 261, 663
1183 2073 142 36 S.W.2d

110 2126 68 34 719
192 2124 139 44 (1984),
343 2125 68 35 and
422 2125 130 43 Gentry
561 2136 31 23 v.
604 2125 142 43 Gentry,
758 2126 68 33 282
836 2125 85 34 Ark.
932 2125 160 41 413, 668
1104 2124 143 35 S.W.2d
1258 2125 66 34 947

112 2175 140 43 (1984),
279 2175 80 34 held
385 2175 77 34 that
488 2175 59 34 the
573 2180 183 39 payments
782 2174 68 35 will
877 2175 43 34 be
946 2174 140 35 marital
1113 2179 161 39 property
1300 2173 30 35 if

110 2225 168 34 received.
302 2226 51 42 By
373 2230 148 39 request,
544 2225 101 34 State
667 2225 104 34 Farm
792 2224 195 35 calculated
1008 2224 77 35 that
1106 2224 30 34 if
1155 2224 172 43 Lawyer’s

110 2280 159 30 contract
278 2286 90 23 were
377 2274 209 35 terminated
597 2280 36 29 at
643 2274 60 35 the
712 2274 85 35 time
806 2274 40 35 of
852 2274 91 41 trial,
954 2274 44 35 he
1007 2274 114 35 would
1132 2274 43 34 be
1185 2273 143 35 entitled

110 2330 36 29 to
157 2325 134 34 receive
302 2325 125 41 $1,288
440 2336 20 23 a
471 2325 121 34 month
604 2324 54 35 for
669 2325 65 34 five
744 2335 110 33 years.
866 2324 75 35 The
950 2324 123 34 decree
1084 2323 156 45 provides
1252 2323 76 35 that

111 2374 30 34 if
154 2375 225 34 termination
396 2379 181 39 payments
595 2385 60 23 are
671 2374 114 40 made,
804 2373 87 35 Mrs.
910 2374 155 43 Lawyer,
1082 2373 30 35 if
1126 2373 69 35 still
1211 2373 116 43 living,

111 2424 69 34 will
199 2424 133 34 receive
349 2423 77 35 half
441 2423 39 35 of
495 2423 86 35 each
600 2428 176 39 payment,
795 2428 60 30 not
872 2428 36 29 to
926 2422 127 35 exceed
1072 2423 92 37 $644
1184 2422 94 43 (half
1293 2422 39 34 of
