1670 2701
1290 273 66 34 587

193 413 448 41 ROBERTS-McNUTT,
663 414 98 34 INC.
783 425 28 23 v.
834 414 156 34 Michael
1011 414 30 34 J.
1063 414 248 34 WILLIAMS

145 479 131 34 85-177

1062 480 67 34 708
1151 479 142 35 S.W.2d
1315 480 43 33 87

474 543 171 45 Supreme
664 545 112 34 Court
796 544 38 35 of
851 545 179 34 Arkansas

424 593 152 45 Opinion
596 593 173 36 delivered
789 594 100 44 April
910 595 56 39 21,
992 595 87 34 1986

431 643 193 39 [Rehearing
643 643 113 32 denied
775 644 80 38 May
873 644 51 36 27,
947 643 126 40 1986.*]

237 1063 140 44 Friday,
392 1063 177 44 Eldredge
585 1065 31 32 &
635 1063 120 41 Clark,
770 1064 55 44 by:
844 1064 154 35 William
1012 1066 52 33 M.
1081 1065 132 43 Griffin,
1229 1066 63 40 III,
1306 1065 54 34 for

145 1112 188 45 appellant.

238 1179 100 33 Laws
370 1179 31 33 &
432 1179 129 39 Swain,
593 1180 95 40 P.A.,
720 1178 55 44 by:
811 1179 163 44 Timothy
1009 1181 45 33 W.
1087 1179 189 41 Murdoch,
1307 1180 54 34 for

145 1227 167 44 appellee.

238 1293 156 34 Robert
403 1293 172 41 Branch,
585 1293 139 43 Special
734 1294 140 34 Justice.

887 1295 65 33 We
961 1294 146 42 granted
1117 1295 122 34 review
1248 1294 39 35 of
1294 1294 67 35 this

145 1352 81 25 case
235 1341 149 36 because
393 1342 59 35 the
461 1342 111 35 Court
581 1342 40 35 of
627 1343 153 44 Appeals
790 1354 69 24 was
869 1343 120 44 evenly
998 1343 138 35 divided
1145 1355 44 24 on
1199 1344 59 35 the
1266 1344 94 35 main

146 1391 103 41 issue,
262 1392 332 40 Roberts-McNutt,
609 1394 69 34 Inc.
691 1404 31 23 v.
740 1392 184 42 Williams,
941 1394 40 34 15
995 1394 85 35 Ark.
1095 1394 91 44 App.
1200 1395 79 40 240,
1294 1395 63 34 691

146 1441 36 35 S.W.2d
187 1441 104 35 887
301 1441 216 44 (1985),
527 1442 69 35 and
605 1442 149 36 because
763 1443 26 34 it
798 1443 148 35 involves
955 1454 20 23 a
985 1449 128 29 matter
1121 1443 40 35 of
1166 1444 196 43 significant

146 1491 118 44 public
284 1492 151 35 interest.

239 1557 156 34 Michael
416 1558 29 33 J.
469 1557 173 35 Williams
662 1568 70 25 was
754 1558 145 43 granted
920 1558 160 35 workers’
1102 1559 260 44 compensation

146 1616 84 24 even
247 1606 132 44 though
396 1607 43 35 he
454 1607 124 44 falsely
594 1607 220 44 represented
830 1618 44 24 on
890 1608 52 34 his
959 1608 235 44 employment
1209 1609 151 43 applica-

146 1655 73 36 tion
234 1655 77 35 that
324 1656 44 34 he
382 1656 68 34 had
465 1667 44 24 no
523 1656 158 44 previous
695 1656 124 45 injury.
834 1657 75 35 The
922 1658 173 44 pertinent
1109 1658 90 35 facts
1213 1669 59 24 are
1286 1659 76 34 that

147 1704 174 37 Williams
341 1705 150 36 suffered
512 1717 20 24 a
554 1706 90 36 back
663 1706 115 45 injury
798 1718 43 24 on
862 1707 201 36 November
1084 1709 31 40 3,
1141 1709 99 40 1982,
1261 1708 101 35 while

145 1755 184 46 employed
342 1756 45 44 by
400 1757 160 35 Western
573 1757 279 45 Waterproofing
865 1757 35 36 in
913 1758 211 36 Oklahoma.
1137 1759 58 35 On
1208 1759 153 44 January

150 1808 53 40 17,
223 1807 100 41 1983,
338 1807 44 35 he
395 1807 201 36 underwent
610 1807 91 36 back
714 1819 142 33 surgery
870 1809 69 34 and
953 1819 44 24 on
1011 1808 101 45 April
1126 1810 151 41 4,1983,
1291 1820 70 24 was

146 1857 155 35 released
312 1863 37 29 at
358 1857 52 35 his
421 1863 138 39 request
569 1858 83 34 with
663 1869 21 24 a
694 1858 114 44 rating
818 1858 40 36 of
865 1860 44 33 20
921 1864 141 39 percent
1072 1858 176 45 disability
1258 1865 35 29 to
1303 1859 59 35 the

147 1906 92 45 body
259 1917 38 24 as
317 1918 21 24 a
358 1907 119 35 whole.

238 1971 57 34 On
310 1971 100 44 April
430 1973 52 39 18,
503 1973 99 39 1983,
618 1972 174 35 Williams
808 1973 137 44 applied
960 1972 54 35 for
1030 1973 234 44 employment
1278 1973 83 35 with

147 2020 60 35 the
219 2021 199 43 Appellant.
433 2022 57 34 On
503 2022 100 44 April
617 2023 56 40 21,
692 2023 99 40 1983,
806 2022 172 36 Williams
991 2023 81 34 filed
1085 2033 21 24 a
1115 2023 91 43 joint
1218 2023 144 44 petition

147 2075 36 30 to
200 2071 102 34 settle
318 2071 52 35 his
387 2072 159 34 workers’
565 2072 261 44 compensation
843 2072 105 35 claim
964 2072 35 34 in
1017 2072 199 36 Oklahoma
1233 2073 69 35 and
1319 2073 43 35 he

146 2131 72 25 was
230 2120 83 44 paid
327 2121 209 41 $18,000.00
549 2133 38 23 as
600 2122 261 44 compensation
874 2122 53 35 for
940 2122 78 35 that
1030 2123 125 43 injury.
1169 2123 58 34 On
1240 2123 87 44 May
1342 2124 21 33 2

147 2181 38 24 or
199 2171 89 42 May
301 2171 148 41 3,1983,
463 2171 172 35 Williams
648 2172 113 43 began
773 2172 94 34 work
878 2172 54 34 for
944 2172 60 35 the
1015 2172 190 44 Appellant
1217 2172 69 35 and
1298 2183 65 24 one

146 2219 69 44 day
229 2219 88 35 later
329 2221 44 33 he
386 2220 131 44 slipped
531 2220 69 35 and
613 2220 60 34 fell
687 2220 69 35 and
769 2221 176 35 sustained
959 2232 45 23 an
1017 2221 115 43 injury
1144 2221 112 35 which
1269 2222 93 42 gives

147 2268 68 35 rise
240 2273 36 30 to
302 2269 68 35 this
396 2270 113 34 claim.
537 2270 57 34 On
620 2270 52 34 his
699 2270 234 43 employment
959 2270 211 44 application
1196 2271 82 33 with
1304 2270 60 35 the

215 2421 13 15 *
246 2421 92 30 Purtle,
353 2422 31 29 J.,
400 2426 43 21 not
457 2422 187 33 participating.
