1648 2680
286 272 68 33 446

670 412 81 39 Yes,
773 410 56 41 sir,
851 411 14 33 I
886 410 69 34 did.

287 412 128 34 Officer
437 412 144 34 Howell:

670 487 57 34 All
772 487 102 42 right.
919 486 82 35 And
1045 485 58 35 did
1148 496 67 33 you
1259 485 119 35 record
1423 485 75 35 that

669 537 208 34 statement?

288 488 151 34 Defense
459 487 162 35 Counsel:

671 613 81 39 Yes,
773 612 57 40 sir,
852 612 14 33 I
887 611 69 34 did.

287 613 129 33 Officer
437 612 144 34 Howell:

671 688 96 33 Your
778 688 131 40 Honor,
921 692 36 29 at
966 687 68 34 this
1044 686 95 41 time,
1150 687 15 33 I
1175 686 112 34 would
1298 686 68 34 like
1375 690 35 30 to
1420 686 79 43 play

670 737 26 34 it
717 736 119 35 before
855 736 59 35 the
930 736 91 44 jury.

288 687 151 35 Defense
460 688 161 34 Counsel:

671 814 77 34 Just
768 824 20 24 a
809 813 142 34 minute.

287 814 74 34 The
382 814 120 34 Court:

672 863 134 43 (Bench
830 862 216 41 conference;
1070 867 60 30 out
1154 862 40 34 of
1214 862 143 43 hearing
1381 861 39 35 of
1441 862 59 34 the

667 913 107 44 jury.)

672 990 65 33 For
747 989 58 34 the
814 988 131 40 record,
956 988 59 34 the
1023 988 142 34 defense
1173 992 159 38 attorney
1341 992 106 29 states
1457 987 43 34 he

671 1038 27 34 is
749 1038 146 42 waiving
946 1048 68 32 any
1064 1037 183 43 objection,
1299 1036 106 34 based
1456 1047 43 23 on

670 1087 250 34 voluntariness
940 1086 40 35 of
996 1086 68 35 this
1084 1086 205 34 confession.

288 989 152 34 Defense
460 989 162 34 Counsel:

671 1162 74 34 The
777 1162 156 44 previous
966 1162 154 42 hearing,
1154 1161 126 43 having
1312 1161 87 34 been
1431 1160 69 35 had

671 1211 119 34 before
818 1211 60 34 the
907 1211 111 34 Court
1047 1211 114 33 where
1189 1211 60 33 the
1277 1210 157 43 question
1464 1209 40 35 of

670 1261 250 34 voluntariness
947 1260 69 34 had
1042 1260 87 34 been
1155 1259 124 41 raised,
1305 1259 60 34 the
1391 1259 109 34 Court

671 1310 126 42 having
811 1309 97 34 ruled
922 1309 60 34 the
995 1309 193 34 confession
1202 1314 36 28 to
1252 1309 43 34 be
1307 1309 192 42 voluntary.

671 1359 90 34 Now
779 1359 70 33 Mr.
868 1359 114 42 Lyons
999 1358 28 34 is
1044 1358 208 43 attempting
1269 1363 36 28 to
1322 1357 179 35 introduce

671 1408 59 35 the
740 1413 187 29 statement
937 1407 112 35 which
1060 1407 59 35 the
1130 1407 110 35 Court
1250 1407 68 34 will
1329 1407 110 34 allow.
1450 1407 50 34 As

671 1457 175 36 indicated
857 1457 53 35 for
921 1458 59 34 the
990 1457 131 42 record,
1133 1457 59 35 the
1203 1457 156 44 previous
1370 1456 130 35 motion

671 1509 62 34 has
753 1508 86 35 been
859 1508 214 41 withdrawn,
1093 1507 69 35 and
1181 1508 44 34 he
1243 1512 158 30 consents
1420 1512 36 30 to
1475 1507 26 35 it

671 1559 69 35 and
750 1570 119 33 agrees
879 1559 77 35 that
965 1559 27 34 it
1001 1569 70 24 was
1080 1558 208 44 voluntarily
1298 1557 112 35 made.
1421 1558 80 34 You

671 1621 81 33 may
772 1609 146 45 proceed
945 1637 111 7 ....

288 1163 74 34 The
382 1163 121 34 Court:

473 1687 65 33 We
550 1685 144 35 ordered
707 1697 20 23 a
741 1686 183 42 rebriefing
937 1696 44 23 on
993 1685 69 34 this
1075 1685 91 34 issue
1178 1689 36 30 to
1226 1684 43 34 be
1281 1684 131 34 certain
1425 1684 76 34 that

289 1747 68 32 any
369 1735 189 43 objections
571 1740 36 29 to
619 1735 59 34 the
690 1740 188 29 statement
890 1746 89 23 were
991 1734 142 35 waived.
1147 1734 75 34 The
1234 1733 120 35 record
1367 1733 134 35 reflects

289 1785 97 34 there
398 1796 69 23 was
481 1796 20 23 a
513 1785 135 34 waiver.
662 1784 173 35 Williams
848 1784 131 34 waived
992 1795 67 32 any
1071 1783 190 44 objections
1274 1788 36 30 to
1322 1783 59 34 the
1392 1794 61 23 use
1465 1782 39 35 of

289 1835 59 34 the
357 1839 186 30 statement
551 1835 45 43 by
605 1834 138 44 placing
752 1834 27 34 it
788 1834 34 34 in
832 1833 172 35 evidence.
1013 1834 155 43 Spencer
1174 1844 31 23 v.
1214 1833 113 40 State,
1338 1833 66 34 285
1415 1832 84 34 Ark.

290 1885 79 39 339,
385 1885 67 33 686
468 1884 142 34 S.W.2d
625 1884 68 34 436
712 1883 138 43 (1985);
864 1883 228 43 Scantling v.
1107 1883 113 41 State,
1237 1884 64 33 271
1319 1882 85 35 Ark.
1421 1883 79 40 678,

290 1934 67 33 609
376 1933 143 34 S.W.2d
537 1934 66 33 925
625 1932 137 43 (1981).
781 1933 75 34 The
873 1943 122 24 reason
1013 1932 54 34 for
1084 1932 219 43 introducing
1321 1932 59 34 the
1396 1937 103 29 state

289 1987 96 29 ment
394 1982 44 43 by
447 1982 59 34 the
514 1982 141 34 defense
663 1993 70 23 was
742 1982 178 43 obviously
928 1987 36 29 to
973 1987 185 29 exonerate
1166 1981 172 34 Williams
1347 1981 93 34 since
1448 1980 53 35 his

289 2037 187 29 statement
492 2031 138 35 blamed
647 2031 59 34 the
722 2031 140 34 murder
878 2042 43 23 on
939 2031 120 43 Bobby
1075 2031 151 43 Tippett,
1243 2030 59 35 the
1317 2030 183 34 codefend

289 2086 71 29 ant.
377 2081 74 34 The
467 2081 141 34 defense
623 2086 158 38 attorney
798 2080 113 35 stated
928 2081 34 34 in
979 2080 52 35 his
1046 2080 131 43 closing
1193 2084 183 39 argument
1392 2084 35 30 to
1442 2079 60 35 the

285 2131 81 43 jury
387 2131 77 34 that
485 2131 59 34 the
565 2141 122 24 reason
709 2131 59 34 the
789 2135 90 30 state
900 2130 59 34 did
981 2135 60 29 not
1062 2141 62 23 use
1144 2130 59 34 the
1224 2134 186 30 statement
1431 2140 69 23 was

289 2181 149 34 because
457 2181 27 34 it
503 2191 70 24 was
593 2185 78 30 true
755 2180 141 44 Tippett
916 2180 104 35 killed
1041 2180 163 34 Johnson.

473 2256 74 35 The
562 2256 126 35 second
704 2261 183 38 argument
903 2256 27 34 is
946 2256 59 34 the
1020 2255 105 35 death
1141 2255 164 44 qualified
1316 2255 80 43 jury
1411 2255 91 34 issue

289 2306 112 34 which
419 2317 51 23 we
488 2306 87 34 have
593 2306 198 44 repeatedly
809 2305 161 44 rejected.
989 2305 247 35 Hendrickson
1252 2316 31 23 v.
1301 2305 112 40 State,
1433 2305 66 34 285

289 2357 85 33 Ark.
386 2357 158 40 462, 688
556 2355 144 35 S.W.2d
712 2357 66 33 295
792 2355 138 43 (1985).
941 2357 169 33 Rector v.
1121 2355 113 41 State,
1246 2355 68 34 280
1325 2354 84 35 Ark.
1422 2355 78 40 385,

290 2406 67 34 659
379 2405 143 35 S.W.2d
547 2406 62 33 168
634 2405 137 42 (1983).
