1671 2702
1291 260 65 32 557

160 401 89 34 Dale
269 401 204 40 WILSON,
495 406 33 29 et
549 401 44 34 al.
615 412 28 23 v.
665 400 265 35 ARKANSAS
952 400 206 35 COUNTY
1179 401 167 34 BOARD

500 451 63 34 OF
583 451 300 41 EDUCATION,
905 456 34 29 et
959 451 44 34 al.

147 526 129 34 85-275

1039 527 67 33 707
1128 525 142 35 S.W.2d
1291 527 66 33 768

474 601 171 44 Supreme
666 601 110 35 Court
796 601 39 34 of
851 601 179 35 Arkansas

426 650 152 45 Opinion
598 650 173 36 delivered
791 652 99 43 April
911 652 56 41 21,
993 652 87 34 1986

240 1306 132 35 Gibson
389 1308 81 33 Law
488 1306 119 44 Office,
625 1307 55 44 by:
702 1306 148 36 Charles
865 1308 37 34 S.
924 1307 143 41 Gibson,
1085 1307 54 35 for
1157 1307 203 45 appellants.

238 1383 161 33 Norman
419 1383 51 33 M.
491 1381 131 42 Smith,
643 1382 54 34 for
717 1382 182 44 appellees.

239 1455 142 44 Friday,
393 1455 177 45 Eldredge
585 1458 30 33 &
633 1456 121 42 Clark,
766 1457 56 43 by:
838 1456 231 45 Christopher
1079 1456 134 42 Heller,
1227 1460 136 32 amicus

148 1507 120 33 curiae
288 1506 53 34 for
362 1506 142 34 DeWitt
524 1506 128 35 School
673 1506 155 35 District.

240 1581 180 35 Darrell
433 1581 199 41 Hickman,
648 1581 141 35 Justice.

804 1582 83 35 This
902 1581 27 35 is
943 1582 146 35 another
1103 1593 80 24 case
1196 1582 39 35 of
1244 1582 118 35 volun-

147 1635 79 38 tary
245 1631 117 34 school
383 1631 249 35 consolidation
653 1631 110 35 under
782 1632 69 34 Act
871 1632 67 34 445
960 1632 40 35 of
1021 1633 99 34 1983.

239 1705 75 35 The
327 1705 51 34 St.
394 1705 145 35 Charles
554 1705 127 36 School
696 1706 145 35 District
855 1707 114 34 Board
983 1706 40 36 of
1033 1707 194 35 Education
1242 1708 120 34 unani-

147 1755 136 43 mously
311 1755 152 35 resolved
490 1760 36 30 to
553 1756 145 43 petition
726 1756 59 35 the
811 1757 179 34 Arkansas
1018 1757 140 43 County
1186 1757 112 35 Board
1326 1757 40 35 of

147 1803 196 36 Education
352 1809 37 30 to
399 1815 112 25 annex
519 1805 61 35 the
588 1805 137 35 district
733 1811 36 29 to
779 1806 59 34 the
847 1806 130 35 Dewitt
986 1806 128 35 School
1123 1806 155 36 District.
1288 1807 76 34 The

147 1859 129 39 county
292 1854 108 35 board
415 1855 169 44 correctly
598 1854 84 36 read
697 1855 60 35 the
771 1856 172 44 pertinent
959 1856 130 35 section
1105 1855 40 36 of
1156 1857 69 34 Act
1241 1857 66 33 445
1325 1868 37 23 as

147 1903 104 44 being
271 1904 206 44 mandatory
498 1904 69 36 and
587 1905 146 43 granted
754 1906 59 34 the
832 1905 155 45 petition.

239 1979 75 36 The
326 1979 203 44 appellants,
543 1985 142 38 patrons
698 1980 40 35 of
746 1981 60 34 the
818 1980 50 35 St.
883 1980 146 36 Charles
1043 1981 156 41 District,
1212 1981 150 45 opposed

146 2029 61 34 the
225 2029 209 35 annexation
452 2034 37 30 at
506 2030 61 34 the
584 2035 129 38 county
731 2030 109 35 board
858 2031 144 43 hearing
1020 2031 70 34 and
1108 2031 90 35 raise
1215 2032 59 34 the
1292 2032 71 34 sole

147 2078 93 35 issue
250 2079 77 34 that
339 2079 118 34 before
467 2079 161 44 allowing
639 2080 220 41 annexation,
871 2092 21 23 a
903 2080 133 43 finding
1047 2086 93 29 must
1151 2080 43 35 be
1204 2080 104 35 made
1318 2081 45 43 by

146 2128 61 34 the
216 2133 129 38 county
353 2128 108 35 board
470 2129 77 34 that
557 2129 59 34 the
625 2129 136 35 district
769 2129 184 44 proposing
962 2130 183 43 voluntary
1154 2130 208 34 annexation

147 2187 71 24 was
228 2183 60 29 not
297 2178 34 34 in
341 2178 214 44 compliance
563 2178 84 35 with
656 2178 60 34 the
724 2178 184 35 minimum
917 2179 184 35 standards
1110 2179 54 35 for
1173 2179 189 35 accredita-

147 2226 73 35 tion
239 2226 39 35 of
293 2227 60 35 the
371 2227 143 44 Quality
533 2227 195 36 Education
746 2229 80 40 Act,
845 2229 69 35 Act
933 2229 79 35 445.
1032 2229 75 35 The
1124 2229 122 35 circuit
1265 2234 98 30 court

148 2276 109 36 found
277 2287 45 25 no
342 2278 84 34 such
446 2278 234 44 requirement
700 2278 70 35 and
789 2289 52 24 we
860 2289 113 33 agree.

333 2353 74 35 The
419 2353 144 44 Quality
576 2353 195 35 Education
783 2354 70 35 Act
864 2354 120 35 makes
997 2354 171 44 provision
1181 2354 54 35 for
1247 2354 116 35 school

148 2402 153 35 districts
309 2407 37 29 to
353 2403 208 44 voluntarily
569 2403 146 43 petition
725 2409 36 29 to
770 2414 118 33 merge
896 2404 83 34 with
989 2415 45 23 an
1044 2404 177 43 adjoining
1230 2404 134 34 district
