1632 2688
304 418 69 24 was
394 408 114 43 trying
528 414 60 28 out
608 419 95 24 some
724 420 73 23 new
818 419 106 33 paper
944 409 34 34 in
998 410 204 34 connection
1222 410 82 34 with
1325 421 20 24 a
1366 410 152 44 printing

304 457 166 35 business.
489 458 75 34 The
581 469 123 33 papers
723 470 89 23 were
830 459 87 35 later
935 459 93 34 filled
1047 459 34 34 in
1100 470 37 24 as
1156 470 20 24 a
1194 459 87 35 deed
1299 460 40 34 of
1354 465 99 36 trust,
1472 471 45 23 an

304 508 223 42 assignment,
542 519 19 23 a
576 508 128 44 receipt
718 508 53 34 for
785 509 127 40 $4,000
926 508 68 35 and
1008 514 67 29 two
1088 509 208 44 promissory
1308 515 108 35 notes,
1431 510 86 34 each

304 557 53 34 for
371 558 137 40 $2,000.
523 558 113 34 When
650 559 117 33 James
781 558 134 34 Bovard
928 558 84 34 sued
1026 564 35 28 to
1074 564 51 29 set
1138 559 95 34 aside
1245 559 59 34 the
1317 559 201 34 fraudulent

304 607 223 34 instruments
543 607 153 43 Spencer
712 607 163 34 Bovard’s
891 608 221 43 explanation
1127 619 70 23 was
1212 608 77 34 that
1304 609 43 33 he
1362 608 69 34 had
1446 609 72 34 lent

304 655 51 34 his
367 656 100 34 uncle
478 657 127 39 $4,000
616 667 38 23 as
665 667 20 23 a
696 656 100 34 down
807 662 165 38 payment
982 667 44 24 on
1037 668 20 23 a
1069 657 92 34 hotel
1172 658 117 33 James
1301 657 135 34 Bovard
1446 668 70 24 was

304 705 218 43 purchasing.
539 706 55 33 He
608 705 148 35 claimed
770 706 44 34 he
828 706 86 34 later
928 706 176 34 cancelled
1118 706 60 34 the
1190 706 83 35 debt
1286 707 99 34 when
1399 707 118 34 James

305 754 133 34 Bovard
452 754 210 35 transferred
676 755 51 34 his
740 755 142 35 interest
894 756 34 34 in
941 756 59 34 the
1012 756 90 35 John
1116 756 134 34 Bovard
1262 761 111 30 estate
1384 761 36 30 to
1432 757 83 34 him.

303 804 117 35 James
432 804 134 35 Bovard
576 805 149 34 testified
736 805 76 34 that
822 805 43 34 he
875 805 69 35 had
954 816 102 24 never
1066 805 200 36 considered
1277 806 208 44 purchasing
1496 818 20 23 a

303 853 92 35 hotel
420 854 68 34 and
513 865 102 24 never
639 855 163 35 intended
826 860 36 30 to
886 855 75 44 sign
986 867 68 32 any
1077 855 203 36 documents
1305 862 35 29 to
1364 856 152 45 Spencer

304 904 144 35 Bovard.
462 904 74 35 The
548 904 79 35 trial
639 910 99 29 court
750 905 68 35 and
831 905 59 35 the
902 905 166 35 Missouri
1081 906 169 44 Supreme
1262 906 121 42 Court,
1397 907 119 43 noting

302 954 76 35 that
391 954 118 35 James
524 954 134 35 Bovard
672 955 69 34 had
754 966 102 23 never
869 955 127 35 earned
1010 966 96 25 more
1118 956 85 34 than
1217 957 91 36 $100
1322 967 60 33 per
1395 957 121 34 month

302 1004 153 42 working
473 1009 36 29 at
528 1004 67 34 odd
610 1004 90 43 jobs,
719 1004 53 35 for
791 1005 140 34 W.P.A.
952 1005 68 35 and
1038 1005 60 34 the
1115 1005 78 41 like,
1212 1006 133 34 termed
1364 1006 152 44 Spencer

303 1053 163 35 Bovard’s
487 1053 185 44 testimony
692 1054 298 44 “preposterous,”
1011 1054 296 42 “unbelievable,”
1327 1055 69 35 and
1417 1055 98 35 “fan-

302 1103 136 34 tastic.”
459 1103 97 35 With
576 1114 44 24 no
639 1103 189 44 dissenting
847 1104 85 34 view
952 1104 59 34 the
1030 1104 166 37 Missouri
1216 1105 170 44 Supreme
1406 1105 110 35 Court

302 1152 127 44 upheld
450 1153 59 34 the
527 1153 139 43 voiding
686 1153 40 35 of
742 1154 59 34 the
821 1153 203 37 documents
1045 1165 38 23 as
1103 1154 211 35 fraudulent.

306 268 43 33 24

566 1312 201 41 Testimony
786 1310 46 44 of
843 1311 166 42 Anthony
1027 1313 152 41 Nugent,
1201 1313 50 33 Jr.

393 1458 67 33 But
473 1457 97 36 there
582 1458 27 34 is
623 1469 96 23 more
731 1463 117 30 recent
860 1458 103 44 proof
972 1458 39 35 of
1020 1459 132 35 similar
1165 1459 169 35 methods.
1347 1460 168 44 Anthony

300 1507 155 43 Nugent,
470 1508 60 40 Jr.,
546 1518 60 24 son
620 1507 40 35 of
670 1508 59 34 the
743 1513 159 39 attorney
915 1508 98 35 hired
1027 1509 35 34 in
1080 1510 87 34 1963
1183 1509 45 44 by
1242 1509 59 35 the
1315 1509 163 42 Bovards,
1493 1521 20 23 a

300 1556 129 41 former
440 1557 176 35 Assistant
627 1557 131 35 United
770 1558 116 35 States
898 1559 172 44 Attorney
1081 1559 54 34 for
1147 1559 166 35 Missouri
1325 1559 68 35 and
1405 1571 76 23 now
1492 1571 20 23 a

300 1607 155 34 member
466 1607 39 35 of
514 1607 59 35 the
585 1608 166 36 Missouri
764 1608 110 35 Court
885 1608 40 35 of
933 1609 165 44 Appeals,
1111 1609 148 35 testified
1271 1610 76 34 that
1359 1609 89 36 after
1460 1610 53 35 his

299 1656 144 35 father’s
457 1657 105 35 death
577 1658 43 34 he
633 1658 228 44 investigated
875 1659 59 34 the
947 1669 80 24 case
1040 1664 36 29 to
1089 1659 192 35 determine
1294 1660 152 35 whether
1460 1660 52 35 his

299 1707 213 43 stepmother
523 1707 111 44 might
645 1708 87 34 have
743 1719 20 23 a
774 1708 219 43 salvageable
1004 1709 142 35 interest
1157 1709 34 34 in
1203 1709 59 35 the
1272 1715 170 38 property.
1456 1711 56 33 He

299 1756 74 35 said
386 1756 77 35 that
475 1762 36 29 at
523 1768 21 23 a
557 1757 151 44 meeting
721 1758 82 34 with
815 1758 153 44 Spencer
981 1758 135 35 Bovard
1129 1759 34 34 in
1180 1760 98 40 1975,
1292 1760 70 33 Mr.
1377 1759 135 35 Bovard

298 1806 210 44 specifically
525 1807 113 34 stated
655 1807 77 35 that
749 1807 43 35 he
809 1807 69 35 had
895 1807 122 44 forged
1034 1808 59 35 the
1109 1808 176 43 signature
1301 1809 39 34 of
1354 1809 158 44 Dorothy

299 1855 135 35 Bovard
459 1867 44 23 on
528 1857 59 34 the
612 1857 145 36 mineral
782 1857 87 35 deed
894 1857 80 42 and,
1000 1858 183 41 therefore,
1209 1858 134 35 Bovard
1369 1858 142 44 argued,

298 1905 134 35 neither
448 1906 70 34 Mr.
535 1906 183 35 Anderson
734 1917 62 24 nor
812 1908 88 33 Mrs.
917 1908 145 42 Nugent
1077 1907 70 35 had
1162 1919 68 32 any
1245 1908 141 34 interest
1401 1908 35 35 in
1452 1908 60 35 the

298 1960 162 39 property
482 1956 223 43 purportedly
727 1956 173 44 conveyed
923 1957 45 43 by
990 1957 59 34 the
1071 1957 145 34 mineral
1238 1957 98 41 deed,
1359 1968 62 24 nor
1443 1969 68 32 any

297 2009 157 29 contract
482 2015 91 33 upon
601 2005 112 34 which
741 2011 35 28 to
804 2006 83 34 base
914 2006 135 34 further
1076 2007 271 43 representation
1374 2007 40 34 of
1438 2008 71 33 Mr.

299 2053 145 41 Bovard,
462 2054 93 34 since
572 2054 59 34 the
647 2059 156 30 contract
820 2055 114 34 would
950 2055 62 34 fail
1029 2055 54 34 for
1099 2055 79 35 lack
1193 2055 39 35 of
1246 2056 263 34 consideration.

298 2103 168 35 Whether
481 2103 153 44 Spencer
652 2104 134 35 Bovard
802 2104 153 44 actually
971 2104 121 44 forged
1109 2105 59 34 the
1183 2116 103 24 name
1301 2105 40 35 of
1353 2106 158 43 Dorothy

298 2152 134 35 Bovard
448 2158 35 30 to
498 2153 59 34 the
572 2153 145 35 mineral
732 2153 99 42 deed,
846 2165 38 23 or
899 2154 130 44 merely
1043 2154 149 35 claimed
1206 2160 36 30 to
1257 2155 87 35 have
1358 2155 89 35 done
1461 2166 48 30 so,

297 2208 144 29 matters
458 2203 97 34 little.
574 2204 40 34 In
630 2203 110 35 either
756 2209 99 30 event
871 2204 60 35 the
947 2205 106 34 result
1069 2204 28 35 is
1113 2205 59 34 the
1187 2216 98 24 same
1285 2216 44 24 —
1329 2216 23 24 a
1369 2205 141 35 demon-

296 2252 131 35 strated
452 2252 135 36 disdain
612 2253 54 35 for
689 2254 60 35 the
772 2254 95 35 truth
892 2254 69 35 and
985 2265 21 24 a
1029 2254 207 44 willingness
1260 2260 35 29 to
1319 2266 133 32 engage
1475 2255 36 35 in

296 2303 195 35 calculated
501 2303 113 35 fraud.
626 2304 76 34 Nor
711 2314 65 24 can
786 2315 51 23 we
846 2304 72 35 find
927 2304 35 35 in
972 2304 59 35 the
1040 2304 120 35 record
1170 2305 113 35 where
1293 2305 70 35 Mr.
1374 2305 136 35 Bovard

296 2352 117 35 denies
438 2353 68 34 this
530 2353 189 43 damaging
744 2354 196 44 testimony,
965 2354 81 44 only
1070 2354 76 35 that
1171 2355 43 34 he
1237 2354 59 35 did
1321 2360 60 29 not
1404 2355 106 35 recall

296 2402 142 43 making
458 2403 85 34 such
564 2414 20 23 a
604 2408 197 29 statement.
