1671 2705
1292 256 62 33 371

237 834 45 32 N.
304 831 93 35 Alan
416 831 123 41 Lubin,
561 832 54 34 for
635 832 186 43 appellant.

237 913 142 43 Spears,
389 912 121 39 Sloan,
522 912 160 35 Johnson
694 914 31 32 &
739 912 179 41 Coleman,
928 913 69 34 and
1006 914 149 38 Barrett,
1171 912 187 44 Wheatley,

145 962 120 34 Smith
289 963 30 33 &
343 963 150 39 Deacon,
514 961 54 35 for
589 962 183 44 appellees.

239 1043 126 34 David
390 1043 209 40 Newbern,
626 1042 141 35 Justice.

793 1043 74 34 The
891 1043 159 43 question
1076 1043 35 34 in
1136 1043 68 34 this
1229 1053 79 24 case
1333 1044 27 34 is

147 1092 154 35 whether
314 1092 85 34 Ark.
415 1092 88 35 Stat.
519 1093 92 34 Ann.
629 1093 17 43 §
664 1094 130 33 37-222
810 1092 123 44 (Supp.
953 1092 105 43 1985)
1075 1093 142 44 permits
1231 1093 95 43 filing
1340 1105 21 23 a

146 1142 106 34 claim
266 1142 35 34 in
315 1153 45 23 an
374 1143 178 34 Arkansas
566 1147 99 30 court
679 1153 96 24 more
787 1143 85 35 than
885 1153 67 24 one
964 1154 83 33 year
1062 1142 89 35 after
1166 1154 20 24 a
1200 1143 161 35 “nonsuit

147 1191 175 36 suffered”
335 1192 34 34 in
381 1192 131 35 federal
524 1198 99 29 court
634 1203 70 24 was
716 1192 168 41 affirmed,
896 1193 69 34 and
977 1193 181 43 rehearing
1170 1193 134 41 denied,
1316 1193 46 44 by

147 1242 60 34 the
217 1242 131 35 United
358 1242 116 35 States
486 1242 135 35 Circuit
632 1242 110 35 Court
752 1242 39 35 of
797 1243 154 44 Appeals
962 1243 62 35 but
1035 1243 65 34 less
1111 1243 84 35 than
1205 1253 65 24 one
1280 1254 81 33 year

147 1291 91 35 after
258 1292 177 34 certiorari
455 1303 70 23 was
546 1292 125 35 denied
692 1292 34 34 in
746 1293 60 34 the
825 1303 79 24 case
924 1293 45 43 by
990 1293 59 35 the
1069 1293 44 34 U.
1135 1293 35 34 S.
1192 1292 170 44 Supreme

148 1342 122 34 Court.
281 1342 66 33 We
355 1342 80 34 hold
445 1342 59 34 the
513 1342 115 34 action
638 1353 81 32 may
727 1342 44 35 be
780 1342 214 35 maintained
1003 1342 70 36 and
1081 1343 80 34 thus
1170 1354 51 23 we
1230 1354 133 23 reverse

147 1391 60 34 the
222 1391 79 35 trial
316 1392 127 34 court’s
458 1391 152 35 decision
625 1392 78 34 that
717 1392 59 34 the
790 1392 179 35 Arkansas
984 1392 96 43 filing
1095 1403 100 24 came
1209 1397 57 29 too
1281 1393 80 34 late.

238 1472 75 34 The
323 1472 186 43 appellant,
519 1482 20 24 a
550 1471 183 44 long-time
741 1472 155 34 member
905 1472 40 34 of
951 1472 59 35 the
1020 1473 155 43 appellee
1184 1472 177 44 hospital’s

147 1521 95 40 staff,
264 1531 71 24 was
356 1520 122 44 placed
500 1532 44 23 on
567 1532 21 24 a
610 1532 163 32 one-year
795 1521 183 44 probation
1000 1533 38 23 as
1061 1533 20 23 a
1104 1522 84 34 staff
1207 1522 156 34 member

148 1571 167 41 resulting
342 1570 90 35 from
458 1581 19 24 a
504 1570 150 44 hospital
680 1571 151 35 decision
858 1571 148 34 reached
1033 1571 35 34 in
1094 1582 20 23 a
1141 1571 221 44 disciplinary

148 1619 154 44 hearing.
316 1620 39 33 In
370 1621 83 33 1981
468 1620 59 34 the
537 1621 178 43 appellant
725 1620 81 35 filed
816 1631 45 24 an
872 1621 115 34 action
998 1621 35 34 in
1044 1620 59 35 the
1113 1621 45 34 U.
1170 1621 35 34 S.
1218 1621 144 34 District

148 1669 111 35 Court
272 1669 150 43 alleging
434 1670 43 34 he
489 1680 70 24 was
572 1669 136 44 injured
722 1670 44 43 by
778 1670 59 35 the
849 1669 198 45 imposition
1060 1670 40 34 of
1109 1670 59 35 the
1180 1670 182 44 probation

148 1719 69 34 and
235 1730 70 25 was
322 1719 79 35 thus
418 1719 143 35 entitled
579 1725 36 29 to
631 1730 139 24 recover
786 1720 54 35 for
855 1720 165 35 violation
1037 1720 40 34 of
1090 1720 53 35 his
1160 1720 77 35 civil
1253 1720 109 44 rights

148 1774 169 39 pursuant
338 1774 35 30 to
394 1771 44 33 42
459 1769 129 36 U.S.C.
613 1770 18 43 §
658 1771 86 34 1983
767 1781 38 24 as
826 1770 75 35 well
922 1782 38 23 as
982 1776 169 39 pursuant
1171 1776 35 30 to
1225 1771 136 35 various

147 1819 154 44 pendant
313 1825 90 30 state
414 1819 121 36 claims
548 1820 129 43 arising
690 1820 109 35 under
811 1821 178 35 Arkansas
1002 1821 76 35 law.
1093 1821 146 43 Finding
1252 1832 20 24 a
1284 1821 79 35 lack

147 1870 40 35 of
199 1875 91 30 state
306 1870 114 35 action
437 1876 35 30 to
488 1876 143 39 support
647 1871 59 35 the
724 1871 17 43 §
764 1872 85 35 1983
867 1871 116 42 claim,
1000 1871 69 35 and
1085 1871 80 35 thus
1181 1882 181 34 necessary

148 1920 126 35 failure
294 1920 39 35 of
349 1920 131 36 federal
496 1921 221 43 jurisdiction
736 1921 40 35 of
792 1922 59 35 the
870 1922 153 43 pendant
1043 1927 90 30 state
1152 1922 131 41 claims,
1304 1922 59 35 the

147 1970 136 35 district
304 1976 98 29 court
423 1971 182 35 dismissed
627 1972 59 34 the
707 1972 125 34 action.
855 1972 75 34 The
951 1971 129 44 Eighth
1102 1973 44 33 U.
1170 1972 35 35 S.
1229 1972 133 34 Circuit

148 2020 111 34 Court
286 2020 40 34 of
349 2021 153 43 Appeals
529 2020 158 35 affirmed
715 2031 44 24 on
785 2022 139 41 August
951 2022 32 40 9,
1016 2022 99 39 1983,
1143 2022 69 33 and
1238 2021 124 34 denied

148 2069 183 42 rehearing
348 2069 204 43 September
574 2071 53 39 16,
650 2070 99 34 1983.
767 2071 75 33 The
859 2071 177 42 appellant
1053 2070 126 43 sought
1195 2082 21 22 a
1232 2071 77 33 writ
1326 2071 39 34 of

148 2118 178 35 certiorari
349 2118 90 35 from
461 2118 60 35 the
542 2119 45 34 U.
611 2119 36 34 S.
671 2119 169 44 Supreme
863 2119 121 41 Court,
1007 2119 69 35 and
1099 2119 26 34 it
1147 2130 70 24 was
1239 2119 124 35 denied

149 2168 177 44 February
347 2169 54 40 21,
427 2169 98 34 1984.

332 2249 74 35 The
419 2249 178 44 appellant
609 2249 82 35 filed
704 2249 53 37 his
771 2255 89 29 state
873 2255 100 29 court
985 2250 128 41 action,
1126 2249 108 36 based
1246 2260 45 25 on
1304 2250 60 34 the

148 2309 97 24 same
262 2298 121 35 claims
401 2299 43 34 he
461 2299 150 44 pursued
629 2300 35 33 in
681 2299 60 35 the
757 2299 132 35 federal
906 2305 110 36 court,
1033 2310 44 23 on
1096 2299 193 35 December
1311 2301 51 40 19,

152 2349 100 33 1984.
273 2348 74 34 The
366 2353 146 30 statutes
532 2348 39 34 of
588 2348 203 35 limitations
812 2349 194 44 applicable
1024 2354 36 29 to
1080 2349 59 34 the
1158 2349 205 44 appellant’s

147 2397 122 35 claims
279 2397 69 35 had
358 2403 59 29 not
426 2408 64 24 run
498 2398 100 34 when
607 2399 44 34 he
659 2398 113 43 began
782 2399 51 34 his
842 2398 132 35 federal
984 2403 99 30 court
1091 2399 143 34 actions.
1245 2399 51 43 By
1305 2399 59 34 the
