1675 2704
276 406 228 42 Enterprises,
532 406 83 39 Inc.,
646 406 13 32 1
691 405 62 33 BR
779 405 67 33 647
876 403 95 43 (WD
999 405 85 34 Wis.
1115 403 117 44 1979),
1259 404 107 44 citing

277 455 185 40 DeKoven,
482 454 127 35 Leases
627 454 39 34 of
682 454 220 44 Equipment:
921 456 148 33 Puritan
1087 456 152 42 Leasing
1255 456 60 33 Co.
1335 466 30 23 v.

275 506 150 42 August,
451 505 40 34 12
512 504 184 35 S.Fran.L.
718 505 84 34 Rev.
828 505 98 34 1978.

1297 263 67 34 627

151 583 68 34 See
233 583 73 35 also
322 584 37 33 B.
376 583 117 40 Clark,
508 583 75 35 The
598 583 82 34 Law
695 583 40 34 of
746 583 152 35 Secured
913 583 246 35 Transactions
1174 583 120 35 Under
1308 583 59 35 the

152 632 165 35 Uniform
326 633 234 34 Commercial
570 633 109 41 Code,
692 633 17 42 §
724 635 51 32 1.5
783 632 49 44 [3]
848 633 260 43 (1985 Cumm.
1119 633 186 44 Supp.No.
1317 633 50 43 3);

153 682 118 35 White
289 683 33 33 &
338 683 190 40 Summers,
543 693 124 33 supra;
678 684 40 33 In
731 685 54 32 Re
797 682 198 36 Brookside
1007 684 102 42 Drug
1119 684 114 38 Store,
1249 685 81 39 Inc.,
1347 685 18 33 3

152 733 64 33 BR
239 733 65 34 120
325 732 60 43 (D.
406 732 111 35 Conn.
541 732 119 43 1980);
680 734 151 42 Leasing
846 733 141 34 Service
1007 733 103 44 Corp.
1130 744 31 23 v.
1180 734 188 34 American

151 782 175 35 National
337 782 102 34 Bank
454 784 30 33 &
505 784 114 38 Trust,
638 784 40 33 19
693 782 101 35 UCC
808 783 67 34 252
891 781 139 44 (1976);
1043 784 41 33 In
1096 784 54 33 Re
1162 782 169 41 Peacock,
1347 784 19 33 6

153 832 63 33 BR
237 832 69 34 922
328 832 87 42 (ND
435 833 82 33 Tex.
543 831 134 43 1980).1

339 911 30 34 It
378 910 61 35 has
449 911 86 34 been
545 910 184 44 suggested
739 911 76 35 that
823 911 59 35 the
891 911 114 35 “most
1014 911 137 35 fruitful
1160 912 109 42 single
1277 912 89 34 test”

152 965 37 29 to
211 960 206 43 distinguish
439 971 20 24 a
481 961 73 34 sale
576 960 91 35 from
689 971 20 24 a
731 966 77 29 true
830 961 91 35 lease
943 961 28 35 is
993 961 59 35 the
1074 961 148 35 absence
1243 962 40 34 of
1301 973 67 32 any

153 1009 221 45 appreciable
389 1010 149 35 residual
556 1011 34 34 in
607 1011 59 34 the
682 1010 105 35 lessor
803 1016 36 29 at
855 1012 59 34 the
930 1011 192 44 expiration
1139 1011 39 35 of
1190 1011 59 35 the
1265 1012 101 34 lease.

153 1060 157 43 Coogan,
326 1060 125 35 Leases
465 1059 39 36 of
516 1060 211 44 Equipment
742 1060 68 35 and
824 1061 105 35 Some
943 1061 112 35 Other
1069 1061 299 35 Unconventional

152 1110 162 43 Security
333 1110 155 42 Devices,
512 1111 13 33 1
550 1110 164 35 Bender’s
734 1111 152 35 Secured
905 1112 246 34 Transactions
1171 1111 120 36 Under
1310 1112 59 35 the

153 1160 165 35 Uniform
334 1160 233 35 Commercial
583 1160 109 42 Code,
710 1161 17 43 §
745 1162 113 34 4A.07
875 1166 36 30 at
926 1162 154 35 4A-177.
1096 1162 83 35 This
1195 1161 27 35 is
1237 1162 59 35 the
1311 1167 58 30 net

153 1210 104 35 effect
274 1210 39 35 of
327 1221 20 24 a
364 1211 169 44 purchase
549 1211 119 44 option
685 1210 54 35 for
756 1223 20 23 a
793 1212 153 34 nominal
963 1223 88 30 sum,
1069 1212 94 35 since
1179 1212 189 44 exercising

153 1261 77 34 that
241 1261 118 44 option
370 1261 27 34 is
409 1261 58 35 the
478 1261 80 44 only
569 1261 149 45 prudent
729 1272 120 25 course
860 1262 53 35 for
925 1262 59 35 the
994 1262 117 35 lessee.
1124 1262 67 35 See
1202 1263 117 34 White
1333 1264 33 34 &

153 1311 192 41 Summers,
364 1322 119 33 supra;
504 1312 38 34 B.
564 1311 118 42 Clark,
702 1312 75 34 The
795 1312 82 35 Law
896 1312 40 34 of
951 1312 154 35 Secured
1124 1312 244 36 Transactions

154 1361 121 35 Under
290 1361 59 34 the
363 1361 162 35 Uniform
540 1362 235 35 Commercial
790 1362 107 41 Code,
914 1362 18 43 §
952 1363 51 34 1.5
1012 1362 49 44 [3]
1082 1362 138 43 (1980);
1234 1364 136 33 Matter

153 1410 46 45 of
217 1410 156 35 Fashion
402 1411 141 44 Optical
568 1411 90 41 Ltd.,
687 1412 66 34 653
784 1412 84 34 F.2d
900 1413 86 34 1385
1017 1412 102 43 (10th
1147 1413 71 34 Cir.
1251 1412 116 43 1981).

153 1460 200 41 Therefore,
366 1460 59 35 the
436 1461 134 34 lessor’s
583 1461 80 43 only
675 1462 142 34 interest
830 1462 34 34 in
876 1461 59 35 the
946 1461 107 44 goods
1066 1467 36 29 at
1114 1462 59 34 the
1185 1462 66 34 end
1262 1462 40 35 of
1310 1463 59 34 the

153 1510 94 34 lease
266 1510 28 34 is
315 1510 59 34 the
393 1510 153 34 nominal
567 1515 145 30 amount
732 1511 39 34 of
788 1511 59 34 the
866 1512 171 43 purchase
1056 1512 128 43 option.

244 1588 114 34 There
383 1599 59 23 are
468 1588 99 35 other
593 1588 193 42 situations,
814 1589 166 42 however,
1008 1589 114 35 where
1148 1590 97 34 there
1270 1591 28 34 is
1325 1601 44 24 no

153 1637 173 44 provision
347 1638 53 34 for
421 1649 21 24 a
463 1639 172 43 purchase
656 1639 117 44 option
795 1639 44 43 by
860 1639 60 35 the
940 1640 119 41 lessee,
1081 1639 69 35 and
1172 1639 75 36 title
1268 1651 102 24 never

152 1687 210 44 technically
373 1698 116 34 passes
501 1688 91 35 from
604 1689 60 34 the
675 1689 106 34 lessor
792 1694 36 29 to
839 1690 59 34 the
909 1689 118 41 lessee,
1040 1689 62 35 but
1113 1690 59 34 the
1184 1690 105 34 lessor
1300 1690 69 35 still

153 1738 63 34 has
233 1749 45 23 no
295 1738 217 43 expectation
529 1738 39 35 of
581 1749 21 24 a
618 1739 161 34 material
795 1739 142 35 interest
953 1739 35 35 in
1004 1739 61 35 the
1080 1745 162 39 property
1259 1746 36 29 at
1311 1740 59 35 the

153 1787 193 43 expiration
357 1787 40 35 of
404 1788 59 34 the
473 1789 92 33 lease
576 1794 100 29 term.
688 1789 75 34 The
773 1790 107 33 lessee
890 1789 34 34 in
936 1789 85 35 such
1032 1800 96 24 cases
1139 1790 28 34 is
1178 1789 144 35 deemed
1333 1795 36 29 to

153 1837 89 34 have
257 1837 144 34 become
415 1837 59 35 the
489 1848 114 24 owner
620 1838 38 33 of
671 1838 60 34 the
746 1843 171 39 property.
934 1838 99 35 “The
1047 1839 107 34 lessor
1169 1840 62 33 has
1247 1839 122 44 parted

153 1886 94 40 with,
258 1886 69 35 and
337 1887 59 34 the
406 1887 106 34 lessee
521 1887 62 34 has
594 1887 165 44 acquired
769 1893 90 29 most
868 1887 39 35 of
913 1888 60 34 the
982 1888 87 35 risks
1079 1888 69 35 and
1158 1888 210 43 advantages

152 1935 40 35 of
218 1936 227 43 ownership.”
477 1936 156 44 Coogan,
663 1937 102 35 UCC
794 1938 203 35 Treatment
1026 1938 39 34 of
1092 1938 59 35 All
1180 1938 137 41 Leases,
1352 1940 13 33 1

153 1986 165 35 Bender’s
331 1986 152 35 Secured
496 1987 246 35 Transactions
756 1987 120 36 Under
888 1988 59 35 the
960 1988 112 42 UCC,
1087 1988 18 43 §
1119 1989 114 35 4.3.03
1248 1994 36 30 at
1296 1990 72 33 4.3-

157 2037 52 34 10.
226 2037 146 43 Coogan
388 2037 72 35 lists
475 2037 100 35 those
589 2037 195 43 situations,
800 2049 96 24 some
910 2038 39 35 of
961 2038 113 36 which
1089 2038 88 36 have
1192 2039 178 35 relevance

153 2087 92 34 here:
270 2086 34 43 1)
325 2087 74 35 The
417 2092 89 30 term
525 2088 39 34 of
580 2088 59 34 the
658 2088 92 35 lease
769 2089 119 43 equals
907 2099 38 24 or
964 2089 144 34 exceeds
1127 2089 59 35 the
1204 2090 165 43 expected

152 2136 181 35 economic
341 2137 61 34 life
410 2137 39 34 of
455 2138 60 33 the
523 2143 163 38 property
695 2148 38 24 so
742 2138 98 34 there
848 2138 28 34 is
886 2149 45 23 no
939 2138 204 35 reasonable
1153 2139 217 43 expectation

221 2291 9 13 1
266 2291 84 26 While
363 2292 70 25 these
445 2291 148 26 authorities
606 2299 44 18 are
662 2292 195 32 distinguishing
870 2293 79 25 leases
962 2293 66 25 from
1040 2293 65 25 sales
1118 2292 39 26 for
1170 2293 43 25 the
1225 2300 107 25 purpose
1344 2293 29 25 of

153 2332 169 32 determining
336 2333 42 25 the
391 2333 172 32 applicability
576 2333 29 26 of
616 2333 97 26 Article
726 2334 69 26 Nine
807 2333 29 26 of
847 2334 43 26 the
903 2334 81 31 UCC,
997 2334 44 25 the
1054 2334 134 33 principles
1200 2334 132 33 employed
1345 2335 26 25 in

154 2374 103 32 making
274 2374 56 26 that
346 2374 144 26 distinction
507 2382 44 18 are
567 2375 101 32 equally
684 2383 28 18 as
728 2375 82 26 useful
828 2375 24 26 in
869 2375 168 32 determining
1053 2376 112 25 whether
1182 2383 76 25 usury
1274 2376 49 25 will
1340 2376 31 26 be

153 2415 125 26 available
288 2423 27 17 as
326 2424 14 17 a
351 2415 102 26 defense
463 2416 24 25 in
498 2416 43 25 the
550 2416 92 25 action.
652 2417 50 25 See
711 2417 58 25 Bell
776 2425 22 16 v.
809 2417 64 29 Itek,
884 2417 50 25 262
943 2418 63 24 Ark.
1017 2418 41 28 22,
1069 2418 48 24 555
1128 2417 104 25 S.W.2d
1246 2418 8 24 1
1269 2417 100 31 (1977).
