1667 2691
305 265 67 33 622

488 405 74 34 The
571 405 74 34 rule
654 404 35 33 in
699 415 20 23 a
729 404 161 43 majority
900 403 39 34 of
942 403 236 43 jurisdictions
1188 402 97 35 holds
1295 403 77 33 that
1381 413 20 23 a
1411 403 107 33 lessee

305 454 38 34 of
365 454 58 34 the
447 454 162 43 majority
634 453 39 34 of
693 453 145 34 mineral
864 463 130 24 owners
1019 453 28 33 is
1072 452 143 34 entitled
1239 457 36 29 to
1299 462 137 23 remove
1460 452 58 33 the

305 504 173 39 minerals,
490 503 207 41 accounting
709 508 35 28 to
755 502 58 34 the
824 502 216 42 non-leasing
1051 512 114 23 owner
1177 501 52 34 for
1241 501 51 34 his
1304 501 212 43 proportion­

305 558 57 28 ate
376 552 111 40 share,
503 552 65 34 less
582 552 60 34 the
656 551 203 35 reasonable
872 556 90 29 costs
977 551 39 34 of
1027 550 190 44 producing
1232 550 59 34 the
1305 550 162 34 minerals
1482 554 36 29 at

305 603 58 33 the
373 602 146 34 surface.
533 601 171 35 Williams
718 602 33 33 &
764 601 150 43 Meyers,
927 600 57 35 Oil
994 600 68 35 and
1074 600 72 35 Gas
1156 601 93 39 Law,
1264 600 17 43 §
1293 601 78 39 502,
1382 609 56 34 pp.
1450 600 68 33 572

305 651 68 36 and
392 653 77 34 573.
488 651 74 35 The
579 651 169 35 rationale
765 651 52 34 for
834 651 68 35 this
920 650 166 44 principle
1103 650 175 35 doubtless
1296 654 86 30 rests
1399 659 43 25 on
1460 649 59 34 the

306 703 72 34 fact
388 703 76 34 that
474 702 45 34 oil
530 702 27 34 is
568 701 145 44 capable
723 701 39 35 of
769 701 102 43 being
882 700 160 35 removed
1053 701 45 43 by
1108 701 115 34 others
1235 700 68 34 and
1314 699 29 35 if
1350 710 45 24 an
1405 710 114 24 owner

305 753 34 33 in
354 762 160 24 common
531 763 88 23 were
634 751 73 35 free
722 757 35 28 to
772 751 101 34 block
888 751 58 34 the
961 750 151 35 removal
1127 750 40 34 of
1179 750 58 34 the
1252 750 56 40 oil,
1324 760 20 23 a
1359 749 160 35 valuable

305 806 91 30 asset
417 801 100 35 could
539 801 42 34 be
601 802 65 33 lost
687 801 144 42 entirely
851 806 36 28 to
907 800 43 34 its
971 810 141 24 owners.

396 882 191 40 Summers,
609 882 57 34 Oil
688 881 68 35 and
777 881 83 41 Gas,
884 881 17 42 §
925 881 55 40 38,
1000 891 33 33 p.
1059 881 63 33 138
1144 885 117 29 states:

431 964 38 33 In
484 963 59 34 the
557 963 157 43 previous
729 962 130 35 section
874 962 26 34 it
914 972 70 24 was
999 962 117 34 shown
1131 962 76 33 that
1222 961 34 34 in
1271 972 20 23 a
1306 960 163 44 majority
1483 960 39 34 of

430 1013 59 33 the
505 1012 235 42 jurisdictions
761 1012 34 33 in
815 1012 67 33 this
903 1017 144 37 country
1068 1011 114 34 where
1201 1011 59 33 the
1279 1010 158 44 question
1457 1010 62 34 has

429 1062 87 33 been
531 1061 124 40 raised,
670 1071 20 23 a
704 1066 178 29 co-tenant
896 1060 39 34 of
946 1060 98 34 lands
1059 1060 200 42 containing
1273 1060 45 34 oil
1333 1059 68 34 and
1415 1070 61 32 gas
1491 1059 28 33 is

430 1110 186 44 privileged
644 1115 35 29 to
707 1110 80 34 take
814 1110 45 34 oil
887 1109 68 34 and
983 1120 61 32 gas
1071 1109 190 34 therefrom
1289 1108 145 35 without
1461 1109 59 33 the

430 1165 142 29 consent
583 1159 39 35 of
632 1159 52 34 his
695 1164 206 36 co-tenants,
915 1159 62 34 but
988 1159 28 34 is
1028 1158 109 35 under
1149 1170 20 23 a
1182 1158 84 43 duty
1278 1164 35 29 to
1325 1163 148 29 account
1484 1163 36 29 to

429 1210 96 34 them
538 1210 53 34 for
604 1209 89 35 their
705 1209 101 35 share
818 1209 39 34 of
866 1209 59 34 the
937 1208 163 35 minerals
1112 1209 104 34 taken
1229 1207 91 35 after
1332 1207 187 43 deducting

429 1260 60 34 the
501 1265 73 30 cost
587 1259 39 35 of
636 1259 214 44 production.
879 1286 6 7 .
913 1258 84 35 .The
1010 1258 128 35 Courts
1151 1258 88 34 have
1251 1258 136 43 usually
1399 1257 120 41 found,

430 1310 153 35 whether
592 1310 82 43 they
683 1320 89 24 were
780 1308 138 44 dealing
927 1308 83 35 with
1020 1309 59 34 the
1087 1308 251 44 co-ownership
1347 1307 38 35 of
1392 1307 81 36 land
1483 1318 37 24 or

430 1361 58 34 the
506 1360 250 44 co-ownership
774 1359 40 35 of
829 1371 20 23 a
868 1365 159 38 separate
1045 1358 145 35 mineral
1209 1363 121 36 estate,
1349 1358 171 35 sufficient

430 1421 139 24 reasons
584 1421 92 32 upon
691 1410 112 34 which
819 1415 36 29 to
870 1409 167 35 conclude
1052 1409 77 35 that
1144 1409 34 34 in
1194 1408 109 35 either
1319 1408 165 35 situation
1499 1419 21 23 a

430 1465 178 29 co-tenant
631 1459 122 35 should
777 1459 44 34 be
843 1459 187 44 privileged
1053 1464 36 29 to
1112 1458 152 44 produce
1286 1458 46 35 oil
1355 1458 69 34 and
1446 1469 73 32 gas,

430 1509 134 42 subject
574 1514 35 29 to
620 1520 20 23 a
651 1508 85 44 duty
746 1514 35 28 to
791 1508 59 35 the
860 1509 98 34 other
968 1513 196 29 co-tenants
1174 1513 36 29 to
1220 1512 148 30 account
1378 1512 36 29 to
1424 1508 96 34 them

431 1558 53 34 for
498 1558 89 34 their
601 1558 101 34 share
715 1558 39 34 of
766 1558 58 34 the
839 1558 173 40 minerals,
1028 1558 65 33 less
1108 1558 59 33 the
1180 1557 203 35 reasonable
1397 1562 73 29 cost
1484 1555 39 35 of

430 1607 214 44 production.

491 1688 74 35 Our
583 1699 75 23 own
675 1698 96 25 cases
789 1688 87 34 have
893 1687 185 35 embraced
1095 1687 68 35 this
1181 1687 84 40 rule,
1281 1686 164 35 Ashland
1463 1686 58 35 Oil

307 1737 71 35 and
389 1738 165 43 Refining
566 1739 59 33 Co.
640 1749 30 22 v.
684 1737 110 40 Bond,
809 1738 68 33 222
890 1737 85 34 Ark.
990 1738 79 39 696,
1084 1738 66 33 263
1165 1737 144 34 S.W.2d
1322 1737 45 33 74
1382 1736 136 42 (1953):

431 1820 31 33 It
475 1819 27 34 is
516 1829 20 24 a
550 1819 73 34 rule
636 1819 75 34 well
725 1818 209 35 established
948 1818 69 35 and
1030 1818 130 44 plainly
1169 1818 73 43 just
1254 1818 77 34 that
1344 1817 99 35 when
1456 1828 64 24 one

430 1873 121 30 tenant
562 1869 34 34 in
607 1879 161 24 common
778 1868 62 35 has
851 1867 123 35 drilled
985 1879 20 24 a
1016 1867 191 45 producing
1217 1867 46 35 oil
1273 1867 76 35 well
1359 1877 92 34 upon
1462 1867 59 34 the

430 1929 160 24 common
603 1923 171 39 property,
786 1918 44 34 he
841 1923 93 29 must
946 1918 43 34 be
999 1918 100 43 given
1110 1917 110 35 credit
1231 1916 54 36 for
1296 1917 52 34 his
1360 1927 158 24 reasona­

430 1969 56 34 ble
507 1978 164 34 expenses
692 1979 92 33 upon
805 1968 103 42 being
929 1967 159 44 required
1110 1972 35 29 to
1167 1972 147 29 account
1335 1971 35 30 to
1391 1967 52 34 his
1464 1977 55 23 co-­

431 2023 137 30 tenants
581 2018 53 34 for
646 2018 59 34 the
716 2018 45 34 oil
773 2017 204 35 withdrawn
989 2017 91 34 from
1092 2017 59 34 the
1163 2016 91 35 land.
1267 2018 136 33 Prairie
1416 2016 58 35 Oil
1487 2017 31 33 &

432 2069 72 33 Gas
522 2068 60 34 Co.
600 2079 31 23 v.
649 2067 115 41 Allen,
783 2067 60 35 8th
861 2067 84 40 Cir.,
964 2068 21 33 2
1003 2066 85 35 F.2d
1107 2067 78 40 566,
1204 2067 44 33 40
1265 2066 133 35 A.L.R.
1420 2066 99 40 1389;

430 2120 86 33 New
531 2119 153 33 Domain
702 2117 58 35 Oil
778 2118 31 33 &
829 2118 72 34 Gas
920 2117 60 35 Co.
997 2128 30 23 v.
1046 2118 208 41 McKinney,
1275 2117 63 34 188
1357 2116 65 43 Ky.
1444 2117 75 40 183,

432 2169 63 33 221
516 2167 94 35 S.W.
629 2168 79 40 245;
724 2169 97 41 Earp
835 2179 31 22 v.
884 2166 286 35 Mid-Continent
1185 2166 202 35 Petroleum
1405 2167 114 42 Corp.,

434 2218 63 34 167
510 2217 102 35 Okla.
625 2216 206 41 86,
843 2217 131 40 27 P.2d 855, 91
988 2217 133 34 A.L.R.
1137 2217 62 33 188­
1205 2227 7 29 ;
1222 2215 298 44 Paepcke-Leicht

430 2267 78 34 Lbr.
524 2267 59 34 Co.
596 2278 30 23 v.
642 2266 146 41 Collins,
802 2267 41 34 85
857 2266 85 35 Ark.
955 2266 159 41 414, 108
1128 2266 94 34 S.W.
1237 2266 62 34 511;
1308 2264 213 44 Burbridge

430 2328 31 23 v.
482 2316 152 43 Bradley
654 2316 77 35 Lbr.
756 2317 73 39 Co.,
851 2317 66 33 218
940 2316 84 34 Ark.
1048 2316 78 40 897,
1148 2316 67 33 239
1237 2314 143 36 S.W.2d
1401 2316 78 33 285.

397 2399 92 34 That
500 2402 187 30 statement
697 2397 39 35 of
744 2398 65 34 law
819 2408 70 24 was
901 2396 157 35 affirmed
1069 2397 35 34 in
1114 2396 205 39 McMillan,
1337 2398 143 32 Trustee
1488 2407 31 22 v.
