1631 2692
310 413 176 43 appellant
508 414 60 34 has
590 413 178 43 appealed.

315 273 64 34 164

495 490 147 44 Relying
658 500 44 24 on
718 490 172 43 language
905 490 35 34 in
958 489 98 43 Cody
1072 489 72 35 and
1157 491 107 34 Muse
1278 502 30 23 v.
1324 491 112 40 State,
1454 491 67 33 237

311 540 84 34 Ark.
413 542 51 39 15,
478 542 62 33 371
557 539 142 36 S.W.2d
716 541 62 33 143
793 540 138 43 (1963),
944 540 176 45 appellant
1131 540 165 35 contends
1307 541 59 34 the
1377 540 146 35 mistrial

311 590 101 34 could
427 591 86 34 have
527 591 85 34 been
627 590 139 34 averted
780 590 45 44 by
838 590 170 44 diligence
1021 590 68 34 and
1103 601 80 24 care
1196 601 43 24 on
1253 591 59 34 the
1325 596 77 39 part
1415 590 39 35 of
1464 591 59 34 the

311 645 99 29 state.
426 641 39 33 In
481 640 98 44 Cody
593 640 72 35 and
676 642 116 39 Muse,
807 640 98 35 when
919 641 26 34 it
959 640 173 44 appeared
1145 640 124 44 during
1283 641 59 34 the
1355 641 78 34 trial
1447 641 76 34 that

311 690 150 43 insanity
479 690 100 34 could
599 691 142 34 become
759 701 20 23 a
798 690 141 35 defense
957 690 53 35 for
1029 691 115 40 Muse,
1163 691 59 33 the
1240 696 108 35 court,
1367 702 79 23 over
1465 691 58 33 the

310 739 172 43 objection
497 739 39 34 of
547 739 141 35 defense
702 740 150 40 counsel,
867 739 160 35 declared
1042 750 20 23 a
1077 740 145 34 mistrial
1237 740 68 34 and
1319 740 203 34 committed

311 789 83 33 both
409 788 206 35 defendants
631 793 35 29 to
681 788 59 34 the
754 794 90 29 state
859 789 148 44 hospital
1022 788 54 34 for
1090 789 227 34 observation.
1335 790 104 34 Muse
1454 789 68 34 and

311 838 99 43 Cody
425 838 86 34 later
526 837 121 35 moved
662 843 35 29 to
711 838 137 35 dismiss
862 849 44 24 on
920 838 151 44 grounds
1085 838 39 34 of
1135 838 126 35 double
1271 839 169 44 jeopardy
1453 839 69 34 and

310 899 51 23 we
381 888 156 34 reversed
558 888 58 35 the
636 887 115 35 denial
771 888 39 34 of
827 888 89 35 their
936 888 141 35 motion:

434 965 75 35 The
522 964 164 36 manifest
700 966 168 43 necessity
882 965 200 44 permitting
1096 966 59 34 the
1168 966 182 43 discharge
1363 966 39 35 of
1412 977 20 24 a
1442 966 81 43 jury

434 1015 145 35 without
588 1015 182 43 rendering
780 1026 20 23 a
809 1015 131 35 verdict
949 1016 68 34 and
1027 1015 145 35 without
1177 1016 184 43 justifying
1370 1027 21 23 a
1401 1016 76 44 plea
1487 1016 39 34 of

434 1065 126 34 double
568 1064 169 44 jeopardy
750 1076 80 31 may
842 1065 89 34 arise
943 1065 90 34 from
1044 1065 137 34 various
1193 1076 121 23 causes
1326 1076 38 23 or
1376 1066 145 33 circum-

434 1119 146 35 stances;
611 1114 61 34 but
701 1114 59 34 the
788 1114 268 35 circumstances
1085 1120 92 28 must
1206 1115 43 34 be
1277 1115 147 34 forceful
1454 1114 68 34 and

434 1164 217 43 compelling,
678 1163 68 34 and
772 1169 92 29 must
890 1164 42 34 be
957 1164 34 34 in
1017 1163 59 35 the
1101 1169 123 29 nature
1249 1164 39 35 of
1310 1175 21 24 a
1356 1175 104 24 cause
1484 1175 38 23 or

434 1224 204 32 emergency
664 1224 79 23 over
768 1213 112 35 which
906 1214 133 35 neither
1064 1219 99 29 court
1188 1225 62 23 nor
1275 1219 159 39 attorney
1459 1214 62 34 has

433 1264 143 40 control,
589 1274 38 24 or
639 1263 111 34 which
762 1263 101 35 could
876 1269 59 29 not
947 1264 87 34 have
1046 1264 86 34 been
1145 1264 139 34 averted
1296 1264 46 43 by
1353 1264 170 43 diligence

434 1313 67 34 and
522 1324 89 24 care.

402 1390 64 33 We
486 1389 139 44 pointed
646 1394 59 29 out
725 1401 38 23 as
783 1389 54 35 far
857 1401 38 23 as
917 1390 99 43 Cody
1035 1400 69 24 was
1125 1390 191 34 concerned
1336 1391 97 34 there
1452 1401 70 23 was

310 1439 133 34 neither
456 1450 20 23 a
489 1439 76 43 plea
578 1439 39 34 of
627 1439 149 43 insanity
789 1450 62 23 nor
864 1450 20 23 a
897 1440 109 42 single
1018 1439 69 34 line
1098 1439 39 34 of
1147 1439 162 35 evidence
1320 1440 77 34 that
1409 1439 113 35 would

309 1493 140 37 suggest
469 1488 99 44 Cody
588 1494 35 29 to
643 1488 42 34 be
704 1488 131 41 insane;
856 1489 76 34 that
952 1499 83 24 even
1056 1488 30 34 if
1102 1488 59 34 the
1180 1489 147 34 mistrial
1346 1489 69 34 had
1435 1489 86 33 been

305 1537 155 42 justified
470 1548 36 23 as
516 1543 35 29 to
561 1539 114 39 Muse,
685 1538 98 33 there
791 1549 70 23 was
870 1538 144 43 nothing
1023 1542 35 29 to
1067 1543 141 38 prevent
1217 1538 59 34 the
1284 1538 237 35 continuation

309 1586 39 34 of
361 1587 59 34 the
435 1587 79 34 trial
531 1598 37 23 as
584 1593 35 29 to
636 1586 109 44 Cody.
763 1588 50 33 As
830 1592 35 29 to
882 1588 114 41 Muse,
1014 1587 59 34 the
1088 1593 91 29 state
1193 1588 69 34 had
1279 1589 190 42 possession
1485 1588 40 34 of

309 1636 137 34 records
465 1636 53 35 for
536 1636 129 35 several
684 1637 138 34 months
840 1637 113 35 which
971 1637 123 35 should
1112 1637 87 34 have
1216 1638 132 34 alerted
1365 1638 27 34 it
1409 1643 35 30 to
1463 1638 59 34 the

309 1686 113 43 sanity
435 1686 100 41 issue,
549 1686 67 35 and
630 1686 237 44 additionally,
881 1688 106 34 Muse
998 1686 69 35 had
1081 1687 86 34 been
1180 1687 79 34 held
1272 1688 34 34 in
1315 1688 63 43 jail
1391 1688 53 34 for
1456 1687 65 34 five

309 1736 138 34 months
465 1736 119 35 before
602 1747 44 24 an
665 1741 158 39 attorney
841 1737 70 34 had
929 1737 87 34 been
1035 1737 186 43 appointed
1238 1742 37 29 to
1292 1737 126 35 defend
1437 1737 83 41 him,

309 1786 85 34 time
413 1786 111 34 which
545 1786 111 43 might
676 1786 87 34 have
783 1786 87 35 been
891 1787 84 34 used
996 1787 34 34 in
1051 1786 52 34 his
1123 1786 151 35 defense.

401 1863 38 33 In
457 1868 163 36 contrast,
638 1862 59 35 the
714 1862 90 35 facts
822 1863 34 34 in
874 1863 68 35 this
960 1874 79 24 case
1056 1863 181 44 presented
1255 1875 44 23 an
1316 1874 205 33 emergency

308 1912 77 34 that
394 1912 101 35 could
505 1918 59 29 not
574 1913 86 35 have
669 1912 86 35 been
765 1913 140 34 averted
915 1913 45 44 by
969 1913 202 35 reasonable
1180 1924 89 24 care.
1280 1914 73 34 The
1362 1913 79 35 trial
1450 1924 69 24 was

308 1962 186 35 scheduled
506 1962 53 35 for
570 1963 59 34 the
640 1962 84 35 30th
735 1962 39 35 of
782 1963 153 35 October
946 1963 68 35 and
1025 1963 60 34 the
1095 1963 147 41 witness,
1254 1963 184 41 Stuecken,
1450 1974 70 24 was

308 2012 221 43 subpoenaed
548 2013 109 40 twice,
677 2012 83 35 both
779 2012 194 45 subpoenas
992 2012 102 44 being
1113 2013 118 35 served
1249 2013 119 35 within
1386 2025 20 23 a
1424 2013 97 34 week

308 2062 92 43 prior
426 2067 35 29 to
488 2062 89 35 trial.
607 2063 38 34 In
672 2062 156 35 addition
855 2068 35 29 to
917 2063 59 34 the
1002 2062 187 44 subpoena,
1216 2063 59 34 the
1301 2063 219 44 prosecuting

308 2116 158 39 attorney
482 2111 158 45 required
657 2112 59 34 the
731 2112 116 35 actual
864 2123 217 33 appearance
1097 2112 39 35 of
1148 2113 173 34 Stuecken
1337 2113 68 34 and
1421 2113 98 34 other

308 2161 175 35 witnesses
512 2167 36 29 at
577 2162 51 35 his
658 2162 98 34 office
784 2173 44 23 on
857 2162 193 43 Thursday,
1080 2162 152 34 October
1261 2164 55 33 25.
1346 2163 174 34 Stuecken

308 2211 173 43 appeared
511 2211 53 34 for
592 2212 59 34 the
679 2211 174 34 interview
882 2212 82 34 with
994 2222 44 24 no
1066 2217 168 38 apparent
1262 2212 178 43 difficulty.
1469 2213 51 33 As

308 2260 174 34 Stuecken
500 2260 73 41 left,
592 2261 43 34 he
652 2271 69 24 was
740 2261 103 43 again
861 2261 140 35 advised
1019 2260 45 44 by
1081 2261 59 34 the
1157 2266 198 39 prosecutor
1372 2267 35 29 to
1426 2261 42 34 be
1485 2261 35 34 in

308 2315 98 29 court
424 2321 43 23 on
486 2311 59 34 the
563 2310 174 43 following
755 2310 171 45 Tuesday.
947 2312 56 34 He
1020 2310 186 45 developed
1225 2316 101 30 acute
1344 2311 175 35 intestinal

308 2359 195 35 difficulties
515 2371 79 24 over
607 2360 59 35 the
677 2360 163 35 weekend
853 2361 68 34 and
933 2372 70 24 was
1016 2360 169 35 admitted
1197 2366 36 29 to
1244 2361 60 34 the
1315 2361 148 44 hospital
1475 2371 44 24 on

308 2420 43 23 an
367 2420 205 33 emergency
587 2410 91 35 basis
693 2420 44 24 on
752 2410 143 44 Sunday
910 2411 108 42 night.
1035 2411 56 33 He
1105 2410 200 35 underwent
1320 2421 141 33 surgery
1475 2421 44 23 on
