1666 2699
264 394 269 35 constitutional.
548 394 31 34 It
591 394 27 34 is
631 399 60 30 not
703 405 20 23 a
736 394 240 36 fundamental
988 395 115 35 defect
1115 395 112 35 which
1239 395 111 35 inher-

264 444 94 43 ently
374 444 122 34 results
513 444 35 34 in
565 454 20 24 a
602 444 171 43 complete
788 444 223 44 miscarriage
1026 445 40 34 of
1075 445 137 43 justice,
1229 456 61 24 nor
1307 456 44 23 an

264 493 162 35 omission
447 493 224 35 inconsistent
691 494 82 34 with
793 494 59 34 the
871 494 238 44 rudimentary
1129 494 166 35 demands
1315 495 39 34 of

266 542 66 35 fair
352 543 198 43 procedure.
573 544 31 33 It
623 543 82 35 does
725 549 59 29 not
804 550 136 38 present
960 544 227 44 ‘exceptional
1206 545 145 34 circum-

265 597 134 30 stances
411 593 113 34 where
534 593 60 34 the
603 592 87 36 need
701 592 54 35 for
765 594 59 34 the
834 594 141 44 remedy
985 593 158 36 afforded
1153 594 45 43 by
1208 594 58 35 the
1276 594 76 34 writ

265 641 39 35 of
322 642 131 35 habeas
472 653 129 34 corpus
620 643 28 34 is
669 649 178 37 apparent.
875 671 6 6 .
909 644 19 34 .’

1283 255 65 33 635

143 719 38 34 In
205 719 78 35 U.S.
305 730 30 23 v.
355 719 129 41 Smith,
506 720 69 34 440
597 720 85 34 F.2d
704 721 78 40 521,
803 720 58 35 the
880 726 99 29 court
999 720 85 35 said:

358 797 109 43 Every
485 796 122 35 inroad
625 808 45 24 on
688 797 59 34 the
765 803 145 38 concept
926 798 40 34 of
981 797 134 45 finality
1133 798 220 35 undermines

267 846 198 35 confidence
489 847 34 34 in
548 847 59 34 the
632 847 162 44 integrity
817 847 39 35 of
876 858 63 24 our
964 848 217 44 procedures;
1205 848 79 42 and,
1309 848 45 44 by

267 896 192 43 increasing
476 897 59 34 the
549 897 139 35 volume
704 896 39 35 of
752 897 144 43 judicial
913 898 104 40 work,
1034 898 187 44 inevitably
1236 898 117 44 delays

267 946 69 34 and
359 946 141 44 impairs
523 946 60 35 the
605 947 136 43 orderly
764 947 279 36 administration
1065 948 39 34 of
1121 948 136 44 justice.
1280 948 75 36 The

268 996 130 44 impact
420 996 27 34 is
470 1001 151 39 greatest
644 996 99 35 when
766 1008 73 24 new
861 997 151 43 grounds
1036 997 54 35 for
1112 998 126 43 setting
1260 998 95 35 aside

267 1046 110 44 guilty
399 1046 93 43 pleas
515 1057 59 24 are
596 1047 173 43 approved
791 1047 147 35 because
960 1047 59 35 the
1039 1053 76 29 vast
1137 1048 161 44 majority
1319 1048 39 34 of

267 1096 159 34 criminal
436 1096 211 35 convictions
658 1097 108 34 result
776 1096 90 35 from
876 1097 86 34 such
973 1097 106 44 pleas.
1092 1098 193 41 Moreover,
1296 1098 60 33 the

268 1155 146 25 concern
431 1145 77 35 that
524 1145 117 35 unfair
657 1146 205 44 procedures
879 1157 81 33 may
977 1146 87 35 have
1080 1147 150 34 resulted
1247 1148 34 34 in
1297 1147 59 34 the

268 1195 192 34 conviction
469 1195 40 34 of
515 1206 45 24 an
570 1195 162 35 innocent
741 1195 189 35 defendant
940 1196 28 35 is
978 1196 80 44 only
1068 1196 112 44 rarely
1189 1196 112 35 raised
1311 1197 45 43 by

268 1255 21 23 a
309 1244 144 44 petition
473 1250 35 29 to
528 1250 53 29 set
600 1245 96 35 aside
716 1256 21 23 a
758 1246 108 43 guilty
886 1246 89 43 plea.

237 1321 189 35 McDaniel
436 1321 119 44 signed
565 1333 20 23 a
594 1322 281 44 comprehensive
883 1328 201 38 agreement
1093 1329 35 29 to
1137 1323 101 43 plead
1247 1323 109 44 guilty

144 1371 113 34 which
279 1371 288 44 unquestionably
588 1372 111 34 shows
721 1377 35 29 to
777 1373 93 34 what
891 1373 128 43 charge
1040 1373 44 34 he
1104 1383 70 24 was
1195 1373 160 43 pleading

144 1421 122 43 guilty,
282 1421 59 34 the
356 1431 106 33 range
476 1421 39 34 of
527 1422 149 43 possible
691 1427 171 35 sentence,
878 1422 68 34 and
962 1433 101 33 every
1077 1422 106 35 detail
1199 1423 157 44 required

145 1475 122 39 except
283 1470 59 35 the
358 1471 187 44 particular
561 1470 90 36 facts
667 1472 207 42 concerning
890 1472 97 35 these
1002 1472 135 35 crimes.
1154 1472 74 35 The
1243 1483 112 34 prose-

144 1521 119 42 cuting
280 1526 158 38 attorney
453 1521 157 44 supplied
626 1521 68 35 this
711 1521 234 42 information;
962 1522 26 35 it
1003 1522 59 34 did
1078 1528 60 29 not
1153 1533 98 24 come
1266 1523 90 34 from

145 1571 60 34 the
223 1571 122 34 mouth
364 1570 39 36 of
418 1571 58 34 the
490 1570 119 44 judge.
629 1572 217 44 Apparently
865 1571 53 35 for
936 1573 77 34 that
1031 1583 122 24 reason
1172 1573 99 34 alone
1290 1573 67 34 this

144 1621 111 42 guilty
266 1621 77 43 plea
355 1621 27 34 is
393 1626 51 29 set
454 1621 106 35 aside.
573 1622 59 33 No
642 1621 253 36 consideration
906 1627 36 29 at
953 1622 46 35 all
1010 1622 28 34 is
1049 1622 99 43 given
1159 1627 36 29 to
1205 1622 152 35 whether

144 1670 60 34 the
218 1670 77 44 plea
308 1682 70 23 was
390 1671 192 43 voluntary.
596 1672 49 33 At
658 1672 60 33 the
730 1672 77 42 plea
821 1672 143 42 hearing
977 1671 59 35 the
1048 1672 80 34 trial
1141 1677 98 29 court
1252 1672 105 34 asked

146 1720 192 33 McDaniel
351 1720 29 34 if
389 1719 44 34 he
445 1731 70 23 was
528 1720 156 43 entering
698 1731 20 23 a
731 1721 76 43 plea
821 1720 39 35 of
869 1721 110 44 guilty
991 1720 40 35 of
1040 1721 52 34 his
1105 1732 75 24 own
1193 1721 73 35 free
1278 1721 78 34 will.

146 1769 56 34 He
213 1768 176 35 answered
400 1780 68 32 yes.
481 1771 49 33 At
540 1769 59 34 the
610 1770 91 34 Rule
712 1771 43 33 37
767 1770 153 43 hearing,
933 1771 191 34 McDaniel
1134 1781 70 24 was
1215 1770 105 35 asked
1331 1771 30 34 if

145 1818 44 34 he
197 1818 209 43 voluntarily
416 1818 140 35 entered
566 1819 60 34 the
636 1820 88 43 plea,
736 1819 68 35 and
815 1820 43 34 he
868 1820 177 35 answered
1055 1820 76 35 that
1142 1825 36 29 at
1188 1821 76 34 that
1273 1820 85 35 time

146 1868 26 34 it
192 1879 71 24 was
282 1869 191 43 voluntary.

237 1945 95 35 Trial
349 1951 115 29 courts
481 1945 68 36 and
568 1947 173 43 appellate
758 1951 114 30 courts
890 1958 59 23 are
966 1947 190 35 inundated
1173 1948 82 34 with
1272 1947 84 45 peti-

145 1995 91 35 tions
245 2000 36 29 to
291 2001 53 29 set
352 1995 95 35 aside
457 1996 110 43 guilty
576 1996 96 44 pleas
682 1996 69 34 and
757 1996 80 45 jury
845 1997 160 34 verdicts.
1015 1997 75 34 The
1099 2002 90 30 most
1197 2008 161 24 common

146 2045 152 43 grounds
309 2045 133 44 alleged
453 2045 34 35 in
498 2046 85 34 such
594 2056 96 25 cases
701 2057 60 23 are
771 2046 194 35 ineffective
975 2046 189 35 assistance
1174 2047 39 34 of
1220 2047 139 35 counsel

146 2095 69 34 and
238 2095 171 35 technical
431 2095 181 35 violations
634 2096 40 34 of
693 2095 59 35 the
775 2096 105 34 Rules
903 2096 39 34 of
962 2096 170 35 Criminal
1155 2097 202 34 Procedure.

146 2144 130 44 Rarely
289 2145 28 34 is
330 2155 68 34 any
410 2145 158 43 question
580 2145 114 35 raised
706 2145 40 34 of
755 2146 60 34 the
826 2146 97 35 truth
934 2146 40 34 of
983 2146 60 34 the
1055 2151 139 36 matter,
1205 2146 113 35 which
1330 2146 29 34 is

146 2194 60 35 the
217 2194 88 44 guilt
317 2205 38 24 or
367 2195 186 35 innocence
564 2194 40 35 of
612 2195 59 35 the
683 2195 200 35 defendant.
897 2196 31 34 It
939 2196 28 34 is
979 2195 293 36 understandable
1283 2196 76 34 how

146 2250 68 29 two
228 2255 99 34 years
341 2245 90 35 after
444 2245 59 35 the
516 2245 84 41 fact,
615 2246 191 34 McDaniel
820 2246 129 43 forgets
963 2246 76 35 that
1053 2246 43 35 he
1109 2257 70 24 was
1193 2245 117 36 forced
1324 2251 35 29 to

147 2294 78 35 face
235 2305 45 24 on
290 2306 22 23 a
322 2295 99 43 given
431 2295 68 44 day
509 2296 60 34 the
575 2295 109 44 judge
693 2306 38 23 or
741 2296 61 34 the
808 2296 79 43 jury
898 2301 36 29 to
944 2306 132 25 answer
1087 2296 53 35 for
1151 2296 130 34 serious
1291 2296 69 34 and

146 2344 129 35 violent
292 2345 157 33 criminal
467 2344 174 35 behavior.
661 2346 56 33 He
734 2345 103 34 chose
854 2350 35 29 to
906 2345 78 35 face
1001 2345 59 34 the
1073 2345 118 43 judge.
1210 2346 89 33 Now
1317 2345 43 34 he

147 2393 89 34 finds
249 2393 46 34 all
308 2399 87 28 sorts
408 2393 39 33 of
456 2404 139 23 reasons
608 2399 36 28 to
657 2399 51 29 set
721 2394 96 33 aside
829 2393 52 35 his
893 2395 110 42 guilty
1016 2394 77 42 plea
1106 2394 69 34 and
1187 2399 171 29 sentence.
