1624 2688
299 280 63 33 126

384 899 158 43 Atchley,
555 899 154 40 Russell,
726 898 165 45 Waldrop
904 900 30 34 &
946 899 192 41 Hlavinka,
1150 899 54 44 by:
1215 899 145 35 JohnR.
1373 901 133 42 Mercy,

294 949 53 34 for
368 949 185 44 appellant.

383 1031 105 34 Steve
511 1030 120 41 Clark,
654 1031 99 43 Att’y
774 1031 101 41 Gen.,
899 1031 54 43 by:
975 1030 83 35 Joel
1080 1031 117 34 Oliver
1216 1032 173 42 Huggins,
1412 1032 94 33 Asst.

293 1080 99 43 Att’y
412 1080 101 40 Gen.,
534 1080 53 34 for
608 1080 164 44 appellee.

384 1160 161 35 George
570 1161 100 34 Rose
695 1161 131 40 Smith,
852 1161 140 34 Justice.

1018 1161 74 34 The
1117 1161 187 44 appellant,
1330 1161 177 34 Desmond

294 1211 126 42 Bryan,
445 1221 74 23 now
543 1210 88 43 aged
656 1211 55 40 67,
734 1221 70 24 was
828 1210 151 43 charged
1002 1211 82 34 with
1108 1221 83 33 rape
1214 1211 34 34 in
1272 1211 77 34 that
1371 1211 44 34 he
1438 1211 69 34 had

293 1259 156 43 engaged
465 1260 34 33 in
514 1259 136 35 deviate
664 1260 118 34 sexual
798 1260 141 44 activity
954 1260 83 35 with
1052 1271 20 24 a
1088 1260 224 44 six-year-old
1327 1260 77 44 boy.
1420 1261 85 34 Ark.

293 1309 89 34 Stat.
397 1310 91 33 Ann.
505 1309 17 42 §
538 1308 269 44 41-1803(l)(c)
826 1309 115 44 (Repl.
961 1309 116 43 1977).
1092 1310 74 34 The
1175 1310 81 43 jury
1269 1310 108 34 found
1391 1311 115 42 Bryan

293 1359 109 43 guilty
417 1358 68 34 and
500 1359 154 43 imposed
669 1370 20 23 a
704 1359 60 34 life
777 1364 172 29 sentence.
964 1360 113 33 Three
1091 1360 112 43 points
1217 1359 54 35 for
1285 1360 148 34 reversal
1448 1371 59 23 are

293 1408 140 42 argued.

476 1489 74 34 The
574 1489 80 43 only
678 1488 162 35 evidence
864 1489 204 35 introduced
1092 1489 46 44 by
1162 1490 144 43 Bryan’s
1331 1495 174 39 court-ap­

293 1538 139 44 pointed
444 1538 78 35 trial
534 1539 138 34 counsel
683 1550 69 25 was
763 1550 20 24 a
795 1544 115 39 report
920 1539 39 34 of
966 1550 20 23 a
998 1539 255 44 psychological
1264 1540 195 34 evaluation
1470 1540 39 34 of

294 1589 114 42 Bryan
421 1588 103 35 made
536 1588 34 35 in
583 1589 215 43 September,
816 1590 99 40 1984,
928 1589 98 35 three
1038 1589 138 35 months
1190 1589 90 35 after
1292 1590 59 34 the
1362 1590 141 34 offense.

292 1638 74 34 The
381 1638 197 43 examining
593 1639 231 43 psychologist
839 1639 114 35 stated
968 1639 34 35 in
1018 1639 52 34 his
1085 1644 115 39 report
1215 1639 76 35 that
1306 1640 114 43 Bryan
1435 1651 70 23 was

291 1698 112 33 vague
418 1688 106 35 about
540 1688 59 35 the
613 1688 136 35 various
765 1689 145 43 charges
926 1689 40 34 of
978 1689 119 34 sexual
1113 1689 215 35 misconduct
1343 1690 76 34 that
1435 1689 70 35 had

292 1738 150 34 resulted
457 1738 34 34 in
507 1738 51 34 his
574 1738 101 43 being
690 1738 34 34 in
740 1738 114 44 prison
869 1738 54 35 for
942 1740 36 33 11
998 1750 109 32 years.
1123 1739 32 34 It
1169 1739 27 34 is
1211 1739 130 43 argued
1355 1739 77 34 that
1446 1739 59 34 the

292 1787 79 34 trial
384 1792 99 29 court
496 1787 122 35 should
632 1788 88 34 have
732 1788 167 34 excluded
913 1788 77 34 that
1003 1788 176 34 reference
1191 1793 36 30 to
1240 1789 91 43 prior
1344 1789 160 40 offenses,

292 1847 83 23 even
387 1837 131 42 though
530 1837 142 34 defense
682 1837 139 34 counsel
832 1837 132 35 offered
976 1837 59 35 the
1046 1843 114 38 report
1171 1837 68 36 and
1251 1838 102 34 made
1364 1849 44 23 no
1419 1838 85 34 such

292 1891 147 38 request.
457 1887 73 34 Not
545 1887 80 43 only
639 1898 70 23 was
724 1887 59 34 the
798 1887 154 34 asserted
968 1898 93 24 error
1075 1887 128 35 invited
1218 1888 45 43 by
1278 1888 59 34 the
1351 1887 152 42 defense,

291 1935 176 35 doubtless
480 1936 34 34 in
527 1936 59 35 the
598 1936 107 35 belief
715 1937 76 34 that
803 1937 59 35 the
875 1937 176 35 reference
1063 1949 69 23 was
1145 1938 101 34 offset
1259 1938 44 43 by
1316 1938 59 34 the
1387 1943 69 29 rest
1468 1938 40 34 of

291 1986 59 34 the
361 1986 207 41 evaluation;
580 1986 26 35 it
617 1997 70 24 was
699 1991 59 30 not
769 1987 59 34 the
839 1987 79 34 trial
926 1987 136 43 judge’s
1074 1987 253 44 responsibility
1337 1992 36 30 to
1384 1998 120 24 censor

291 2035 59 34 the
370 2036 170 43 five-page
560 2041 115 38 report
695 2036 119 34 before
834 2036 26 35 it
880 2047 70 24 was
971 2037 180 40 admitted,
1173 2037 44 43 by
1237 2037 211 43 stipulation.

381 2117 33 33 A
425 2116 126 34 second
561 2121 184 38 argument
754 2117 176 43 questions
940 2117 59 34 the
1009 2117 198 43 sufficiency
1216 2117 39 34 of
1261 2118 60 34 the
1330 2117 172 35 evidence.

292 2166 65 33 For
367 2166 130 34 several
508 2166 111 34 weeks
630 2165 120 35 before
759 2166 60 34 the
829 2166 68 43 day
907 2166 39 34 of
953 2166 59 34 the
1022 2166 132 35 offense
1163 2167 59 34 the
1232 2166 121 35 child’s
1363 2172 140 38 parents

291 2214 69 35 had
370 2215 144 34 allowed
525 2215 73 34 him
608 2220 35 30 to
653 2216 170 34 associate
833 2216 83 34 with
927 2217 125 42 Bryan.
1064 2216 57 34 On
1131 2216 76 34 that
1217 2216 68 44 day
1295 2216 59 34 the
1363 2222 140 38 parents

290 2276 89 23 were
398 2264 131 35 alerted
549 2265 44 44 by
612 2276 20 23 a
652 2270 157 38 stranger
828 2270 35 30 to
882 2265 59 35 the
959 2266 191 43 possibility
1169 2266 39 34 of
1223 2266 216 34 misconduct
1458 2266 46 43 by

291 2315 125 43 Bryan.
433 2314 75 34 The
522 2314 115 35 father
653 2326 62 23 ran
731 2320 35 29 to
782 2315 144 44 Bryan’s
942 2315 130 44 nearby
1087 2316 176 34 residence
1278 2315 68 35 and
1362 2316 141 34 entered

290 2364 59 34 the
359 2364 90 35 back
459 2364 83 34 door
553 2364 145 35 without
708 2365 181 42 knocking.
902 2365 103 43 Upon
1016 2376 20 23 a
1047 2365 66 34 bed
1124 2365 45 43 by
1179 2365 59 34 the
1248 2365 83 34 door
1341 2366 60 34 the
1410 2365 94 34 child

290 2424 70 23 was
371 2414 93 43 lying
474 2424 44 24 on
529 2414 52 34 his
593 2414 89 34 back
691 2413 82 35 with
785 2414 52 34 his
848 2419 101 39 pants
959 2414 100 35 down
1070 2420 35 29 to
1116 2415 52 34 his
1178 2415 114 34 knees.
1304 2415 75 34 The
1388 2414 116 35 father
