1648 2688
299 393 188 42 Lockhart,
508 394 67 34 288
596 394 85 34 Ark.
704 394 55 40 92,
781 394 68 34 702
869 393 143 35 S.W.2d
1033 394 20 34 9
1076 393 138 43 (1986).

299 254 69 34 420

483 471 35 35 If
538 470 59 36 the
621 472 79 34 lack
722 471 40 35 of
782 482 20 24 a
827 471 196 44 typewriter
1047 471 28 34 is
1100 471 181 43 hindering
1305 471 204 44 appellant’s

299 531 116 24 access
431 526 36 29 to
483 521 68 34 this
568 521 121 41 Court,
706 521 44 34 he
766 531 81 34 may
863 522 81 34 seek
959 521 203 44 permission
1179 526 35 29 to
1231 521 146 44 proceed
1389 532 68 33 pro
1471 532 38 23 se

298 570 83 36 with
397 582 20 24 a
433 570 231 35 handwritten
680 570 99 35 brief.
796 572 50 33 As
862 582 51 23 we
928 570 75 35 said
1019 571 35 34 in
1071 571 104 34 Glick
1189 582 30 23 v.
1236 571 187 41 Lockhart,
1441 572 66 33 288

298 621 85 34 Ark.
394 619 315 43 417, 706 S.W.2d
725 622 62 33 178
802 620 137 44 (1986),
951 621 112 34 which
1074 632 69 23 was
1155 621 73 34 also
1238 620 144 35 decided
1393 621 115 44 today,

298 670 202 44 permission
511 675 36 30 to
557 671 57 34 file
624 681 20 24 a
655 670 231 35 handwritten
897 670 92 35 brief
996 671 68 34 will
1075 671 43 34 be
1128 670 146 44 granted
1284 682 92 33 upon
1387 682 122 33 proper

298 720 130 34 motion
441 720 30 34 if
479 720 176 43 appellant
667 720 118 34 makes
798 731 20 23 a
830 720 207 35 substantial
1050 720 153 43 showing
1214 720 77 34 that
1302 720 53 34 his
1367 720 68 35 suit
1447 721 61 34 has

298 769 101 34 merit
419 769 69 34 and
508 769 76 34 that
604 769 44 34 he
667 769 28 34 is
715 769 127 34 unable
862 775 36 28 to
917 769 130 34 submit
1067 780 21 24 a
1108 769 104 44 typed
1233 769 99 35 brief.

389 846 137 35 Motion
547 846 133 35 denied.

387 924 160 42 Purtle,
568 926 42 40 J.,
631 930 60 30 not
711 925 255 45 participating.

392 1205 148 34 Edward
561 1205 146 35 Charles
726 1205 208 35 PICKENS
955 1216 29 23 v.
1006 1206 152 34 STATE
1177 1205 39 35 of
1233 1206 178 34 Arkansas

296 1282 65 35 CR
383 1283 106 34 86-42

1186 1285 68 33 706
1274 1284 144 35 S.W.2d
1442 1285 64 34 179

623 1361 170 43 Supreme
813 1361 111 34 Court
943 1361 40 35 of
999 1362 178 34 Arkansas

559 1410 152 43 Opinion
731 1410 172 35 delivered
924 1411 127 34 March
1073 1412 55 39 24,
1153 1412 88 33 1986

381 2388 120 34 Achor
520 2390 31 33 &
570 2390 236 42 Rosenzweig,
826 2389 55 44 by:
900 2389 79 44 Jeff
987 2391 237 42 Rosenzweig,
1243 2390 54 35 for
1315 2390 186 44 appellant.
