<?xml version='1.0' encoding='utf-8'?>
<alto xmlns="http://www.loc.gov/standards/alto/ns-v3#">
  <!--Created by Innodata R.E.D. RLI tool: 2017-04-25 06:27:30.482030-->
  <Description>
    <MeasurementUnit>pixel</MeasurementUnit>
    <sourceImageInformation>
      <fileName>32044078577194_00213_0.tif</fileName>
    </sourceImageInformation>
    <OCRProcessing ID="OP_1">
      <ocrProcessingStep>
        <processingStepDescription>Alto coordinates refer to the deskewed TIFF file. 
		To convert point (x, y) to original image (TIFF or JP2) apply transformation matrix T=(m00, m01, m10, m11, b0, b1) using the rule:
			T * (x,y) = (m00 * x + m01 * y + b0), (m10 * x + m11 * y + b1)</processingStepDescription>
        <processingStepSettings>RED.transform=(0.9999755001000415, -0.006999942833473391, 0.006999942833473391, 0.9999755001000415, 0.9080000000000155, -11.26799999999997)</processingStepSettings>
      </ocrProcessingStep>
    </OCRProcessing>
  </Description>
  <Styles>
    <TextStyle FONTFAMILY="Times New Roman" FONTSIZE="11.00" FONTTYPE="serif" FONTWIDTH="proportional" ID="Style_3"/>
  </Styles>
  <Tags>
    <StructureTag ID="b424-15" LABEL="p"/>
    <StructureTag ID="b425-4" LABEL="pagelabel"/>
    <StructureTag ID="b425-6" LABEL="p"/>
    <StructureTag ID="b425-7" LABEL="p"/>
    <StructureTag ID="b425-8" LABEL="blockquote"/>
    <StructureTag ID="b425-9" LABEL="p"/>
  </Tags>
  <Layout>
    <Page HEIGHT="2699" ID="PG_425" PHYSICAL_IMG_NR="425" WIDTH="1665">
      <PrintSpace HEIGHT="2699" HPOS="0" ID="PS_425" VPOS="0" WIDTH="1665">
        <TextBlock HEIGHT="144.0" HPOS="142.0" ID="BL_425.1" TAGREFS="b424-15" VPOS="399.0" WIDTH="1213.0">
          <TextLine HEIGHT="44" HPOS="143" ID="TL_425.1.1" VPOS="399" WIDTH="1212">
            <String CONTENT="Fran" HEIGHT="34" HPOS="143" ID="ST_425.1.1.1" STYLEREFS="Style_3" VPOS="400" WIDTH="90" WC="0.83" CC="0000" TAGREFS=""/>
            <SP HPOS="233" ID="SP_425.1.1.2" VPOS="400" WIDTH="20"/>
            <String CONTENT="Hall," HEIGHT="40" HPOS="253" ID="ST_425.1.1.3" STYLEREFS="Style_3" VPOS="400" WIDTH="94" WC="0.68" CC="00000" TAGREFS=""/>
            <SP HPOS="347" ID="SP_425.1.1.4" VPOS="410" WIDTH="17"/>
            <String CONTENT="a" HEIGHT="24" HPOS="364" ID="ST_425.1.1.5" STYLEREFS="Style_3" VPOS="410" WIDTH="21" WC="1.00" CC="0" TAGREFS=""/>
            <SP HPOS="385" ID="SP_425.1.1.6" VPOS="400" WIDTH="17"/>
            <String CONTENT="police" HEIGHT="43" HPOS="402" ID="ST_425.1.1.7" STYLEREFS="Style_3" VPOS="400" WIDTH="110" WC="0.63" CC="000000" TAGREFS=""/>
            <SP HPOS="512" ID="SP_425.1.1.8" VPOS="400" WIDTH="17"/>
            <String CONTENT="specialist" HEIGHT="43" HPOS="529" ID="ST_425.1.1.9" STYLEREFS="Style_3" VPOS="400" WIDTH="175" WC="0.67" CC="0000000000" TAGREFS=""/>
            <SP HPOS="704" ID="SP_425.1.1.10" VPOS="400" WIDTH="16"/>
            <String CONTENT="in" HEIGHT="34" HPOS="720" ID="ST_425.1.1.11" STYLEREFS="Style_3" VPOS="400" WIDTH="36" WC="0.38" CC="00" TAGREFS=""/>
            <SP HPOS="756" ID="SP_425.1.1.12" VPOS="400" WIDTH="16"/>
            <String CONTENT="these" HEIGHT="35" HPOS="772" ID="ST_425.1.1.13" STYLEREFS="Style_3" VPOS="400" WIDTH="98" WC="0.98" CC="00000" TAGREFS=""/>
            <SP HPOS="870" ID="SP_425.1.1.14" VPOS="405" WIDTH="16"/>
            <String CONTENT="matters," HEIGHT="36" HPOS="886" ID="ST_425.1.1.15" STYLEREFS="Style_3" VPOS="405" WIDTH="156" WC="0.87" CC="00000000" TAGREFS=""/>
            <SP HPOS="1042" ID="SP_425.1.1.16" VPOS="400" WIDTH="18"/>
            <String CONTENT="interviewed" HEIGHT="35" HPOS="1060" ID="ST_425.1.1.17" STYLEREFS="Style_3" VPOS="400" WIDTH="219" WC="0.73" CC="00000000000" TAGREFS=""/>
            <SP HPOS="1279" ID="SP_425.1.1.18" VPOS="399" WIDTH="16"/>
            <String CONTENT="the" HEIGHT="35" HPOS="1295" ID="ST_425.1.1.19" STYLEREFS="Style_3" VPOS="399" WIDTH="60" WC="0.65" CC="000" TAGREFS=""/>
          </TextLine>
          <TextLine HEIGHT="42" HPOS="142" ID="TL_425.1.2" VPOS="448" WIDTH="1212">
            <String CONTENT="child." HEIGHT="35" HPOS="142" ID="ST_425.1.2.1" STYLEREFS="Style_3" VPOS="448" WIDTH="104" WC="0.93" CC="000000" TAGREFS=""/>
            <SP HPOS="246" ID="SP_425.1.2.2" VPOS="449" WIDTH="24"/>
            <String CONTENT="On" HEIGHT="34" HPOS="270" ID="ST_425.1.2.3" STYLEREFS="Style_3" VPOS="449" WIDTH="56" WC="1.00" CC="00" TAGREFS=""/>
            <SP HPOS="326" ID="SP_425.1.2.4" VPOS="449" WIDTH="21"/>
            <String CONTENT="the" HEIGHT="35" HPOS="347" ID="ST_425.1.2.5" STYLEREFS="Style_3" VPOS="449" WIDTH="59" WC="0.80" CC="000" TAGREFS=""/>
            <SP HPOS="406" ID="SP_425.1.2.6" VPOS="449" WIDTH="21"/>
            <String CONTENT="basis" HEIGHT="35" HPOS="427" ID="ST_425.1.2.7" STYLEREFS="Style_3" VPOS="449" WIDTH="92" WC="1.00" CC="00000" TAGREFS=""/>
            <SP HPOS="519" ID="SP_425.1.2.8" VPOS="449" WIDTH="22"/>
            <String CONTENT="of" HEIGHT="34" HPOS="541" ID="ST_425.1.2.9" STYLEREFS="Style_3" VPOS="449" WIDTH="39" WC="1.00" CC="00" TAGREFS=""/>
            <SP HPOS="580" ID="SP_425.1.2.10" VPOS="450" WIDTH="18"/>
            <String CONTENT="that" HEIGHT="34" HPOS="598" ID="ST_425.1.2.11" STYLEREFS="Style_3" VPOS="450" WIDTH="77" WC="0.96" CC="0000" TAGREFS=""/>
            <SP HPOS="675" ID="SP_425.1.2.12" VPOS="449" WIDTH="21"/>
            <String CONTENT="interview," HEIGHT="41" HPOS="696" ID="ST_425.1.2.13" STYLEREFS="Style_3" VPOS="449" WIDTH="184" WC="0.87" CC="0000000000" TAGREFS=""/>
            <SP HPOS="880" ID="SP_425.1.2.14" VPOS="449" WIDTH="23"/>
            <String CONTENT="McGuire" HEIGHT="35" HPOS="903" ID="ST_425.1.2.15" STYLEREFS="Style_3" VPOS="449" WIDTH="175" WC="0.91" CC="0000000" TAGREFS=""/>
            <SP HPOS="1078" ID="SP_425.1.2.16" VPOS="460" WIDTH="21"/>
            <String CONTENT="was" HEIGHT="24" HPOS="1099" ID="ST_425.1.2.17" STYLEREFS="Style_3" VPOS="460" WIDTH="70" WC="0.81" CC="000" TAGREFS=""/>
            <SP HPOS="1169" ID="SP_425.1.2.18" VPOS="449" WIDTH="21"/>
            <String CONTENT="arrested," HEIGHT="41" HPOS="1190" ID="ST_425.1.2.19" STYLEREFS="Style_3" VPOS="449" WIDTH="164" WC="0.90" CC="000000000" TAGREFS=""/>
          </TextLine>
          <TextLine HEIGHT="44" HPOS="142" ID="TL_425.1.3" VPOS="499" WIDTH="1007">
            <String CONTENT="convicted" HEIGHT="34" HPOS="142" ID="ST_425.1.3.1" STYLEREFS="Style_3" VPOS="499" WIDTH="180" WC="0.98" CC="000000000" TAGREFS=""/>
            <SP HPOS="322" ID="SP_425.1.3.2" VPOS="499" WIDTH="20"/>
            <String CONTENT="and" HEIGHT="35" HPOS="342" ID="ST_425.1.3.3" STYLEREFS="Style_3" VPOS="499" WIDTH="68" WC="0.87" CC="000" TAGREFS=""/>
            <SP HPOS="410" ID="SP_425.1.3.4" VPOS="499" WIDTH="21"/>
            <String CONTENT="sentenced" HEIGHT="35" HPOS="431" ID="ST_425.1.3.5" STYLEREFS="Style_3" VPOS="499" WIDTH="184" WC="0.90" CC="000000000" TAGREFS=""/>
            <SP HPOS="615" ID="SP_425.1.3.6" VPOS="505" WIDTH="21"/>
            <String CONTENT="to" HEIGHT="29" HPOS="636" ID="ST_425.1.3.7" STYLEREFS="Style_3" VPOS="505" WIDTH="35" WC="0.96" CC="00" TAGREFS=""/>
            <SP HPOS="671" ID="SP_425.1.3.8" VPOS="500" WIDTH="25"/>
            <String CONTENT="10" HEIGHT="33" HPOS="696" ID="ST_425.1.3.9" STYLEREFS="Style_3" VPOS="500" WIDTH="41" WC="0.83" CC="00" TAGREFS=""/>
            <SP HPOS="737" ID="SP_425.1.3.10" VPOS="510" WIDTH="20"/>
            <String CONTENT="years" HEIGHT="33" HPOS="757" ID="ST_425.1.3.11" STYLEREFS="Style_3" VPOS="510" WIDTH="98" WC="0.98" CC="00000" TAGREFS=""/>
            <SP HPOS="855" ID="SP_425.1.3.12" VPOS="499" WIDTH="21"/>
            <String CONTENT="imprisonment." HEIGHT="44" HPOS="876" ID="ST_425.1.3.13" STYLEREFS="Style_3" VPOS="499" WIDTH="273" WC="0.92" CC="0000000000000" TAGREFS=""/>
          </TextLine>
        </TextBlock>
        <TextBlock HEIGHT="34.0" HPOS="1286.0" ID="BL_425.3" TAGREFS="b425-4" VPOS="259.0" WIDTH="63.0">
          <TextLine HEIGHT="34" HPOS="1286" ID="TL_425.3.1" VPOS="259" WIDTH="63">
            <String CONTENT="391" HEIGHT="34" HPOS="1286" ID="ST_425.3.1.1" STYLEREFS="Style_3" VPOS="259" WIDTH="63" WC="0.67" CC="000" TAGREFS=""/>
          </TextLine>
        </TextBlock>
        <TextBlock HEIGHT="543.0" HPOS="142.0" ID="BL_425.4" TAGREFS="b425-6" VPOS="575.0" WIDTH="1218.0">
          <TextLine HEIGHT="46" HPOS="235" ID="TL_425.4.1" VPOS="575" WIDTH="1121">
            <String CONTENT="Before" HEIGHT="36" HPOS="235" ID="ST_425.4.1.1" STYLEREFS="Style_3" VPOS="575" WIDTH="126" WC="0.92" CC="000000" TAGREFS=""/>
            <SP HPOS="361" ID="SP_425.4.1.2" VPOS="576" WIDTH="14"/>
            <String CONTENT="trial" HEIGHT="34" HPOS="375" ID="ST_425.4.1.3" STYLEREFS="Style_3" VPOS="576" WIDTH="79" WC="0.90" CC="00000" TAGREFS=""/>
            <SP HPOS="454" ID="SP_425.4.1.4" VPOS="576" WIDTH="15"/>
            <String CONTENT="the" HEIGHT="35" HPOS="469" ID="ST_425.4.1.5" STYLEREFS="Style_3" VPOS="576" WIDTH="59" WC="0.77" CC="000" TAGREFS=""/>
            <SP HPOS="528" ID="SP_425.4.1.6" VPOS="581" WIDTH="14"/>
            <String CONTENT="state" HEIGHT="30" HPOS="542" ID="ST_425.4.1.7" STYLEREFS="Style_3" VPOS="581" WIDTH="91" WC="1.00" CC="00000" TAGREFS=""/>
            <SP HPOS="633" ID="SP_425.4.1.8" VPOS="576" WIDTH="14"/>
            <String CONTENT="filed" HEIGHT="35" HPOS="647" ID="ST_425.4.1.9" STYLEREFS="Style_3" VPOS="576" WIDTH="80" WC="0.78" CC="00000" TAGREFS=""/>
            <SP HPOS="727" ID="SP_425.4.1.10" VPOS="587" WIDTH="16"/>
            <String CONTENT="a" HEIGHT="23" HPOS="743" ID="ST_425.4.1.11" STYLEREFS="Style_3" VPOS="587" WIDTH="20" WC="1.00" CC="0" TAGREFS=""/>
            <SP HPOS="763" ID="SP_425.4.1.12" VPOS="576" WIDTH="15"/>
            <String CONTENT="motion" HEIGHT="35" HPOS="778" ID="ST_425.4.1.13" STYLEREFS="Style_3" VPOS="576" WIDTH="131" WC="0.86" CC="000000" TAGREFS=""/>
            <SP HPOS="909" ID="SP_425.4.1.14" VPOS="577" WIDTH="15"/>
            <String CONTENT="requesting" HEIGHT="44" HPOS="924" ID="ST_425.4.1.15" STYLEREFS="Style_3" VPOS="577" WIDTH="198" WC="0.99" CC="0000000000" TAGREFS=""/>
            <SP HPOS="1122" ID="SP_425.4.1.16" VPOS="576" WIDTH="15"/>
            <String CONTENT="the" HEIGHT="35" HPOS="1137" ID="ST_425.4.1.17" STYLEREFS="Style_3" VPOS="576" WIDTH="59" WC="0.94" CC="000" TAGREFS=""/>
            <SP HPOS="1196" ID="SP_425.4.1.18" VPOS="588" WIDTH="13"/>
            <String CONTENT="use" HEIGHT="23" HPOS="1209" ID="ST_425.4.1.19" STYLEREFS="Style_3" VPOS="588" WIDTH="61" WC="0.95" CC="000" TAGREFS=""/>
            <SP HPOS="1270" ID="SP_425.4.1.20" VPOS="576" WIDTH="14"/>
            <String CONTENT="of" HEIGHT="35" HPOS="1284" ID="ST_425.4.1.21" STYLEREFS="Style_3" VPOS="576" WIDTH="40" WC="0.82" CC="00" TAGREFS=""/>
            <SP HPOS="1324" ID="SP_425.4.1.22" VPOS="587" WIDTH="12"/>
            <String CONTENT="a" HEIGHT="24" HPOS="1336" ID="ST_425.4.1.23" STYLEREFS="Style_3" VPOS="587" WIDTH="20" WC="1.00" CC="0" TAGREFS=""/>
          </TextLine>
          <TextLine HEIGHT="45" HPOS="142" ID="TL_425.4.2" VPOS="625" WIDTH="1215">
            <String CONTENT="videotaped" HEIGHT="43" HPOS="142" ID="ST_425.4.2.1" STYLEREFS="Style_3" VPOS="626" WIDTH="207" WC="1.00" CC="0000000000" TAGREFS=""/>
            <SP HPOS="349" ID="SP_425.4.2.2" VPOS="625" WIDTH="12"/>
            <String CONTENT="deposition" HEIGHT="44" HPOS="361" ID="ST_425.4.2.3" STYLEREFS="Style_3" VPOS="625" WIDTH="191" WC="0.98" CC="0000000000" TAGREFS=""/>
            <SP HPOS="552" ID="SP_425.4.2.4" VPOS="626" WIDTH="14"/>
            <String CONTENT="of" HEIGHT="34" HPOS="566" ID="ST_425.4.2.5" STYLEREFS="Style_3" VPOS="626" WIDTH="39" WC="1.00" CC="00" TAGREFS=""/>
            <SP HPOS="605" ID="SP_425.4.2.6" VPOS="627" WIDTH="9"/>
            <String CONTENT="the" HEIGHT="34" HPOS="614" ID="ST_425.4.2.7" STYLEREFS="Style_3" VPOS="627" WIDTH="60" WC="0.98" CC="000" TAGREFS=""/>
            <SP HPOS="674" ID="SP_425.4.2.8" VPOS="626" WIDTH="11"/>
            <String CONTENT="child" HEIGHT="34" HPOS="685" ID="ST_425.4.2.9" STYLEREFS="Style_3" VPOS="626" WIDTH="93" WC="0.97" CC="00000" TAGREFS=""/>
            <SP HPOS="778" ID="SP_425.4.2.10" VPOS="627" WIDTH="13"/>
            <String CONTENT="in" HEIGHT="34" HPOS="791" ID="ST_425.4.2.11" STYLEREFS="Style_3" VPOS="627" WIDTH="34" WC="0.81" CC="00" TAGREFS=""/>
            <SP HPOS="825" ID="SP_425.4.2.12" VPOS="626" WIDTH="13"/>
            <String CONTENT="lieu" HEIGHT="35" HPOS="838" ID="ST_425.4.2.13" STYLEREFS="Style_3" VPOS="626" WIDTH="68" WC="0.97" CC="0000" TAGREFS=""/>
            <SP HPOS="906" ID="SP_425.4.2.14" VPOS="626" WIDTH="12"/>
            <String CONTENT="of" HEIGHT="35" HPOS="918" ID="ST_425.4.2.15" STYLEREFS="Style_3" VPOS="626" WIDTH="40" WC="1.00" CC="00" TAGREFS=""/>
            <SP HPOS="958" ID="SP_425.4.2.16" VPOS="627" WIDTH="10"/>
            <String CONTENT="her" HEIGHT="34" HPOS="968" ID="ST_425.4.2.17" STYLEREFS="Style_3" VPOS="627" WIDTH="61" WC="0.91" CC="000" TAGREFS=""/>
            <SP HPOS="1029" ID="SP_425.4.2.18" VPOS="627" WIDTH="12"/>
            <String CONTENT="testimony" HEIGHT="43" HPOS="1041" ID="ST_425.4.2.19" STYLEREFS="Style_3" VPOS="627" WIDTH="185" WC="0.97" CC="000000000" TAGREFS=""/>
            <SP HPOS="1226" ID="SP_425.4.2.20" VPOS="625" WIDTH="12"/>
            <String CONTENT="before" HEIGHT="36" HPOS="1238" ID="ST_425.4.2.21" STYLEREFS="Style_3" VPOS="625" WIDTH="119" WC="1.00" CC="000000" TAGREFS=""/>
          </TextLine>
          <TextLine HEIGHT="45" HPOS="143" ID="TL_425.4.3" VPOS="675" WIDTH="1213">
            <String CONTENT="the" HEIGHT="34" HPOS="143" ID="ST_425.4.3.1" STYLEREFS="Style_3" VPOS="676" WIDTH="60" WC="0.95" CC="000" TAGREFS=""/>
            <SP HPOS="203" ID="SP_425.4.3.2" VPOS="675" WIDTH="11"/>
            <String CONTENT="jury." HEIGHT="44" HPOS="214" ID="ST_425.4.3.3" STYLEREFS="Style_3" VPOS="675" WIDTH="91" WC="0.97" CC="00000" TAGREFS=""/>
            <SP HPOS="305" ID="SP_425.4.3.4" VPOS="677" WIDTH="19"/>
            <String CONTENT="In" HEIGHT="33" HPOS="324" ID="ST_425.4.3.5" STYLEREFS="Style_3" VPOS="677" WIDTH="38" WC="0.88" CC="00" TAGREFS=""/>
            <SP HPOS="362" ID="SP_425.4.3.6" VPOS="675" WIDTH="16"/>
            <String CONTENT="his" HEIGHT="35" HPOS="378" ID="ST_425.4.3.7" STYLEREFS="Style_3" VPOS="675" WIDTH="51" WC="0.85" CC="000" TAGREFS=""/>
            <SP HPOS="429" ID="SP_425.4.3.8" VPOS="686" WIDTH="17"/>
            <String CONTENT="response," HEIGHT="34" HPOS="446" ID="ST_425.4.3.9" STYLEREFS="Style_3" VPOS="686" WIDTH="171" WC="0.96" CC="000000000" TAGREFS=""/>
            <SP HPOS="617" ID="SP_425.4.3.10" VPOS="676" WIDTH="18"/>
            <String CONTENT="McGuire" HEIGHT="35" HPOS="635" ID="ST_425.4.3.11" STYLEREFS="Style_3" VPOS="676" WIDTH="174" WC="1.00" CC="0000000" TAGREFS=""/>
            <SP HPOS="809" ID="SP_425.4.3.12" VPOS="676" WIDTH="14"/>
            <String CONTENT="raised" HEIGHT="35" HPOS="823" ID="ST_425.4.3.13" STYLEREFS="Style_3" VPOS="676" WIDTH="113" WC="1.00" CC="000000" TAGREFS=""/>
            <SP HPOS="936" ID="SP_425.4.3.14" VPOS="677" WIDTH="16"/>
            <String CONTENT="several" HEIGHT="34" HPOS="952" ID="ST_425.4.3.15" STYLEREFS="Style_3" VPOS="677" WIDTH="130" WC="0.98" CC="0000000" TAGREFS=""/>
            <SP HPOS="1082" ID="SP_425.4.3.16" VPOS="676" WIDTH="15"/>
            <String CONTENT="constitutional" HEIGHT="35" HPOS="1097" ID="ST_425.4.3.17" STYLEREFS="Style_3" VPOS="676" WIDTH="259" WC="0.95" CC="00000000000000" TAGREFS=""/>
          </TextLine>
          <TextLine HEIGHT="44" HPOS="144" ID="TL_425.4.4" VPOS="726" WIDTH="1213">
            <String CONTENT="issues." HEIGHT="34" HPOS="144" ID="ST_425.4.4.1" STYLEREFS="Style_3" VPOS="726" WIDTH="119" WC="1.00" CC="0000000" TAGREFS=""/>
            <SP HPOS="263" ID="SP_425.4.4.2" VPOS="726" WIDTH="17"/>
            <String CONTENT="At" HEIGHT="34" HPOS="280" ID="ST_425.4.4.3" STYLEREFS="Style_3" VPOS="726" WIDTH="49" WC="0.99" CC="00" TAGREFS=""/>
            <SP HPOS="329" ID="SP_425.4.4.4" VPOS="726" WIDTH="15"/>
            <String CONTENT="the" HEIGHT="35" HPOS="344" ID="ST_425.4.4.5" STYLEREFS="Style_3" VPOS="726" WIDTH="59" WC="0.75" CC="000" TAGREFS=""/>
            <SP HPOS="403" ID="SP_425.4.4.6" VPOS="726" WIDTH="15"/>
            <String CONTENT="hearing" HEIGHT="43" HPOS="418" ID="ST_425.4.4.7" STYLEREFS="Style_3" VPOS="726" WIDTH="143" WC="0.83" CC="0000000" TAGREFS=""/>
            <SP HPOS="561" ID="SP_425.4.4.8" VPOS="736" WIDTH="16"/>
            <String CONTENT="on" HEIGHT="24" HPOS="577" ID="ST_425.4.4.9" STYLEREFS="Style_3" VPOS="736" WIDTH="45" WC="1.00" CC="00" TAGREFS=""/>
            <SP HPOS="622" ID="SP_425.4.4.10" VPOS="726" WIDTH="15"/>
            <String CONTENT="the" HEIGHT="35" HPOS="637" ID="ST_425.4.4.11" STYLEREFS="Style_3" VPOS="726" WIDTH="60" WC="0.59" CC="000" TAGREFS=""/>
            <SP HPOS="697" ID="SP_425.4.4.12" VPOS="726" WIDTH="15"/>
            <String CONTENT="motion," HEIGHT="41" HPOS="712" ID="ST_425.4.4.13" STYLEREFS="Style_3" VPOS="726" WIDTH="141" WC="1.00" CC="0000000" TAGREFS=""/>
            <SP HPOS="853" ID="SP_425.4.4.14" VPOS="726" WIDTH="17"/>
            <String CONTENT="the" HEIGHT="35" HPOS="870" ID="ST_425.4.4.15" STYLEREFS="Style_3" VPOS="726" WIDTH="59" WC="1.00" CC="000" TAGREFS=""/>
            <SP HPOS="929" ID="SP_425.4.4.16" VPOS="726" WIDTH="14"/>
            <String CONTENT="victim’s" HEIGHT="35" HPOS="943" ID="ST_425.4.4.17" STYLEREFS="Style_3" VPOS="726" WIDTH="148" WC="0.88" CC="00000090" TAGREFS=""/>
            <SP HPOS="1091" ID="SP_425.4.4.18" VPOS="726" WIDTH="15"/>
            <String CONTENT="grandparents" HEIGHT="44" HPOS="1106" ID="ST_425.4.4.19" STYLEREFS="Style_3" VPOS="726" WIDTH="251" WC="0.81" CC="000000000000" TAGREFS=""/>
          </TextLine>
          <TextLine HEIGHT="45" HPOS="144" ID="TL_425.4.5" VPOS="775" WIDTH="1213">
            <String CONTENT="testified" HEIGHT="35" HPOS="144" ID="ST_425.4.5.1" STYLEREFS="Style_3" VPOS="775" WIDTH="150" WC="1.00" CC="000000000" TAGREFS=""/>
            <SP HPOS="294" ID="SP_425.4.5.2" VPOS="776" WIDTH="9"/>
            <String CONTENT="that" HEIGHT="35" HPOS="303" ID="ST_425.4.5.3" STYLEREFS="Style_3" VPOS="776" WIDTH="76" WC="1.00" CC="0000" TAGREFS=""/>
            <SP HPOS="379" ID="SP_425.4.5.4" VPOS="775" WIDTH="9"/>
            <String CONTENT="the" HEIGHT="35" HPOS="388" ID="ST_425.4.5.5" STYLEREFS="Style_3" VPOS="775" WIDTH="59" WC="0.88" CC="000" TAGREFS=""/>
            <SP HPOS="447" ID="SP_425.4.5.6" VPOS="775" WIDTH="8"/>
            <String CONTENT="child" HEIGHT="35" HPOS="455" ID="ST_425.4.5.7" STYLEREFS="Style_3" VPOS="775" WIDTH="92" WC="0.99" CC="00000" TAGREFS=""/>
            <SP HPOS="547" ID="SP_425.4.5.8" VPOS="776" WIDTH="10"/>
            <String CONTENT="is" HEIGHT="34" HPOS="557" ID="ST_425.4.5.9" STYLEREFS="Style_3" VPOS="776" WIDTH="28" WC="1.00" CC="00" TAGREFS=""/>
            <SP HPOS="585" ID="SP_425.4.5.10" VPOS="776" WIDTH="9"/>
            <String CONTENT="under" HEIGHT="35" HPOS="594" ID="ST_425.4.5.11" STYLEREFS="Style_3" VPOS="776" WIDTH="110" WC="0.94" CC="00000" TAGREFS=""/>
            <SP HPOS="704" ID="SP_425.4.5.12" VPOS="787" WIDTH="9"/>
            <String CONTENT="a" HEIGHT="23" HPOS="713" ID="ST_425.4.5.13" STYLEREFS="Style_3" VPOS="787" WIDTH="20" WC="1.00" CC="0" TAGREFS=""/>
            <SP HPOS="733" ID="SP_425.4.5.14" VPOS="776" WIDTH="9"/>
            <String CONTENT="psychologist’s" HEIGHT="44" HPOS="742" ID="ST_425.4.5.15" STYLEREFS="Style_3" VPOS="776" WIDTH="260" WC="0.80" CC="00000000000090" TAGREFS=""/>
            <SP HPOS="1002" ID="SP_425.4.5.16" VPOS="786" WIDTH="9"/>
            <String CONTENT="care;" HEIGHT="31" HPOS="1011" ID="ST_425.4.5.17" STYLEREFS="Style_3" VPOS="786" WIDTH="91" WC="1.00" CC="00000" TAGREFS=""/>
            <SP HPOS="1102" ID="SP_425.4.5.18" VPOS="776" WIDTH="10"/>
            <String CONTENT="she" HEIGHT="35" HPOS="1112" ID="ST_425.4.5.19" STYLEREFS="Style_3" VPOS="776" WIDTH="61" WC="0.84" CC="000" TAGREFS=""/>
            <SP HPOS="1173" ID="SP_425.4.5.20" VPOS="776" WIDTH="8"/>
            <String CONTENT="is" HEIGHT="35" HPOS="1181" ID="ST_425.4.5.21" STYLEREFS="Style_3" VPOS="776" WIDTH="28" WC="0.94" CC="00" TAGREFS=""/>
            <SP HPOS="1209" ID="SP_425.4.5.22" VPOS="775" WIDTH="9"/>
            <String CONTENT="bashful" HEIGHT="36" HPOS="1218" ID="ST_425.4.5.23" STYLEREFS="Style_3" VPOS="775" WIDTH="139" WC="0.89" CC="0000000" TAGREFS=""/>
          </TextLine>
          <TextLine HEIGHT="45" HPOS="144" ID="TL_425.4.6" VPOS="825" WIDTH="1213">
            <String CONTENT="and" HEIGHT="34" HPOS="144" ID="ST_425.4.6.1" STYLEREFS="Style_3" VPOS="826" WIDTH="69" WC="0.91" CC="000" TAGREFS=""/>
            <SP HPOS="213" ID="SP_425.4.6.2" VPOS="825" WIDTH="16"/>
            <String CONTENT="embarrassed" HEIGHT="35" HPOS="229" ID="ST_425.4.6.3" STYLEREFS="Style_3" VPOS="825" WIDTH="239" WC="1.00" CC="00000000000" TAGREFS=""/>
            <SP HPOS="468" ID="SP_425.4.6.4" VPOS="826" WIDTH="15"/>
            <String CONTENT="about" HEIGHT="34" HPOS="483" ID="ST_425.4.6.5" STYLEREFS="Style_3" VPOS="826" WIDTH="107" WC="1.00" CC="00000" TAGREFS=""/>
            <SP HPOS="590" ID="SP_425.4.6.6" VPOS="826" WIDTH="15"/>
            <String CONTENT="the" HEIGHT="34" HPOS="605" ID="ST_425.4.6.7" STYLEREFS="Style_3" VPOS="826" WIDTH="59" WC="1.00" CC="000" TAGREFS=""/>
            <SP HPOS="664" ID="SP_425.4.6.8" VPOS="825" WIDTH="15"/>
            <String CONTENT="incidents;" HEIGHT="41" HPOS="679" ID="ST_425.4.6.9" STYLEREFS="Style_3" VPOS="825" WIDTH="180" WC="0.93" CC="0000000000" TAGREFS=""/>
            <SP HPOS="859" ID="SP_425.4.6.10" VPOS="826" WIDTH="15"/>
            <String CONTENT="she" HEIGHT="35" HPOS="874" ID="ST_425.4.6.11" STYLEREFS="Style_3" VPOS="826" WIDTH="61" WC="1.00" CC="000" TAGREFS=""/>
            <SP HPOS="935" ID="SP_425.4.6.12" VPOS="837" WIDTH="14"/>
            <String CONTENT="no" HEIGHT="24" HPOS="949" ID="ST_425.4.6.13" STYLEREFS="Style_3" VPOS="837" WIDTH="45" WC="0.73" CC="00" TAGREFS=""/>
            <SP HPOS="994" ID="SP_425.4.6.14" VPOS="826" WIDTH="14"/>
            <String CONTENT="longer" HEIGHT="44" HPOS="1008" ID="ST_425.4.6.15" STYLEREFS="Style_3" VPOS="826" WIDTH="118" WC="0.97" CC="000000" TAGREFS=""/>
            <SP HPOS="1126" ID="SP_425.4.6.16" VPOS="831" WIDTH="15"/>
            <String CONTENT="wants" HEIGHT="30" HPOS="1141" ID="ST_425.4.6.17" STYLEREFS="Style_3" VPOS="831" WIDTH="108" WC="1.00" CC="00000" TAGREFS=""/>
            <SP HPOS="1249" ID="SP_425.4.6.18" VPOS="831" WIDTH="15"/>
            <String CONTENT="to" HEIGHT="30" HPOS="1264" ID="ST_425.4.6.19" STYLEREFS="Style_3" VPOS="831" WIDTH="35" WC="0.99" CC="00" TAGREFS=""/>
            <SP HPOS="1299" ID="SP_425.4.6.20" VPOS="836" WIDTH="15"/>
            <String CONTENT="go" HEIGHT="33" HPOS="1314" ID="ST_425.4.6.21" STYLEREFS="Style_3" VPOS="836" WIDTH="43" WC="1.00" CC="00" TAGREFS=""/>
          </TextLine>
          <TextLine HEIGHT="45" HPOS="145" ID="TL_425.4.7" VPOS="875" WIDTH="1214">
            <String CONTENT="anywhere;" HEIGHT="44" HPOS="145" ID="ST_425.4.7.1" STYLEREFS="Style_3" VPOS="875" WIDTH="195" WC="0.76" CC="000000000" TAGREFS=""/>
            <SP HPOS="340" ID="SP_425.4.7.2" VPOS="875" WIDTH="15"/>
            <String CONTENT="she" HEIGHT="35" HPOS="355" ID="ST_425.4.7.3" STYLEREFS="Style_3" VPOS="875" WIDTH="60" WC="0.97" CC="000" TAGREFS=""/>
            <SP HPOS="415" ID="SP_425.4.7.4" VPOS="875" WIDTH="14"/>
            <String CONTENT="is" HEIGHT="35" HPOS="429" ID="ST_425.4.7.5" STYLEREFS="Style_3" VPOS="875" WIDTH="28" WC="1.00" CC="00" TAGREFS=""/>
            <SP HPOS="457" ID="SP_425.4.7.6" VPOS="875" WIDTH="15"/>
            <String CONTENT="easily" HEIGHT="44" HPOS="472" ID="ST_425.4.7.7" STYLEREFS="Style_3" VPOS="875" WIDTH="107" WC="0.77" CC="000000" TAGREFS=""/>
            <SP HPOS="579" ID="SP_425.4.7.8" VPOS="880" WIDTH="13"/>
            <String CONTENT="upset;" HEIGHT="40" HPOS="592" ID="ST_425.4.7.9" STYLEREFS="Style_3" VPOS="880" WIDTH="112" WC="0.88" CC="000000" TAGREFS=""/>
            <SP HPOS="704" ID="SP_425.4.7.10" VPOS="876" WIDTH="15"/>
            <String CONTENT="and" HEIGHT="34" HPOS="719" ID="ST_425.4.7.11" STYLEREFS="Style_3" VPOS="876" WIDTH="69" WC="0.97" CC="000" TAGREFS=""/>
            <SP HPOS="788" ID="SP_425.4.7.12" VPOS="877" WIDTH="14"/>
            <String CONTENT="she" HEIGHT="34" HPOS="802" ID="ST_425.4.7.13" STYLEREFS="Style_3" VPOS="877" WIDTH="61" WC="0.81" CC="000" TAGREFS=""/>
            <SP HPOS="863" ID="SP_425.4.7.14" VPOS="876" WIDTH="13"/>
            <String CONTENT="has" HEIGHT="34" HPOS="876" ID="ST_425.4.7.15" STYLEREFS="Style_3" VPOS="876" WIDTH="63" WC="0.96" CC="000" TAGREFS=""/>
            <SP HPOS="939" ID="SP_425.4.7.16" VPOS="876" WIDTH="14"/>
            <String CONTENT="changed" HEIGHT="43" HPOS="953" ID="ST_425.4.7.17" STYLEREFS="Style_3" VPOS="876" WIDTH="158" WC="0.75" CC="0000000" TAGREFS=""/>
            <SP HPOS="1111" ID="SP_425.4.7.18" VPOS="876" WIDTH="15"/>
            <String CONTENT="schools." HEIGHT="35" HPOS="1126" ID="ST_425.4.7.19" STYLEREFS="Style_3" VPOS="876" WIDTH="143" WC="0.92" CC="00000000" TAGREFS=""/>
            <SP HPOS="1269" ID="SP_425.4.7.20" VPOS="876" WIDTH="14"/>
            <String CONTENT="The" HEIGHT="35" HPOS="1283" ID="ST_425.4.7.21" STYLEREFS="Style_3" VPOS="876" WIDTH="76" WC="0.64" CC="000" TAGREFS=""/>
          </TextLine>
          <TextLine HEIGHT="45" HPOS="145" ID="TL_425.4.8" VPOS="925" WIDTH="1213">
            <String CONTENT="grandparents" HEIGHT="43" HPOS="145" ID="ST_425.4.8.1" STYLEREFS="Style_3" VPOS="925" WIDTH="252" WC="0.95" CC="000000000000" TAGREFS=""/>
            <SP HPOS="397" ID="SP_425.4.8.2" VPOS="925" WIDTH="22"/>
            <String CONTENT="believed" HEIGHT="35" HPOS="419" ID="ST_425.4.8.3" STYLEREFS="Style_3" VPOS="925" WIDTH="153" WC="0.99" CC="00000000" TAGREFS=""/>
            <SP HPOS="572" ID="SP_425.4.8.4" VPOS="925" WIDTH="22"/>
            <String CONTENT="it" HEIGHT="35" HPOS="594" ID="ST_425.4.8.5" STYLEREFS="Style_3" VPOS="925" WIDTH="26" WC="1.00" CC="00" TAGREFS=""/>
            <SP HPOS="620" ID="SP_425.4.8.6" VPOS="925" WIDTH="22"/>
            <String CONTENT="would" HEIGHT="35" HPOS="642" ID="ST_425.4.8.7" STYLEREFS="Style_3" VPOS="925" WIDTH="113" WC="1.00" CC="00000" TAGREFS=""/>
            <SP HPOS="755" ID="SP_425.4.8.8" VPOS="926" WIDTH="21"/>
            <String CONTENT="be" HEIGHT="34" HPOS="776" ID="ST_425.4.8.9" STYLEREFS="Style_3" VPOS="926" WIDTH="43" WC="1.00" CC="00" TAGREFS=""/>
            <SP HPOS="819" ID="SP_425.4.8.10" VPOS="925" WIDTH="21"/>
            <String CONTENT="best" HEIGHT="35" HPOS="840" ID="ST_425.4.8.11" STYLEREFS="Style_3" VPOS="925" WIDTH="75" WC="1.00" CC="0000" TAGREFS=""/>
            <SP HPOS="915" ID="SP_425.4.8.12" VPOS="931" WIDTH="22"/>
            <String CONTENT="to" HEIGHT="29" HPOS="937" ID="ST_425.4.8.13" STYLEREFS="Style_3" VPOS="931" WIDTH="35" WC="1.00" CC="00" TAGREFS=""/>
            <SP HPOS="972" ID="SP_425.4.8.14" VPOS="936" WIDTH="21"/>
            <String CONTENT="use" HEIGHT="24" HPOS="993" ID="ST_425.4.8.15" STYLEREFS="Style_3" VPOS="936" WIDTH="61" WC="0.89" CC="000" TAGREFS=""/>
            <SP HPOS="1054" ID="SP_425.4.8.16" VPOS="926" WIDTH="21"/>
            <String CONTENT="the" HEIGHT="34" HPOS="1075" ID="ST_425.4.8.17" STYLEREFS="Style_3" VPOS="926" WIDTH="59" WC="1.00" CC="000" TAGREFS=""/>
            <SP HPOS="1134" ID="SP_425.4.8.18" VPOS="925" WIDTH="19"/>
            <String CONTENT="videotaped" HEIGHT="45" HPOS="1153" ID="ST_425.4.8.19" STYLEREFS="Style_3" VPOS="925" WIDTH="205" WC="0.97" CC="0000000000" TAGREFS=""/>
          </TextLine>
          <TextLine HEIGHT="46" HPOS="145" ID="TL_425.4.9" VPOS="974" WIDTH="1213">
            <String CONTENT="deposition," HEIGHT="44" HPOS="145" ID="ST_425.4.9.1" STYLEREFS="Style_3" VPOS="975" WIDTH="204" WC="0.99" CC="00000000000" TAGREFS=""/>
            <SP HPOS="349" ID="SP_425.4.9.2" VPOS="975" WIDTH="13"/>
            <String CONTENT="because" HEIGHT="35" HPOS="362" ID="ST_425.4.9.3" STYLEREFS="Style_3" VPOS="975" WIDTH="147" WC="1.00" CC="0000000" TAGREFS=""/>
            <SP HPOS="509" ID="SP_425.4.9.4" VPOS="975" WIDTH="11"/>
            <String CONTENT="the" HEIGHT="34" HPOS="520" ID="ST_425.4.9.5" STYLEREFS="Style_3" VPOS="975" WIDTH="60" WC="0.99" CC="000" TAGREFS=""/>
            <SP HPOS="580" ID="SP_425.4.9.6" VPOS="974" WIDTH="10"/>
            <String CONTENT="child" HEIGHT="36" HPOS="590" ID="ST_425.4.9.7" STYLEREFS="Style_3" VPOS="974" WIDTH="93" WC="0.96" CC="00000" TAGREFS=""/>
            <SP HPOS="683" ID="SP_425.4.9.8" VPOS="975" WIDTH="12"/>
            <String CONTENT="would" HEIGHT="35" HPOS="695" ID="ST_425.4.9.9" STYLEREFS="Style_3" VPOS="975" WIDTH="112" WC="0.96" CC="00000" TAGREFS=""/>
            <SP HPOS="807" ID="SP_425.4.9.10" VPOS="975" WIDTH="12"/>
            <String CONTENT="feel" HEIGHT="35" HPOS="819" ID="ST_425.4.9.11" STYLEREFS="Style_3" VPOS="975" WIDTH="67" WC="1.00" CC="0000" TAGREFS=""/>
            <SP HPOS="886" ID="SP_425.4.9.12" VPOS="975" WIDTH="11"/>
            <String CONTENT="ridiculed" HEIGHT="35" HPOS="897" ID="ST_425.4.9.13" STYLEREFS="Style_3" VPOS="975" WIDTH="168" WC="0.99" CC="000000000" TAGREFS=""/>
            <SP HPOS="1065" ID="SP_425.4.9.14" VPOS="976" WIDTH="12"/>
            <String CONTENT="if" HEIGHT="34" HPOS="1077" ID="ST_425.4.9.15" STYLEREFS="Style_3" VPOS="976" WIDTH="30" WC="1.00" CC="00" TAGREFS=""/>
            <SP HPOS="1107" ID="SP_425.4.9.16" VPOS="976" WIDTH="7"/>
            <String CONTENT="she" HEIGHT="34" HPOS="1114" ID="ST_425.4.9.17" STYLEREFS="Style_3" VPOS="976" WIDTH="61" WC="0.85" CC="000" TAGREFS=""/>
            <SP HPOS="1175" ID="SP_425.4.9.18" VPOS="975" WIDTH="11"/>
            <String CONTENT="appeared" HEIGHT="45" HPOS="1186" ID="ST_425.4.9.19" STYLEREFS="Style_3" VPOS="975" WIDTH="172" WC="0.98" CC="00000000" TAGREFS=""/>
          </TextLine>
          <TextLine HEIGHT="45" HPOS="145" ID="TL_425.4.10" VPOS="1024" WIDTH="1215">
            <String CONTENT="before" HEIGHT="34" HPOS="145" ID="ST_425.4.10.1" STYLEREFS="Style_3" VPOS="1025" WIDTH="122" WC="0.78" CC="000000" TAGREFS=""/>
            <SP HPOS="267" ID="SP_425.4.10.2" VPOS="1025" WIDTH="20"/>
            <String CONTENT="the" HEIGHT="34" HPOS="287" ID="ST_425.4.10.3" STYLEREFS="Style_3" VPOS="1025" WIDTH="60" WC="0.69" CC="000" TAGREFS=""/>
            <SP HPOS="347" ID="SP_425.4.10.4" VPOS="1024" WIDTH="17"/>
            <String CONTENT="jury." HEIGHT="45" HPOS="364" ID="ST_425.4.10.5" STYLEREFS="Style_3" VPOS="1024" WIDTH="90" WC="0.64" CC="00000" TAGREFS=""/>
            <SP HPOS="454" ID="SP_425.4.10.6" VPOS="1026" WIDTH="21"/>
            <String CONTENT="The" HEIGHT="34" HPOS="475" ID="ST_425.4.10.7" STYLEREFS="Style_3" VPOS="1026" WIDTH="76" WC="0.93" CC="000" TAGREFS=""/>
            <SP HPOS="551" ID="SP_425.4.10.8" VPOS="1025" WIDTH="21"/>
            <String CONTENT="trial" HEIGHT="35" HPOS="572" ID="ST_425.4.10.9" STYLEREFS="Style_3" VPOS="1025" WIDTH="80" WC="0.78" CC="00000" TAGREFS=""/>
            <SP HPOS="652" ID="SP_425.4.10.10" VPOS="1025" WIDTH="18"/>
            <String CONTENT="judge" HEIGHT="44" HPOS="670" ID="ST_425.4.10.11" STYLEREFS="Style_3" VPOS="1025" WIDTH="109" WC="0.85" CC="00000" TAGREFS=""/>
            <SP HPOS="779" ID="SP_425.4.10.12" VPOS="1025" WIDTH="20"/>
            <String CONTENT="granted" HEIGHT="44" HPOS="799" ID="ST_425.4.10.13" STYLEREFS="Style_3" VPOS="1025" WIDTH="146" WC="0.81" CC="0000000" TAGREFS=""/>
            <SP HPOS="945" ID="SP_425.4.10.14" VPOS="1025" WIDTH="20"/>
            <String CONTENT="the" HEIGHT="36" HPOS="965" ID="ST_425.4.10.15" STYLEREFS="Style_3" VPOS="1025" WIDTH="61" WC="0.74" CC="000" TAGREFS=""/>
            <SP HPOS="1026" ID="SP_425.4.10.16" VPOS="1026" WIDTH="20"/>
            <String CONTENT="motion," HEIGHT="41" HPOS="1046" ID="ST_425.4.10.17" STYLEREFS="Style_3" VPOS="1026" WIDTH="142" WC="0.86" CC="0000000" TAGREFS=""/>
            <SP HPOS="1188" ID="SP_425.4.10.18" VPOS="1026" WIDTH="23"/>
            <String CONTENT="and" HEIGHT="35" HPOS="1211" ID="ST_425.4.10.19" STYLEREFS="Style_3" VPOS="1026" WIDTH="68" WC="0.76" CC="000" TAGREFS=""/>
            <SP HPOS="1279" ID="SP_425.4.10.20" VPOS="1025" WIDTH="20"/>
            <String CONTENT="the" HEIGHT="35" HPOS="1299" ID="ST_425.4.10.21" STYLEREFS="Style_3" VPOS="1025" WIDTH="61" WC="0.55" CC="000" TAGREFS=""/>
          </TextLine>
          <TextLine HEIGHT="44" HPOS="146" ID="TL_425.4.11" VPOS="1074" WIDTH="418">
            <String CONTENT="deposition" HEIGHT="44" HPOS="146" ID="ST_425.4.11.1" STYLEREFS="Style_3" VPOS="1074" WIDTH="193" WC="0.98" CC="0000000000" TAGREFS=""/>
            <SP HPOS="339" ID="SP_425.4.11.2" VPOS="1085" WIDTH="21"/>
            <String CONTENT="was" HEIGHT="24" HPOS="360" ID="ST_425.4.11.3" STYLEREFS="Style_3" VPOS="1085" WIDTH="68" WC="1.00" CC="000" TAGREFS=""/>
            <SP HPOS="428" ID="SP_425.4.11.4" VPOS="1076" WIDTH="21"/>
            <String CONTENT="taken." HEIGHT="34" HPOS="449" ID="ST_425.4.11.5" STYLEREFS="Style_3" VPOS="1076" WIDTH="115" WC="0.95" CC="000000" TAGREFS=""/>
          </TextLine>
        </TextBlock>
        <TextBlock HEIGHT="145.0" HPOS="147.0" ID="BL_425.5" TAGREFS="b425-7" VPOS="1151.0" WIDTH="1212.0">
          <TextLine HEIGHT="45" HPOS="239" ID="TL_425.5.1" VPOS="1151" WIDTH="1120">
            <String CONTENT="Our" HEIGHT="33" HPOS="332" ID="ST_425.5.1.3" STYLEREFS="Style_3" VPOS="1153" WIDTH="74" WC="0.99" CC="000" TAGREFS=""/>
            <SP HPOS="406" ID="SP_425.5.1.4" VPOS="1157" WIDTH="22"/>
            <String CONTENT="statute" HEIGHT="29" HPOS="428" ID="ST_425.5.1.5" STYLEREFS="Style_3" VPOS="1157" WIDTH="131" WC="0.97" CC="0000000" TAGREFS=""/>
            <SP HPOS="559" ID="SP_425.5.1.6" VPOS="1152" WIDTH="21"/>
            <String CONTENT="which" HEIGHT="35" HPOS="580" ID="ST_425.5.1.7" STYLEREFS="Style_3" VPOS="1152" WIDTH="113" WC="0.82" CC="00000" TAGREFS=""/>
            <SP HPOS="693" ID="SP_425.5.1.8" VPOS="1152" WIDTH="23"/>
            <String CONTENT="authorizes" HEIGHT="35" HPOS="716" ID="ST_425.5.1.9" STYLEREFS="Style_3" VPOS="1152" WIDTH="195" WC="0.91" CC="0000000000" TAGREFS=""/>
            <SP HPOS="911" ID="SP_425.5.1.10" VPOS="1153" WIDTH="22"/>
            <String CONTENT="the" HEIGHT="34" HPOS="933" ID="ST_425.5.1.11" STYLEREFS="Style_3" VPOS="1153" WIDTH="60" WC="1.00" CC="000" TAGREFS=""/>
            <SP HPOS="993" ID="SP_425.5.1.12" VPOS="1164" WIDTH="22"/>
            <String CONTENT="use" HEIGHT="23" HPOS="1015" ID="ST_425.5.1.13" STYLEREFS="Style_3" VPOS="1164" WIDTH="61" WC="0.91" CC="000" TAGREFS=""/>
            <SP HPOS="1076" ID="SP_425.5.1.14" VPOS="1153" WIDTH="22"/>
            <String CONTENT="of" HEIGHT="34" HPOS="1098" ID="ST_425.5.1.15" STYLEREFS="Style_3" VPOS="1153" WIDTH="39" WC="1.00" CC="00" TAGREFS=""/>
            <SP HPOS="1137" ID="SP_425.5.1.16" VPOS="1152" WIDTH="18"/>
            <String CONTENT="videotaped" HEIGHT="44" HPOS="1155" ID="ST_425.5.1.17" STYLEREFS="Style_3" VPOS="1152" WIDTH="204" WC="1.00" CC="0000000000" TAGREFS=""/>
          </TextLine>
          <TextLine HEIGHT="44" HPOS="147" ID="TL_425.5.2" VPOS="1201" WIDTH="1211">
            <String CONTENT="depositions" HEIGHT="44" HPOS="147" ID="ST_425.5.2.1" STYLEREFS="Style_3" VPOS="1201" WIDTH="210" WC="1.00" CC="00000000000" TAGREFS=""/>
            <SP HPOS="357" ID="SP_425.5.2.2" VPOS="1201" WIDTH="19"/>
            <String CONTENT="in" HEIGHT="34" HPOS="376" ID="ST_425.5.2.3" STYLEREFS="Style_3" VPOS="1201" WIDTH="34" WC="0.83" CC="00" TAGREFS=""/>
            <SP HPOS="410" ID="SP_425.5.2.4" VPOS="1212" WIDTH="18"/>
            <String CONTENT="cases" HEIGHT="24" HPOS="428" ID="ST_425.5.2.5" STYLEREFS="Style_3" VPOS="1212" WIDTH="96" WC="1.00" CC="00000" TAGREFS=""/>
            <SP HPOS="524" ID="SP_425.5.2.6" VPOS="1201" WIDTH="19"/>
            <String CONTENT="of" HEIGHT="35" HPOS="543" ID="ST_425.5.2.7" STYLEREFS="Style_3" VPOS="1201" WIDTH="40" WC="0.97" CC="00" TAGREFS=""/>
            <SP HPOS="583" ID="SP_425.5.2.8" VPOS="1202" WIDTH="15"/>
            <String CONTENT="sexual" HEIGHT="35" HPOS="598" ID="ST_425.5.2.9" STYLEREFS="Style_3" VPOS="1202" WIDTH="119" WC="0.95" CC="000000" TAGREFS=""/>
            <SP HPOS="717" ID="SP_425.5.2.10" VPOS="1202" WIDTH="18"/>
            <String CONTENT="offenses" HEIGHT="35" HPOS="735" ID="ST_425.5.2.11" STYLEREFS="Style_3" VPOS="1202" WIDTH="147" WC="0.80" CC="00000000" TAGREFS=""/>
            <SP HPOS="882" ID="SP_425.5.2.12" VPOS="1203" WIDTH="19"/>
            <String CONTENT="against" HEIGHT="42" HPOS="901" ID="ST_425.5.2.13" STYLEREFS="Style_3" VPOS="1203" WIDTH="137" WC="0.95" CC="0000000" TAGREFS=""/>
            <SP HPOS="1038" ID="SP_425.5.2.14" VPOS="1202" WIDTH="17"/>
            <String CONTENT="children" HEIGHT="35" HPOS="1055" ID="ST_425.5.2.15" STYLEREFS="Style_3" VPOS="1202" WIDTH="155" WC="0.88" CC="00000000" TAGREFS=""/>
            <SP HPOS="1210" ID="SP_425.5.2.16" VPOS="1203" WIDTH="18"/>
            <String CONTENT="is" HEIGHT="34" HPOS="1228" ID="ST_425.5.2.17" STYLEREFS="Style_3" VPOS="1203" WIDTH="27" WC="1.00" CC="00" TAGREFS=""/>
            <SP HPOS="1255" ID="SP_425.5.2.18" VPOS="1203" WIDTH="19"/>
            <String CONTENT="Ark." HEIGHT="35" HPOS="1274" ID="ST_425.5.2.19" STYLEREFS="Style_3" VPOS="1203" WIDTH="84" WC="0.90" CC="0000" TAGREFS=""/>
          </TextLine>
          <TextLine HEIGHT="45" HPOS="147" ID="TL_425.5.3" VPOS="1251" WIDTH="901">
            <String CONTENT="Stat." HEIGHT="35" HPOS="147" ID="ST_425.5.3.1" STYLEREFS="Style_3" VPOS="1251" WIDTH="90" WC="1.00" CC="00000" TAGREFS=""/>
            <SP HPOS="237" ID="SP_425.5.3.2" VPOS="1252" WIDTH="22"/>
            <String CONTENT="Ann." HEIGHT="33" HPOS="259" ID="ST_425.5.3.3" STYLEREFS="Style_3" VPOS="1252" WIDTH="92" WC="0.86" CC="0000" TAGREFS=""/>
            <SP HPOS="351" ID="SP_425.5.3.4" VPOS="1251" WIDTH="23"/>
            <String CONTENT="§" HEIGHT="42" HPOS="374" ID="ST_425.5.3.5" STYLEREFS="Style_3" VPOS="1251" WIDTH="17" WC="1.00" CC="0" TAGREFS=""/>
            <SP HPOS="391" ID="SP_425.5.3.6" VPOS="1252" WIDTH="23"/>
            <String CONTENT="43-2036" HEIGHT="34" HPOS="414" ID="ST_425.5.3.7" STYLEREFS="Style_3" VPOS="1252" WIDTH="154" WC="0.97" CC="0000000" TAGREFS=""/>
            <SP HPOS="568" ID="SP_425.5.3.8" VPOS="1251" WIDTH="24"/>
            <String CONTENT="(Supp." HEIGHT="45" HPOS="592" ID="ST_425.5.3.9" STYLEREFS="Style_3" VPOS="1251" WIDTH="123" WC="0.94" CC="000000" TAGREFS=""/>
            <SP HPOS="715" ID="SP_425.5.3.10" VPOS="1251" WIDTH="26"/>
            <String CONTENT="1985)." HEIGHT="43" HPOS="741" ID="ST_425.5.3.11" STYLEREFS="Style_3" VPOS="1251" WIDTH="116" WC="0.93" CC="000000" TAGREFS=""/>
            <SP HPOS="857" ID="SP_425.5.3.12" VPOS="1253" WIDTH="23"/>
            <String CONTENT="It" HEIGHT="34" HPOS="880" ID="ST_425.5.3.13" STYLEREFS="Style_3" VPOS="1253" WIDTH="31" WC="1.00" CC="00" TAGREFS=""/>
            <SP HPOS="911" ID="SP_425.5.3.14" VPOS="1257" WIDTH="20"/>
            <String CONTENT="states:" HEIGHT="30" HPOS="931" ID="ST_425.5.3.15" STYLEREFS="Style_3" VPOS="1257" WIDTH="117" WC="1.00" CC="0000000" TAGREFS=""/>
          </TextLine>
        </TextBlock>
        <TextBlock HEIGHT="989.0" HPOS="271.0" ID="BL_425.6" TAGREFS="b425-8" VPOS="1328.0" WIDTH="1093.0">
          <TextLine HEIGHT="45" HPOS="364" ID="TL_425.6.1" VPOS="1328" WIDTH="996">
            <String CONTENT="In" HEIGHT="35" HPOS="364" ID="ST_425.6.1.1" STYLEREFS="Style_3" VPOS="1328" WIDTH="39" WC="0.29" CC="00" TAGREFS=""/>
            <SP HPOS="403" ID="SP_425.6.1.2" VPOS="1339" WIDTH="19"/>
            <String CONTENT="any" HEIGHT="33" HPOS="422" ID="ST_425.6.1.3" STYLEREFS="Style_3" VPOS="1339" WIDTH="67" WC="0.40" CC="000" TAGREFS=""/>
            <SP HPOS="489" ID="SP_425.6.1.4" VPOS="1329" WIDTH="19"/>
            <String CONTENT="prosecution" HEIGHT="44" HPOS="508" ID="ST_425.6.1.5" STYLEREFS="Style_3" VPOS="1329" WIDTH="220" WC="0.73" CC="00000000000" TAGREFS=""/>
            <SP HPOS="728" ID="SP_425.6.1.6" VPOS="1328" WIDTH="19"/>
            <String CONTENT="for" HEIGHT="35" HPOS="747" ID="ST_425.6.1.7" STYLEREFS="Style_3" VPOS="1328" WIDTH="53" WC="1.00" CC="000" TAGREFS=""/>
            <SP HPOS="800" ID="SP_425.6.1.8" VPOS="1340" WIDTH="19"/>
            <String CONTENT="a" HEIGHT="24" HPOS="819" ID="ST_425.6.1.9" STYLEREFS="Style_3" VPOS="1340" WIDTH="20" WC="1.00" CC="0" TAGREFS=""/>
            <SP HPOS="839" ID="SP_425.6.1.10" VPOS="1330" WIDTH="19"/>
            <String CONTENT="sexual" HEIGHT="34" HPOS="858" ID="ST_425.6.1.11" STYLEREFS="Style_3" VPOS="1330" WIDTH="119" WC="0.66" CC="000000" TAGREFS=""/>
            <SP HPOS="977" ID="SP_425.6.1.12" VPOS="1329" WIDTH="19"/>
            <String CONTENT="offense" HEIGHT="35" HPOS="996" ID="ST_425.6.1.13" STYLEREFS="Style_3" VPOS="1329" WIDTH="132" WC="0.65" CC="0000000" TAGREFS=""/>
            <SP HPOS="1128" ID="SP_425.6.1.14" VPOS="1340" WIDTH="18"/>
            <String CONTENT="or" HEIGHT="24" HPOS="1146" ID="ST_425.6.1.15" STYLEREFS="Style_3" VPOS="1340" WIDTH="37" WC="0.68" CC="00" TAGREFS=""/>
            <SP HPOS="1183" ID="SP_425.6.1.16" VPOS="1329" WIDTH="19"/>
            <String CONTENT="criminal" HEIGHT="35" HPOS="1202" ID="ST_425.6.1.17" STYLEREFS="Style_3" VPOS="1329" WIDTH="158" WC="0.68" CC="00000000" TAGREFS=""/>
          </TextLine>
          <TextLine HEIGHT="45" HPOS="273" ID="TL_425.6.2" VPOS="1379" WIDTH="1087">
            <String CONTENT="attempt" HEIGHT="39" HPOS="273" ID="ST_425.6.2.1" STYLEREFS="Style_3" VPOS="1383" WIDTH="147" WC="1.00" CC="0000000" TAGREFS=""/>
            <SP HPOS="420" ID="SP_425.6.2.2" VPOS="1383" WIDTH="13"/>
            <String CONTENT="to" HEIGHT="30" HPOS="433" ID="ST_425.6.2.3" STYLEREFS="Style_3" VPOS="1383" WIDTH="36" WC="1.00" CC="00" TAGREFS=""/>
            <SP HPOS="469" ID="SP_425.6.2.4" VPOS="1379" WIDTH="13"/>
            <String CONTENT="commit" HEIGHT="34" HPOS="482" ID="ST_425.6.2.5" STYLEREFS="Style_3" VPOS="1379" WIDTH="144" WC="0.94" CC="000000" TAGREFS=""/>
            <SP HPOS="626" ID="SP_425.6.2.6" VPOS="1390" WIDTH="14"/>
            <String CONTENT="a" HEIGHT="24" HPOS="640" ID="ST_425.6.2.7" STYLEREFS="Style_3" VPOS="1390" WIDTH="20" WC="1.00" CC="0" TAGREFS=""/>
            <SP HPOS="660" ID="SP_425.6.2.8" VPOS="1379" WIDTH="13"/>
            <String CONTENT="sexual" HEIGHT="35" HPOS="673" ID="ST_425.6.2.9" STYLEREFS="Style_3" VPOS="1379" WIDTH="118" WC="0.92" CC="000000" TAGREFS=""/>
            <SP HPOS="791" ID="SP_425.6.2.10" VPOS="1379" WIDTH="13"/>
            <String CONTENT="offense" HEIGHT="35" HPOS="804" ID="ST_425.6.2.11" STYLEREFS="Style_3" VPOS="1379" WIDTH="132" WC="0.69" CC="0000000" TAGREFS=""/>
            <SP HPOS="936" ID="SP_425.6.2.12" VPOS="1379" WIDTH="13"/>
            <String CONTENT="against" HEIGHT="44" HPOS="949" ID="ST_425.6.2.13" STYLEREFS="Style_3" VPOS="1379" WIDTH="136" WC="0.90" CC="0000000" TAGREFS=""/>
            <SP HPOS="1085" ID="SP_425.6.2.14" VPOS="1391" WIDTH="14"/>
            <String CONTENT="a" HEIGHT="24" HPOS="1099" ID="ST_425.6.2.15" STYLEREFS="Style_3" VPOS="1391" WIDTH="20" WC="1.00" CC="0" TAGREFS=""/>
            <SP HPOS="1119" ID="SP_425.6.2.16" VPOS="1379" WIDTH="13"/>
            <String CONTENT="minor," HEIGHT="42" HPOS="1132" ID="ST_425.6.2.17" STYLEREFS="Style_3" VPOS="1379" WIDTH="122" WC="0.95" CC="000000" TAGREFS=""/>
            <SP HPOS="1254" ID="SP_425.6.2.18" VPOS="1390" WIDTH="14"/>
            <String CONTENT="upon" HEIGHT="34" HPOS="1268" ID="ST_425.6.2.19" STYLEREFS="Style_3" VPOS="1390" WIDTH="92" WC="0.88" CC="0000" TAGREFS=""/>
          </TextLine>
          <TextLine HEIGHT="45" HPOS="272" ID="TL_425.6.3" VPOS="1428" WIDTH="1089">
            <String CONTENT="motion" HEIGHT="34" HPOS="272" ID="ST_425.6.3.1" STYLEREFS="Style_3" VPOS="1429" WIDTH="131" WC="0.95" CC="000000" TAGREFS=""/>
            <SP HPOS="403" ID="SP_425.6.3.2" VPOS="1428" WIDTH="13"/>
            <String CONTENT="of" HEIGHT="35" HPOS="416" ID="ST_425.6.3.3" STYLEREFS="Style_3" VPOS="1428" WIDTH="39" WC="1.00" CC="00" TAGREFS=""/>
            <SP HPOS="455" ID="SP_425.6.3.4" VPOS="1429" WIDTH="10"/>
            <String CONTENT="the" HEIGHT="34" HPOS="465" ID="ST_425.6.3.5" STYLEREFS="Style_3" VPOS="1429" WIDTH="59" WC="0.99" CC="000" TAGREFS=""/>
            <SP HPOS="524" ID="SP_425.6.3.6" VPOS="1429" WIDTH="13"/>
            <String CONTENT="prosecuting" HEIGHT="43" HPOS="537" ID="ST_425.6.3.7" STYLEREFS="Style_3" VPOS="1429" WIDTH="220" WC="0.93" CC="00000000000" TAGREFS=""/>
            <SP HPOS="757" ID="SP_425.6.3.8" VPOS="1435" WIDTH="13"/>
            <String CONTENT="attorney" HEIGHT="38" HPOS="770" ID="ST_425.6.3.9" STYLEREFS="Style_3" VPOS="1435" WIDTH="159" WC="0.92" CC="00000000" TAGREFS=""/>
            <SP HPOS="929" ID="SP_425.6.3.10" VPOS="1429" WIDTH="13"/>
            <String CONTENT="and" HEIGHT="35" HPOS="942" ID="ST_425.6.3.11" STYLEREFS="Style_3" VPOS="1429" WIDTH="69" WC="0.85" CC="000" TAGREFS=""/>
            <SP HPOS="1011" ID="SP_425.6.3.12" VPOS="1429" WIDTH="13"/>
            <String CONTENT="after" HEIGHT="35" HPOS="1024" ID="ST_425.6.3.13" STYLEREFS="Style_3" VPOS="1429" WIDTH="91" WC="0.92" CC="00000" TAGREFS=""/>
            <SP HPOS="1115" ID="SP_425.6.3.14" VPOS="1429" WIDTH="13"/>
            <String CONTENT="notice" HEIGHT="35" HPOS="1128" ID="ST_425.6.3.15" STYLEREFS="Style_3" VPOS="1429" WIDTH="113" WC="0.94" CC="000000" TAGREFS=""/>
            <SP HPOS="1241" ID="SP_425.6.3.16" VPOS="1435" WIDTH="13"/>
            <String CONTENT="to" HEIGHT="29" HPOS="1254" ID="ST_425.6.3.17" STYLEREFS="Style_3" VPOS="1435" WIDTH="35" WC="1.00" CC="00" TAGREFS=""/>
            <SP HPOS="1289" ID="SP_425.6.3.18" VPOS="1429" WIDTH="13"/>
            <String CONTENT="the" HEIGHT="35" HPOS="1302" ID="ST_425.6.3.19" STYLEREFS="Style_3" VPOS="1429" WIDTH="59" WC="0.82" CC="000" TAGREFS=""/>
          </TextLine>
          <TextLine HEIGHT="45" HPOS="272" ID="TL_425.6.4" VPOS="1478" WIDTH="1088">
            <String CONTENT="opposing" HEIGHT="44" HPOS="272" ID="ST_425.6.4.1" STYLEREFS="Style_3" VPOS="1478" WIDTH="166" WC="0.71" CC="00000000" TAGREFS=""/>
            <SP HPOS="438" ID="SP_425.6.4.2" VPOS="1479" WIDTH="13"/>
            <String CONTENT="counsel," HEIGHT="40" HPOS="451" ID="ST_425.6.4.3" STYLEREFS="Style_3" VPOS="1479" WIDTH="153" WC="0.62" CC="00000000" TAGREFS=""/>
            <SP HPOS="604" ID="SP_425.6.4.4" VPOS="1479" WIDTH="13"/>
            <String CONTENT="the" HEIGHT="34" HPOS="617" ID="ST_425.6.4.5" STYLEREFS="Style_3" VPOS="1479" WIDTH="61" WC="0.65" CC="000" TAGREFS=""/>
            <SP HPOS="678" ID="SP_425.6.4.6" VPOS="1484" WIDTH="12"/>
            <String CONTENT="court" HEIGHT="30" HPOS="690" ID="ST_425.6.4.7" STYLEREFS="Style_3" VPOS="1484" WIDTH="100" WC="0.63" CC="00000" TAGREFS=""/>
            <SP HPOS="790" ID="SP_425.6.4.8" VPOS="1490" WIDTH="12"/>
            <String CONTENT="may," HEIGHT="33" HPOS="802" ID="ST_425.6.4.9" STYLEREFS="Style_3" VPOS="1490" WIDTH="92" WC="0.73" CC="0000" TAGREFS=""/>
            <SP HPOS="894" ID="SP_425.6.4.10" VPOS="1479" WIDTH="16"/>
            <String CONTENT="for" HEIGHT="35" HPOS="910" ID="ST_425.6.4.11" STYLEREFS="Style_3" VPOS="1479" WIDTH="53" WC="0.67" CC="000" TAGREFS=""/>
            <SP HPOS="963" ID="SP_425.6.4.12" VPOS="1490" WIDTH="14"/>
            <String CONTENT="a" HEIGHT="24" HPOS="977" ID="ST_425.6.4.13" STYLEREFS="Style_3" VPOS="1490" WIDTH="20" WC="1.00" CC="0" TAGREFS=""/>
            <SP HPOS="997" ID="SP_425.6.4.14" VPOS="1479" WIDTH="15"/>
            <String CONTENT="good" HEIGHT="43" HPOS="1012" ID="ST_425.6.4.15" STYLEREFS="Style_3" VPOS="1479" WIDTH="89" WC="0.64" CC="0000" TAGREFS=""/>
            <SP HPOS="1101" ID="SP_425.6.4.16" VPOS="1490" WIDTH="13"/>
            <String CONTENT="cause" HEIGHT="24" HPOS="1114" ID="ST_425.6.4.17" STYLEREFS="Style_3" VPOS="1490" WIDTH="105" WC="0.72" CC="00000" TAGREFS=""/>
            <SP HPOS="1219" ID="SP_425.6.4.18" VPOS="1480" WIDTH="13"/>
            <String CONTENT="shown," HEIGHT="41" HPOS="1232" ID="ST_425.6.4.19" STYLEREFS="Style_3" VPOS="1480" WIDTH="128" WC="0.75" CC="000000" TAGREFS=""/>
          </TextLine>
          <TextLine HEIGHT="45" HPOS="272" ID="TL_425.6.5" VPOS="1528" WIDTH="1089">
            <String CONTENT="order" HEIGHT="34" HPOS="272" ID="ST_425.6.5.1" STYLEREFS="Style_3" VPOS="1528" WIDTH="100" WC="1.00" CC="00000" TAGREFS=""/>
            <SP HPOS="372" ID="SP_425.6.5.2" VPOS="1528" WIDTH="13"/>
            <String CONTENT="the" HEIGHT="34" HPOS="385" ID="ST_425.6.5.3" STYLEREFS="Style_3" VPOS="1528" WIDTH="59" WC="1.00" CC="000" TAGREFS=""/>
            <SP HPOS="444" ID="SP_425.6.5.4" VPOS="1528" WIDTH="13"/>
            <String CONTENT="taking" HEIGHT="43" HPOS="457" ID="ST_425.6.5.5" STYLEREFS="Style_3" VPOS="1528" WIDTH="120" WC="0.90" CC="000000" TAGREFS=""/>
            <SP HPOS="577" ID="SP_425.6.5.6" VPOS="1528" WIDTH="14"/>
            <String CONTENT="of" HEIGHT="34" HPOS="591" ID="ST_425.6.5.7" STYLEREFS="Style_3" VPOS="1528" WIDTH="39" WC="1.00" CC="00" TAGREFS=""/>
            <SP HPOS="630" ID="SP_425.6.5.8" VPOS="1540" WIDTH="10"/>
            <String CONTENT="a" HEIGHT="23" HPOS="640" ID="ST_425.6.5.9" STYLEREFS="Style_3" VPOS="1540" WIDTH="21" WC="1.00" CC="0" TAGREFS=""/>
            <SP HPOS="661" ID="SP_425.6.5.10" VPOS="1528" WIDTH="12"/>
            <String CONTENT="videotaped" HEIGHT="45" HPOS="673" ID="ST_425.6.5.11" STYLEREFS="Style_3" VPOS="1528" WIDTH="205" WC="1.00" CC="0000000000" TAGREFS=""/>
            <SP HPOS="878" ID="SP_425.6.5.12" VPOS="1529" WIDTH="13"/>
            <String CONTENT="deposition" HEIGHT="44" HPOS="891" ID="ST_425.6.5.13" STYLEREFS="Style_3" VPOS="1529" WIDTH="193" WC="0.98" CC="0000000000" TAGREFS=""/>
            <SP HPOS="1084" ID="SP_425.6.5.14" VPOS="1529" WIDTH="13"/>
            <String CONTENT="of" HEIGHT="35" HPOS="1097" ID="ST_425.6.5.15" STYLEREFS="Style_3" VPOS="1529" WIDTH="40" WC="1.00" CC="00" TAGREFS=""/>
            <SP HPOS="1137" ID="SP_425.6.5.16" VPOS="1540" WIDTH="10"/>
            <String CONTENT="any" HEIGHT="33" HPOS="1147" ID="ST_425.6.5.17" STYLEREFS="Style_3" VPOS="1540" WIDTH="67" WC="0.81" CC="000" TAGREFS=""/>
            <SP HPOS="1214" ID="SP_425.6.5.18" VPOS="1529" WIDTH="13"/>
            <String CONTENT="alleged" HEIGHT="43" HPOS="1227" ID="ST_425.6.5.19" STYLEREFS="Style_3" VPOS="1529" WIDTH="134" WC="1.00" CC="0000000" TAGREFS=""/>
          </TextLine>
          <TextLine HEIGHT="45" HPOS="271" ID="TL_425.6.6" VPOS="1577" WIDTH="1088">
            <String CONTENT="victim" HEIGHT="35" HPOS="271" ID="ST_425.6.6.1" STYLEREFS="Style_3" VPOS="1577" WIDTH="119" WC="0.90" CC="000000" TAGREFS=""/>
            <SP HPOS="390" ID="SP_425.6.6.2" VPOS="1577" WIDTH="15"/>
            <String CONTENT="under" HEIGHT="35" HPOS="405" ID="ST_425.6.6.3" STYLEREFS="Style_3" VPOS="1577" WIDTH="109" WC="0.93" CC="00000" TAGREFS=""/>
            <SP HPOS="514" ID="SP_425.6.6.4" VPOS="1577" WIDTH="16"/>
            <String CONTENT="the" HEIGHT="34" HPOS="530" ID="ST_425.6.6.5" STYLEREFS="Style_3" VPOS="1577" WIDTH="60" WC="1.00" CC="000" TAGREFS=""/>
            <SP HPOS="590" ID="SP_425.6.6.6" VPOS="1588" WIDTH="16"/>
            <String CONTENT="age" HEIGHT="33" HPOS="606" ID="ST_425.6.6.7" STYLEREFS="Style_3" VPOS="1588" WIDTH="65" WC="1.00" CC="000" TAGREFS=""/>
            <SP HPOS="671" ID="SP_425.6.6.8" VPOS="1577" WIDTH="15"/>
            <String CONTENT="of" HEIGHT="34" HPOS="686" ID="ST_425.6.6.9" STYLEREFS="Style_3" VPOS="1577" WIDTH="39" WC="1.00" CC="00" TAGREFS=""/>
            <SP HPOS="725" ID="SP_425.6.6.10" VPOS="1583" WIDTH="13"/>
            <String CONTENT="seventeen" HEIGHT="29" HPOS="738" ID="ST_425.6.6.11" STYLEREFS="Style_3" VPOS="1583" WIDTH="181" WC="0.96" CC="000000000" TAGREFS=""/>
            <SP HPOS="919" ID="SP_425.6.6.12" VPOS="1577" WIDTH="17"/>
            <String CONTENT="(17)" HEIGHT="44" HPOS="936" ID="ST_425.6.6.13" STYLEREFS="Style_3" VPOS="1577" WIDTH="78" WC="1.00" CC="0000" TAGREFS=""/>
            <SP HPOS="1014" ID="SP_425.6.6.14" VPOS="1589" WIDTH="18"/>
            <String CONTENT="years." HEIGHT="33" HPOS="1032" ID="ST_425.6.6.15" STYLEREFS="Style_3" VPOS="1589" WIDTH="110" WC="1.00" CC="000000" TAGREFS=""/>
            <SP HPOS="1142" ID="SP_425.6.6.16" VPOS="1579" WIDTH="16"/>
            <String CONTENT="The" HEIGHT="34" HPOS="1158" ID="ST_425.6.6.17" STYLEREFS="Style_3" VPOS="1579" WIDTH="74" WC="0.99" CC="000" TAGREFS=""/>
            <SP HPOS="1232" ID="SP_425.6.6.18" VPOS="1578" WIDTH="14"/>
            <String CONTENT="video-" HEIGHT="35" HPOS="1246" ID="ST_425.6.6.19" STYLEREFS="Style_3" VPOS="1578" WIDTH="113" WC="1.00" CC="000000" TAGREFS=""/>
          </TextLine>
          <TextLine HEIGHT="45" HPOS="272" ID="TL_425.6.7" VPOS="1626" WIDTH="1087">
            <String CONTENT="taped" HEIGHT="44" HPOS="272" ID="ST_425.6.7.1" STYLEREFS="Style_3" VPOS="1626" WIDTH="104" WC="1.00" CC="00000" TAGREFS=""/>
            <SP HPOS="376" ID="SP_425.6.7.2" VPOS="1626" WIDTH="14"/>
            <String CONTENT="deposition" HEIGHT="45" HPOS="390" ID="ST_425.6.7.3" STYLEREFS="Style_3" VPOS="1626" WIDTH="193" WC="0.86" CC="0000000000" TAGREFS=""/>
            <SP HPOS="583" ID="SP_425.6.7.4" VPOS="1627" WIDTH="13"/>
            <String CONTENT="shall" HEIGHT="35" HPOS="596" ID="ST_425.6.7.5" STYLEREFS="Style_3" VPOS="1627" WIDTH="90" WC="0.77" CC="00000" TAGREFS=""/>
            <SP HPOS="686" ID="SP_425.6.7.6" VPOS="1627" WIDTH="13"/>
            <String CONTENT="be" HEIGHT="34" HPOS="699" ID="ST_425.6.7.7" STYLEREFS="Style_3" VPOS="1627" WIDTH="43" WC="0.82" CC="00" TAGREFS=""/>
            <SP HPOS="742" ID="SP_425.6.7.8" VPOS="1628" WIDTH="13"/>
            <String CONTENT="taken" HEIGHT="34" HPOS="755" ID="ST_425.6.7.9" STYLEREFS="Style_3" VPOS="1628" WIDTH="104" WC="0.90" CC="00000" TAGREFS=""/>
            <SP HPOS="859" ID="SP_425.6.7.10" VPOS="1628" WIDTH="14"/>
            <String CONTENT="before" HEIGHT="35" HPOS="873" ID="ST_425.6.7.11" STYLEREFS="Style_3" VPOS="1628" WIDTH="119" WC="0.93" CC="000000" TAGREFS=""/>
            <SP HPOS="992" ID="SP_425.6.7.12" VPOS="1628" WIDTH="13"/>
            <String CONTENT="the" HEIGHT="34" HPOS="1005" ID="ST_425.6.7.13" STYLEREFS="Style_3" VPOS="1628" WIDTH="59" WC="0.93" CC="000" TAGREFS=""/>
            <SP HPOS="1064" ID="SP_425.6.7.14" VPOS="1628" WIDTH="10"/>
            <String CONTENT="judge" HEIGHT="43" HPOS="1074" ID="ST_425.6.7.15" STYLEREFS="Style_3" VPOS="1628" WIDTH="107" WC="0.62" CC="00000" TAGREFS=""/>
            <SP HPOS="1181" ID="SP_425.6.7.16" VPOS="1628" WIDTH="13"/>
            <String CONTENT="in" HEIGHT="34" HPOS="1194" ID="ST_425.6.7.17" STYLEREFS="Style_3" VPOS="1628" WIDTH="35" WC="0.98" CC="00" TAGREFS=""/>
            <SP HPOS="1229" ID="SP_425.6.7.18" VPOS="1629" WIDTH="13"/>
            <String CONTENT="cham-" HEIGHT="34" HPOS="1242" ID="ST_425.6.7.19" STYLEREFS="Style_3" VPOS="1629" WIDTH="117" WC="0.86" CC="00000" TAGREFS=""/>
          </TextLine>
          <TextLine HEIGHT="47" HPOS="273" ID="TL_425.6.8" VPOS="1676" WIDTH="1088">
            <String CONTENT="bers" HEIGHT="34" HPOS="273" ID="ST_425.6.8.1" STYLEREFS="Style_3" VPOS="1677" WIDTH="77" WC="1.00" CC="0000" TAGREFS=""/>
            <SP HPOS="350" ID="SP_425.6.8.2" VPOS="1676" WIDTH="27"/>
            <String CONTENT="in" HEIGHT="35" HPOS="377" ID="ST_425.6.8.3" STYLEREFS="Style_3" VPOS="1676" WIDTH="34" WC="0.76" CC="00" TAGREFS=""/>
            <SP HPOS="411" ID="SP_425.6.8.4" VPOS="1677" WIDTH="27"/>
            <String CONTENT="the" HEIGHT="35" HPOS="438" ID="ST_425.6.8.5" STYLEREFS="Style_3" VPOS="1677" WIDTH="59" WC="1.00" CC="000" TAGREFS=""/>
            <SP HPOS="497" ID="SP_425.6.8.6" VPOS="1687" WIDTH="27"/>
            <String CONTENT="presence" HEIGHT="34" HPOS="524" ID="ST_425.6.8.7" STYLEREFS="Style_3" VPOS="1687" WIDTH="164" WC="0.94" CC="00000000" TAGREFS=""/>
            <SP HPOS="688" ID="SP_425.6.8.8" VPOS="1677" WIDTH="26"/>
            <String CONTENT="of" HEIGHT="35" HPOS="714" ID="ST_425.6.8.9" STYLEREFS="Style_3" VPOS="1677" WIDTH="39" WC="1.00" CC="00" TAGREFS=""/>
            <SP HPOS="753" ID="SP_425.6.8.10" VPOS="1678" WIDTH="23"/>
            <String CONTENT="the" HEIGHT="34" HPOS="776" ID="ST_425.6.8.11" STYLEREFS="Style_3" VPOS="1678" WIDTH="59" WC="0.97" CC="000" TAGREFS=""/>
            <SP HPOS="835" ID="SP_425.6.8.12" VPOS="1678" WIDTH="26"/>
            <String CONTENT="prosecuting" HEIGHT="43" HPOS="861" ID="ST_425.6.8.13" STYLEREFS="Style_3" VPOS="1678" WIDTH="219" WC="1.00" CC="00000000000" TAGREFS=""/>
            <SP HPOS="1080" ID="SP_425.6.8.14" VPOS="1682" WIDTH="27"/>
            <String CONTENT="attorney," HEIGHT="41" HPOS="1107" ID="ST_425.6.8.15" STYLEREFS="Style_3" VPOS="1682" WIDTH="168" WC="1.00" CC="000000000" TAGREFS=""/>
            <SP HPOS="1275" ID="SP_425.6.8.16" VPOS="1678" WIDTH="27"/>
            <String CONTENT="the" HEIGHT="35" HPOS="1302" ID="ST_425.6.8.17" STYLEREFS="Style_3" VPOS="1678" WIDTH="59" WC="0.99" CC="000" TAGREFS=""/>
          </TextLine>
          <TextLine HEIGHT="45" HPOS="272" ID="TL_425.6.9" VPOS="1726" WIDTH="1087">
            <String CONTENT="defendant" HEIGHT="36" HPOS="272" ID="ST_425.6.9.1" STYLEREFS="Style_3" VPOS="1726" WIDTH="190" WC="0.91" CC="000000000" TAGREFS=""/>
            <SP HPOS="462" ID="SP_425.6.9.2" VPOS="1726" WIDTH="9"/>
            <String CONTENT="and" HEIGHT="36" HPOS="471" ID="ST_425.6.9.3" STYLEREFS="Style_3" VPOS="1726" WIDTH="69" WC="0.69" CC="000" TAGREFS=""/>
            <SP HPOS="540" ID="SP_425.6.9.4" VPOS="1727" WIDTH="10"/>
            <String CONTENT="his" HEIGHT="34" HPOS="550" ID="ST_425.6.9.5" STYLEREFS="Style_3" VPOS="1727" WIDTH="53" WC="1.00" CC="000" TAGREFS=""/>
            <SP HPOS="603" ID="SP_425.6.9.6" VPOS="1733" WIDTH="10"/>
            <String CONTENT="attorneys." HEIGHT="38" HPOS="613" ID="ST_425.6.9.7" STYLEREFS="Style_3" VPOS="1733" WIDTH="186" WC="0.97" CC="0000000000" TAGREFS=""/>
            <SP HPOS="799" ID="SP_425.6.9.8" VPOS="1728" WIDTH="11"/>
            <String CONTENT="Examination" HEIGHT="35" HPOS="810" ID="ST_425.6.9.9" STYLEREFS="Style_3" VPOS="1728" WIDTH="245" WC="0.97" CC="00000000000" TAGREFS=""/>
            <SP HPOS="1055" ID="SP_425.6.9.10" VPOS="1728" WIDTH="10"/>
            <String CONTENT="and" HEIGHT="35" HPOS="1065" ID="ST_425.6.9.11" STYLEREFS="Style_3" VPOS="1728" WIDTH="68" WC="0.75" CC="000" TAGREFS=""/>
            <SP HPOS="1133" ID="SP_425.6.9.12" VPOS="1739" WIDTH="10"/>
            <String CONTENT="cross" HEIGHT="24" HPOS="1143" ID="ST_425.6.9.13" STYLEREFS="Style_3" VPOS="1739" WIDTH="92" WC="1.00" CC="00000" TAGREFS=""/>
            <SP HPOS="1235" ID="SP_425.6.9.14" VPOS="1739" WIDTH="10"/>
            <String CONTENT="exam-" HEIGHT="25" HPOS="1245" ID="ST_425.6.9.15" STYLEREFS="Style_3" VPOS="1739" WIDTH="114" WC="0.96" CC="00000" TAGREFS=""/>
          </TextLine>
          <TextLine HEIGHT="44" HPOS="273" ID="TL_425.6.10" VPOS="1777" WIDTH="1091">
            <String CONTENT="ination" HEIGHT="35" HPOS="273" ID="ST_425.6.10.1" STYLEREFS="Style_3" VPOS="1777" WIDTH="131" WC="0.93" CC="0000000" TAGREFS=""/>
            <SP HPOS="404" ID="SP_425.6.10.2" VPOS="1777" WIDTH="12"/>
            <String CONTENT="of" HEIGHT="34" HPOS="416" ID="ST_425.6.10.3" STYLEREFS="Style_3" VPOS="1777" WIDTH="39" WC="1.00" CC="00" TAGREFS=""/>
            <SP HPOS="455" ID="SP_425.6.10.4" VPOS="1777" WIDTH="10"/>
            <String CONTENT="the" HEIGHT="35" HPOS="465" ID="ST_425.6.10.5" STYLEREFS="Style_3" VPOS="1777" WIDTH="59" WC="0.91" CC="000" TAGREFS=""/>
            <SP HPOS="524" ID="SP_425.6.10.6" VPOS="1777" WIDTH="12"/>
            <String CONTENT="alleged" HEIGHT="43" HPOS="536" ID="ST_425.6.10.7" STYLEREFS="Style_3" VPOS="1777" WIDTH="135" WC="0.96" CC="0000000" TAGREFS=""/>
            <SP HPOS="671" ID="SP_425.6.10.8" VPOS="1777" WIDTH="12"/>
            <String CONTENT="victim" HEIGHT="35" HPOS="683" ID="ST_425.6.10.9" STYLEREFS="Style_3" VPOS="1777" WIDTH="120" WC="0.97" CC="000000" TAGREFS=""/>
            <SP HPOS="803" ID="SP_425.6.10.10" VPOS="1777" WIDTH="11"/>
            <String CONTENT="shall" HEIGHT="35" HPOS="814" ID="ST_425.6.10.11" STYLEREFS="Style_3" VPOS="1777" WIDTH="88" WC="1.00" CC="00000" TAGREFS=""/>
            <SP HPOS="902" ID="SP_425.6.10.12" VPOS="1778" WIDTH="12"/>
            <String CONTENT="proceed" HEIGHT="43" HPOS="914" ID="ST_425.6.10.13" STYLEREFS="Style_3" VPOS="1778" WIDTH="147" WC="1.00" CC="0000000" TAGREFS=""/>
            <SP HPOS="1061" ID="SP_425.6.10.14" VPOS="1784" WIDTH="13"/>
            <String CONTENT="at" HEIGHT="29" HPOS="1074" ID="ST_425.6.10.15" STYLEREFS="Style_3" VPOS="1784" WIDTH="37" WC="0.99" CC="00" TAGREFS=""/>
            <SP HPOS="1111" ID="SP_425.6.10.16" VPOS="1778" WIDTH="12"/>
            <String CONTENT="the" HEIGHT="35" HPOS="1123" ID="ST_425.6.10.17" STYLEREFS="Style_3" VPOS="1778" WIDTH="59" WC="0.77" CC="000" TAGREFS=""/>
            <SP HPOS="1182" ID="SP_425.6.10.18" VPOS="1779" WIDTH="12"/>
            <String CONTENT="taking" HEIGHT="42" HPOS="1194" ID="ST_425.6.10.19" STYLEREFS="Style_3" VPOS="1779" WIDTH="119" WC="0.93" CC="000000" TAGREFS=""/>
            <SP HPOS="1313" ID="SP_425.6.10.20" VPOS="1778" WIDTH="11"/>
            <String CONTENT="of" HEIGHT="35" HPOS="1324" ID="ST_425.6.10.21" STYLEREFS="Style_3" VPOS="1778" WIDTH="40" WC="1.00" CC="00" TAGREFS=""/>
          </TextLine>
          <TextLine HEIGHT="46" HPOS="273" ID="TL_425.6.11" VPOS="1826" WIDTH="1089">
            <String CONTENT="the" HEIGHT="34" HPOS="273" ID="ST_425.6.11.1" STYLEREFS="Style_3" VPOS="1826" WIDTH="60" WC="1.00" CC="000" TAGREFS=""/>
            <SP HPOS="333" ID="SP_425.6.11.2" VPOS="1826" WIDTH="8"/>
            <String CONTENT="videotaped" HEIGHT="44" HPOS="341" ID="ST_425.6.11.3" STYLEREFS="Style_3" VPOS="1826" WIDTH="204" WC="1.00" CC="0000000000" TAGREFS=""/>
            <SP HPOS="545" ID="SP_425.6.11.4" VPOS="1826" WIDTH="11"/>
            <String CONTENT="deposition" HEIGHT="44" HPOS="556" ID="ST_425.6.11.5" STYLEREFS="Style_3" VPOS="1826" WIDTH="193" WC="0.98" CC="0000000000" TAGREFS=""/>
            <SP HPOS="749" ID="SP_425.6.11.6" VPOS="1828" WIDTH="9"/>
            <String CONTENT="in" HEIGHT="33" HPOS="758" ID="ST_425.6.11.7" STYLEREFS="Style_3" VPOS="1828" WIDTH="35" WC="0.99" CC="00" TAGREFS=""/>
            <SP HPOS="793" ID="SP_425.6.11.8" VPOS="1828" WIDTH="10"/>
            <String CONTENT="the" HEIGHT="34" HPOS="803" ID="ST_425.6.11.9" STYLEREFS="Style_3" VPOS="1828" WIDTH="59" WC="0.82" CC="000" TAGREFS=""/>
            <SP HPOS="862" ID="SP_425.6.11.10" VPOS="1838" WIDTH="9"/>
            <String CONTENT="same" HEIGHT="24" HPOS="871" ID="ST_425.6.11.11" STYLEREFS="Style_3" VPOS="1838" WIDTH="97" WC="1.00" CC="0000" TAGREFS=""/>
            <SP HPOS="968" ID="SP_425.6.11.12" VPOS="1838" WIDTH="9"/>
            <String CONTENT="manner" HEIGHT="24" HPOS="977" ID="ST_425.6.11.13" STYLEREFS="Style_3" VPOS="1838" WIDTH="145" WC="0.87" CC="000000" TAGREFS=""/>
            <SP HPOS="1122" ID="SP_425.6.11.14" VPOS="1827" WIDTH="9"/>
            <String CONTENT="permitted" HEIGHT="45" HPOS="1131" ID="ST_425.6.11.15" STYLEREFS="Style_3" VPOS="1827" WIDTH="184" WC="0.99" CC="000000000" TAGREFS=""/>
            <SP HPOS="1315" ID="SP_425.6.11.16" VPOS="1833" WIDTH="10"/>
            <String CONTENT="at" HEIGHT="29" HPOS="1325" ID="ST_425.6.11.17" STYLEREFS="Style_3" VPOS="1833" WIDTH="37" WC="1.00" CC="00" TAGREFS=""/>
          </TextLine>
          <TextLine HEIGHT="44" HPOS="273" ID="TL_425.6.12" VPOS="1875" WIDTH="1088">
            <String CONTENT="trial" HEIGHT="34" HPOS="273" ID="ST_425.6.12.1" STYLEREFS="Style_3" VPOS="1876" WIDTH="79" WC="1.00" CC="00000" TAGREFS=""/>
            <SP HPOS="352" ID="SP_425.6.12.2" VPOS="1875" WIDTH="14"/>
            <String CONTENT="under" HEIGHT="35" HPOS="366" ID="ST_425.6.12.3" STYLEREFS="Style_3" VPOS="1875" WIDTH="109" WC="0.87" CC="00000" TAGREFS=""/>
            <SP HPOS="475" ID="SP_425.6.12.4" VPOS="1876" WIDTH="14"/>
            <String CONTENT="the" HEIGHT="34" HPOS="489" ID="ST_425.6.12.5" STYLEREFS="Style_3" VPOS="1876" WIDTH="59" WC="0.98" CC="000" TAGREFS=""/>
            <SP HPOS="548" ID="SP_425.6.12.6" VPOS="1876" WIDTH="13"/>
            <String CONTENT="provisions" HEIGHT="43" HPOS="561" ID="ST_425.6.12.7" STYLEREFS="Style_3" VPOS="1876" WIDTH="189" WC="0.90" CC="0000000000" TAGREFS=""/>
            <SP HPOS="750" ID="SP_425.6.12.8" VPOS="1876" WIDTH="13"/>
            <String CONTENT="of" HEIGHT="35" HPOS="763" ID="ST_425.6.12.9" STYLEREFS="Style_3" VPOS="1876" WIDTH="39" WC="1.00" CC="00" TAGREFS=""/>
            <SP HPOS="802" ID="SP_425.6.12.10" VPOS="1876" WIDTH="10"/>
            <String CONTENT="the" HEIGHT="35" HPOS="812" ID="ST_425.6.12.11" STYLEREFS="Style_3" VPOS="1876" WIDTH="59" WC="0.80" CC="000" TAGREFS=""/>
            <SP HPOS="871" ID="SP_425.6.12.12" VPOS="1877" WIDTH="13"/>
            <String CONTENT="Arkansas" HEIGHT="34" HPOS="884" ID="ST_425.6.12.13" STYLEREFS="Style_3" VPOS="1877" WIDTH="179" WC="0.95" CC="00000000" TAGREFS=""/>
            <SP HPOS="1063" ID="SP_425.6.12.14" VPOS="1876" WIDTH="15"/>
            <String CONTENT="Uniform" HEIGHT="36" HPOS="1078" ID="ST_425.6.12.15" STYLEREFS="Style_3" VPOS="1876" WIDTH="163" WC="0.98" CC="0000000" TAGREFS=""/>
            <SP HPOS="1241" ID="SP_425.6.12.16" VPOS="1877" WIDTH="13"/>
            <String CONTENT="Rules" HEIGHT="35" HPOS="1254" ID="ST_425.6.12.17" STYLEREFS="Style_3" VPOS="1877" WIDTH="107" WC="0.88" CC="00000" TAGREFS=""/>
          </TextLine>
          <TextLine HEIGHT="45" HPOS="273" ID="TL_425.6.13" VPOS="1924" WIDTH="1089">
            <String CONTENT="of" HEIGHT="34" HPOS="273" ID="ST_425.6.13.1" STYLEREFS="Style_3" VPOS="1925" WIDTH="40" WC="1.00" CC="00" TAGREFS=""/>
            <SP HPOS="313" ID="SP_425.6.13.2" VPOS="1924" WIDTH="14"/>
            <String CONTENT="Evidence." HEIGHT="36" HPOS="327" ID="ST_425.6.13.3" STYLEREFS="Style_3" VPOS="1924" WIDTH="180" WC="0.93" CC="000000000" TAGREFS=""/>
            <SP HPOS="507" ID="SP_425.6.13.4" VPOS="1926" WIDTH="19"/>
            <String CONTENT="Any" HEIGHT="42" HPOS="526" ID="ST_425.6.13.5" STYLEREFS="Style_3" VPOS="1926" WIDTH="82" WC="0.93" CC="000" TAGREFS=""/>
            <SP HPOS="608" ID="SP_425.6.13.6" VPOS="1926" WIDTH="15"/>
            <String CONTENT="videotaped" HEIGHT="43" HPOS="623" ID="ST_425.6.13.7" STYLEREFS="Style_3" VPOS="1926" WIDTH="206" WC="1.00" CC="0000000000" TAGREFS=""/>
            <SP HPOS="829" ID="SP_425.6.13.8" VPOS="1925" WIDTH="17"/>
            <String CONTENT="deposition" HEIGHT="44" HPOS="846" ID="ST_425.6.13.9" STYLEREFS="Style_3" VPOS="1925" WIDTH="192" WC="0.93" CC="0000000000" TAGREFS=""/>
            <SP HPOS="1038" ID="SP_425.6.13.10" VPOS="1927" WIDTH="17"/>
            <String CONTENT="taken" HEIGHT="34" HPOS="1055" ID="ST_425.6.13.11" STYLEREFS="Style_3" VPOS="1927" WIDTH="105" WC="0.89" CC="00000" TAGREFS=""/>
            <SP HPOS="1160" ID="SP_425.6.13.12" VPOS="1926" WIDTH="17"/>
            <String CONTENT="under" HEIGHT="35" HPOS="1177" ID="ST_425.6.13.13" STYLEREFS="Style_3" VPOS="1926" WIDTH="109" WC="0.94" CC="00000" TAGREFS=""/>
            <SP HPOS="1286" ID="SP_425.6.13.14" VPOS="1926" WIDTH="17"/>
            <String CONTENT="the" HEIGHT="34" HPOS="1303" ID="ST_425.6.13.15" STYLEREFS="Style_3" VPOS="1926" WIDTH="59" WC="0.98" CC="000" TAGREFS=""/>
          </TextLine>
          <TextLine HEIGHT="44" HPOS="274" ID="TL_425.6.14" VPOS="1974" WIDTH="1089">
            <String CONTENT="provisions" HEIGHT="44" HPOS="274" ID="ST_425.6.14.1" STYLEREFS="Style_3" VPOS="1974" WIDTH="187" WC="1.00" CC="0000000000" TAGREFS=""/>
            <SP HPOS="461" ID="SP_425.6.14.2" VPOS="1975" WIDTH="22"/>
            <String CONTENT="of" HEIGHT="34" HPOS="483" ID="ST_425.6.14.3" STYLEREFS="Style_3" VPOS="1975" WIDTH="39" WC="1.00" CC="00" TAGREFS=""/>
            <SP HPOS="522" ID="SP_425.6.14.4" VPOS="1975" WIDTH="18"/>
            <String CONTENT="this" HEIGHT="34" HPOS="540" ID="ST_425.6.14.5" STYLEREFS="Style_3" VPOS="1975" WIDTH="68" WC="0.87" CC="0000" TAGREFS=""/>
            <SP HPOS="608" ID="SP_425.6.14.6" VPOS="1976" WIDTH="21"/>
            <String CONTENT="Act" HEIGHT="34" HPOS="629" ID="ST_425.6.14.7" STYLEREFS="Style_3" VPOS="1976" WIDTH="71" WC="1.00" CC="000" TAGREFS=""/>
            <SP HPOS="700" ID="SP_425.6.14.8" VPOS="1975" WIDTH="25"/>
            <String CONTENT="[§§" HEIGHT="43" HPOS="725" ID="ST_425.6.14.9" STYLEREFS="Style_3" VPOS="1975" WIDTH="57" WC="0.98" CC="000" TAGREFS=""/>
            <SP HPOS="782" ID="SP_425.6.14.10" VPOS="1977" WIDTH="23"/>
            <String CONTENT="43-2035" HEIGHT="33" HPOS="805" ID="ST_425.6.14.11" STYLEREFS="Style_3" VPOS="1977" WIDTH="153" WC="0.98" CC="0000000" TAGREFS=""/>
            <SP HPOS="958" ID="SP_425.6.14.12" VPOS="1995" WIDTH="24"/>
            <String CONTENT="-" HEIGHT="6" HPOS="982" ID="ST_425.6.14.13" STYLEREFS="Style_3" VPOS="1995" WIDTH="12" WC="0.83" CC="0" TAGREFS=""/>
            <SP HPOS="994" ID="SP_425.6.14.14" VPOS="1976" WIDTH="23"/>
            <String CONTENT="43-2037]" HEIGHT="42" HPOS="1017" ID="ST_425.6.14.15" STYLEREFS="Style_3" VPOS="1976" WIDTH="168" WC="0.89" CC="00000000" TAGREFS=""/>
            <SP HPOS="1185" ID="SP_425.6.14.16" VPOS="1976" WIDTH="26"/>
            <String CONTENT="shall" HEIGHT="35" HPOS="1211" ID="ST_425.6.14.17" STYLEREFS="Style_3" VPOS="1976" WIDTH="87" WC="0.93" CC="00000" TAGREFS=""/>
            <SP HPOS="1298" ID="SP_425.6.14.18" VPOS="1976" WIDTH="22"/>
            <String CONTENT="be" HEIGHT="34" HPOS="1320" ID="ST_425.6.14.19" STYLEREFS="Style_3" VPOS="1976" WIDTH="43" WC="0.99" CC="00" TAGREFS=""/>
          </TextLine>
          <TextLine HEIGHT="37" HPOS="274" ID="TL_425.6.15" VPOS="2024" WIDTH="1089">
            <String CONTENT="admissible" HEIGHT="35" HPOS="274" ID="ST_425.6.15.1" STYLEREFS="Style_3" VPOS="2024" WIDTH="199" WC="0.97" CC="0000000000" TAGREFS=""/>
            <SP HPOS="473" ID="SP_425.6.15.2" VPOS="2030" WIDTH="12"/>
            <String CONTENT="at" HEIGHT="30" HPOS="485" ID="ST_425.6.15.3" STYLEREFS="Style_3" VPOS="2030" WIDTH="36" WC="1.00" CC="00" TAGREFS=""/>
            <SP HPOS="521" ID="SP_425.6.15.4" VPOS="2024" WIDTH="11"/>
            <String CONTENT="trial" HEIGHT="35" HPOS="532" ID="ST_425.6.15.5" STYLEREFS="Style_3" VPOS="2024" WIDTH="80" WC="0.97" CC="00000" TAGREFS=""/>
            <SP HPOS="612" ID="SP_425.6.15.6" VPOS="2024" WIDTH="12"/>
            <String CONTENT="and" HEIGHT="36" HPOS="624" ID="ST_425.6.15.7" STYLEREFS="Style_3" VPOS="2024" WIDTH="69" WC="0.86" CC="000" TAGREFS=""/>
            <SP HPOS="693" ID="SP_425.6.15.8" VPOS="2025" WIDTH="13"/>
            <String CONTENT="received" HEIGHT="35" HPOS="706" ID="ST_425.6.15.9" STYLEREFS="Style_3" VPOS="2025" WIDTH="154" WC="1.00" CC="00000000" TAGREFS=""/>
            <SP HPOS="860" ID="SP_425.6.15.10" VPOS="2025" WIDTH="12"/>
            <String CONTENT="into" HEIGHT="35" HPOS="872" ID="ST_425.6.15.11" STYLEREFS="Style_3" VPOS="2025" WIDTH="73" WC="0.88" CC="0000" TAGREFS=""/>
            <SP HPOS="945" ID="SP_425.6.15.12" VPOS="2025" WIDTH="11"/>
            <String CONTENT="evidence" HEIGHT="36" HPOS="956" ID="ST_425.6.15.13" STYLEREFS="Style_3" VPOS="2025" WIDTH="163" WC="1.00" CC="00000000" TAGREFS=""/>
            <SP HPOS="1119" ID="SP_425.6.15.14" VPOS="2026" WIDTH="11"/>
            <String CONTENT="in" HEIGHT="35" HPOS="1130" ID="ST_425.6.15.15" STYLEREFS="Style_3" VPOS="2026" WIDTH="35" WC="0.74" CC="00" TAGREFS=""/>
            <SP HPOS="1165" ID="SP_425.6.15.16" VPOS="2026" WIDTH="12"/>
            <String CONTENT="lieu" HEIGHT="34" HPOS="1177" ID="ST_425.6.15.17" STYLEREFS="Style_3" VPOS="2026" WIDTH="68" WC="0.98" CC="0000" TAGREFS=""/>
            <SP HPOS="1245" ID="SP_425.6.15.18" VPOS="2026" WIDTH="11"/>
            <String CONTENT="of" HEIGHT="35" HPOS="1256" ID="ST_425.6.15.19" STYLEREFS="Style_3" VPOS="2026" WIDTH="39" WC="1.00" CC="00" TAGREFS=""/>
            <SP HPOS="1295" ID="SP_425.6.15.20" VPOS="2025" WIDTH="8"/>
            <String CONTENT="the" HEIGHT="35" HPOS="1303" ID="ST_425.6.15.21" STYLEREFS="Style_3" VPOS="2025" WIDTH="60" WC="0.86" CC="000" TAGREFS=""/>
          </TextLine>
          <TextLine HEIGHT="45" HPOS="273" ID="TL_425.6.16" VPOS="2074" WIDTH="1090">
            <String CONTENT="direct" HEIGHT="35" HPOS="273" ID="ST_425.6.16.1" STYLEREFS="Style_3" VPOS="2074" WIDTH="109" WC="1.00" CC="000000" TAGREFS=""/>
            <SP HPOS="382" ID="SP_425.6.16.2" VPOS="2075" WIDTH="29"/>
            <String CONTENT="testimony" HEIGHT="44" HPOS="411" ID="ST_425.6.16.3" STYLEREFS="Style_3" VPOS="2075" WIDTH="185" WC="0.95" CC="000000000" TAGREFS=""/>
            <SP HPOS="596" ID="SP_425.6.16.4" VPOS="2075" WIDTH="28"/>
            <String CONTENT="of" HEIGHT="35" HPOS="624" ID="ST_425.6.16.5" STYLEREFS="Style_3" VPOS="2075" WIDTH="40" WC="1.00" CC="00" TAGREFS=""/>
            <SP HPOS="664" ID="SP_425.6.16.6" VPOS="2075" WIDTH="25"/>
            <String CONTENT="the" HEIGHT="35" HPOS="689" ID="ST_425.6.16.7" STYLEREFS="Style_3" VPOS="2075" WIDTH="59" WC="1.00" CC="000" TAGREFS=""/>
            <SP HPOS="748" ID="SP_425.6.16.8" VPOS="2075" WIDTH="26"/>
            <String CONTENT="victim." HEIGHT="35" HPOS="774" ID="ST_425.6.16.9" STYLEREFS="Style_3" VPOS="2075" WIDTH="129" WC="1.00" CC="0000000" TAGREFS=""/>
            <SP HPOS="903" ID="SP_425.6.16.10" VPOS="2077" WIDTH="31"/>
            <String CONTENT="However," HEIGHT="41" HPOS="934" ID="ST_425.6.16.11" STYLEREFS="Style_3" VPOS="2077" WIDTH="179" WC="0.93" CC="00000000" TAGREFS=""/>
            <SP HPOS="1113" ID="SP_425.6.16.12" VPOS="2076" WIDTH="30"/>
            <String CONTENT="neither" HEIGHT="35" HPOS="1143" ID="ST_425.6.16.13" STYLEREFS="Style_3" VPOS="2076" WIDTH="132" WC="0.97" CC="0000000" TAGREFS=""/>
            <SP HPOS="1275" ID="SP_425.6.16.14" VPOS="2076" WIDTH="29"/>
            <String CONTENT="the" HEIGHT="35" HPOS="1304" ID="ST_425.6.16.15" STYLEREFS="Style_3" VPOS="2076" WIDTH="59" WC="1.00" CC="000" TAGREFS=""/>
          </TextLine>
          <TextLine HEIGHT="45" HPOS="274" ID="TL_425.6.17" VPOS="2125" WIDTH="1088">
            <String CONTENT="presentation" HEIGHT="43" HPOS="274" ID="ST_425.6.17.1" STYLEREFS="Style_3" VPOS="2125" WIDTH="233" WC="1.00" CC="000000000000" TAGREFS=""/>
            <SP HPOS="507" ID="SP_425.6.17.2" VPOS="2136" WIDTH="13"/>
            <String CONTENT="nor" HEIGHT="23" HPOS="520" ID="ST_425.6.17.3" STYLEREFS="Style_3" VPOS="2136" WIDTH="62" WC="0.84" CC="000" TAGREFS=""/>
            <SP HPOS="582" ID="SP_425.6.17.4" VPOS="2125" WIDTH="12"/>
            <String CONTENT="the" HEIGHT="35" HPOS="594" ID="ST_425.6.17.5" STYLEREFS="Style_3" VPOS="2125" WIDTH="60" WC="1.00" CC="000" TAGREFS=""/>
            <SP HPOS="654" ID="SP_425.6.17.6" VPOS="2126" WIDTH="11"/>
            <String CONTENT="preparation" HEIGHT="44" HPOS="665" ID="ST_425.6.17.7" STYLEREFS="Style_3" VPOS="2126" WIDTH="221" WC="0.94" CC="00000000000" TAGREFS=""/>
            <SP HPOS="886" ID="SP_425.6.17.8" VPOS="2126" WIDTH="12"/>
            <String CONTENT="of" HEIGHT="34" HPOS="898" ID="ST_425.6.17.9" STYLEREFS="Style_3" VPOS="2126" WIDTH="39" WC="1.00" CC="00" TAGREFS=""/>
            <SP HPOS="937" ID="SP_425.6.17.10" VPOS="2126" WIDTH="9"/>
            <String CONTENT="such" HEIGHT="35" HPOS="946" ID="ST_425.6.17.11" STYLEREFS="Style_3" VPOS="2126" WIDTH="85" WC="1.00" CC="0000" TAGREFS=""/>
            <SP HPOS="1031" ID="SP_425.6.17.12" VPOS="2126" WIDTH="11"/>
            <String CONTENT="videotaped" HEIGHT="44" HPOS="1042" ID="ST_425.6.17.13" STYLEREFS="Style_3" VPOS="2126" WIDTH="205" WC="1.00" CC="0000000000" TAGREFS=""/>
            <SP HPOS="1247" ID="SP_425.6.17.14" VPOS="2126" WIDTH="12"/>
            <String CONTENT="depo-" HEIGHT="43" HPOS="1259" ID="ST_425.6.17.15" STYLEREFS="Style_3" VPOS="2126" WIDTH="103" WC="0.88" CC="00000" TAGREFS=""/>
          </TextLine>
          <TextLine HEIGHT="45" HPOS="274" ID="TL_425.6.18" VPOS="2174" WIDTH="1089">
            <String CONTENT="sition" HEIGHT="35" HPOS="274" ID="ST_425.6.18.1" STYLEREFS="Style_3" VPOS="2174" WIDTH="102" WC="0.92" CC="000000" TAGREFS=""/>
            <SP HPOS="376" ID="SP_425.6.18.2" VPOS="2174" WIDTH="22"/>
            <String CONTENT="shall" HEIGHT="35" HPOS="398" ID="ST_425.6.18.3" STYLEREFS="Style_3" VPOS="2174" WIDTH="87" WC="0.98" CC="00000" TAGREFS=""/>
            <SP HPOS="485" ID="SP_425.6.18.4" VPOS="2175" WIDTH="23"/>
            <String CONTENT="preclude" HEIGHT="44" HPOS="508" ID="ST_425.6.18.5" STYLEREFS="Style_3" VPOS="2175" WIDTH="163" WC="0.99" CC="00000000" TAGREFS=""/>
            <SP HPOS="671" ID="SP_425.6.18.6" VPOS="2175" WIDTH="22"/>
            <String CONTENT="the" HEIGHT="34" HPOS="693" ID="ST_425.6.18.7" STYLEREFS="Style_3" VPOS="2175" WIDTH="59" WC="0.94" CC="000" TAGREFS=""/>
            <SP HPOS="752" ID="SP_425.6.18.8" VPOS="2176" WIDTH="21"/>
            <String CONTENT="prosecutor’s" HEIGHT="43" HPOS="773" ID="ST_425.6.18.9" STYLEREFS="Style_3" VPOS="2176" WIDTH="227" WC="0.99" CC="000000000000" TAGREFS=""/>
            <SP HPOS="1000" ID="SP_425.6.18.10" VPOS="2176" WIDTH="22"/>
            <String CONTENT="calling" HEIGHT="43" HPOS="1022" ID="ST_425.6.18.11" STYLEREFS="Style_3" VPOS="2176" WIDTH="127" WC="0.95" CC="0000000" TAGREFS=""/>
            <SP HPOS="1149" ID="SP_425.6.18.12" VPOS="2176" WIDTH="22"/>
            <String CONTENT="the" HEIGHT="34" HPOS="1171" ID="ST_425.6.18.13" STYLEREFS="Style_3" VPOS="2176" WIDTH="59" WC="1.00" CC="000" TAGREFS=""/>
            <SP HPOS="1230" ID="SP_425.6.18.14" VPOS="2177" WIDTH="21"/>
            <String CONTENT="minor" HEIGHT="34" HPOS="1251" ID="ST_425.6.18.15" STYLEREFS="Style_3" VPOS="2177" WIDTH="112" WC="0.79" CC="00000" TAGREFS=""/>
          </TextLine>
          <TextLine HEIGHT="45" HPOS="273" ID="TL_425.6.19" VPOS="2224" WIDTH="1090">
            <String CONTENT="victim" HEIGHT="34" HPOS="273" ID="ST_425.6.19.1" STYLEREFS="Style_3" VPOS="2224" WIDTH="119" WC="0.92" CC="000000" TAGREFS=""/>
            <SP HPOS="392" ID="SP_425.6.19.2" VPOS="2229" WIDTH="18"/>
            <String CONTENT="to" HEIGHT="29" HPOS="410" ID="ST_425.6.19.3" STYLEREFS="Style_3" VPOS="2229" WIDTH="35" WC="1.00" CC="00" TAGREFS=""/>
            <SP HPOS="445" ID="SP_425.6.19.4" VPOS="2224" WIDTH="18"/>
            <String CONTENT="testify" HEIGHT="44" HPOS="463" ID="ST_425.6.19.5" STYLEREFS="Style_3" VPOS="2224" WIDTH="119" WC="1.00" CC="0000000" TAGREFS=""/>
            <SP HPOS="582" ID="SP_425.6.19.6" VPOS="2230" WIDTH="18"/>
            <String CONTENT="at" HEIGHT="29" HPOS="600" ID="ST_425.6.19.7" STYLEREFS="Style_3" VPOS="2230" WIDTH="36" WC="1.00" CC="00" TAGREFS=""/>
            <SP HPOS="636" ID="SP_425.6.19.8" VPOS="2224" WIDTH="19"/>
            <String CONTENT="trial" HEIGHT="35" HPOS="655" ID="ST_425.6.19.9" STYLEREFS="Style_3" VPOS="2224" WIDTH="79" WC="0.93" CC="00000" TAGREFS=""/>
            <SP HPOS="734" ID="SP_425.6.19.10" VPOS="2225" WIDTH="19"/>
            <String CONTENT="if" HEIGHT="34" HPOS="753" ID="ST_425.6.19.11" STYLEREFS="Style_3" VPOS="2225" WIDTH="30" WC="1.00" CC="00" TAGREFS=""/>
            <SP HPOS="783" ID="SP_425.6.19.12" VPOS="2226" WIDTH="14"/>
            <String CONTENT="that" HEIGHT="33" HPOS="797" ID="ST_425.6.19.13" STYLEREFS="Style_3" VPOS="2226" WIDTH="77" WC="1.00" CC="0000" TAGREFS=""/>
            <SP HPOS="874" ID="SP_425.6.19.14" VPOS="2225" WIDTH="18"/>
            <String CONTENT="is" HEIGHT="34" HPOS="892" ID="ST_425.6.19.15" STYLEREFS="Style_3" VPOS="2225" WIDTH="27" WC="1.00" CC="00" TAGREFS=""/>
            <SP HPOS="919" ID="SP_425.6.19.16" VPOS="2236" WIDTH="19"/>
            <String CONTENT="necessary" HEIGHT="33" HPOS="938" ID="ST_425.6.19.17" STYLEREFS="Style_3" VPOS="2236" WIDTH="182" WC="0.98" CC="000000000" TAGREFS=""/>
            <SP HPOS="1120" ID="SP_425.6.19.18" VPOS="2230" WIDTH="18"/>
            <String CONTENT="to" HEIGHT="29" HPOS="1138" ID="ST_425.6.19.19" STYLEREFS="Style_3" VPOS="2230" WIDTH="36" WC="1.00" CC="00" TAGREFS=""/>
            <SP HPOS="1174" ID="SP_425.6.19.20" VPOS="2236" WIDTH="18"/>
            <String CONTENT="serve" HEIGHT="24" HPOS="1192" ID="ST_425.6.19.21" STYLEREFS="Style_3" VPOS="2236" WIDTH="95" WC="1.00" CC="00000" TAGREFS=""/>
            <SP HPOS="1287" ID="SP_425.6.19.22" VPOS="2225" WIDTH="17"/>
            <String CONTENT="the" HEIGHT="34" HPOS="1304" ID="ST_425.6.19.23" STYLEREFS="Style_3" VPOS="2225" WIDTH="59" WC="1.00" CC="000" TAGREFS=""/>
          </TextLine>
          <TextLine HEIGHT="44" HPOS="275" ID="TL_425.6.20" VPOS="2273" WIDTH="367">
            <String CONTENT="interests" HEIGHT="35" HPOS="275" ID="ST_425.6.20.1" STYLEREFS="Style_3" VPOS="2273" WIDTH="158" WC="0.95" CC="000000000" TAGREFS=""/>
            <SP HPOS="433" ID="SP_425.6.20.2" VPOS="2274" WIDTH="20"/>
            <String CONTENT="of" HEIGHT="34" HPOS="453" ID="ST_425.6.20.3" STYLEREFS="Style_3" VPOS="2274" WIDTH="40" WC="1.00" CC="00" TAGREFS=""/>
            <SP HPOS="493" ID="SP_425.6.20.4" VPOS="2274" WIDTH="12"/>
            <String CONTENT="justice." HEIGHT="43" HPOS="505" ID="ST_425.6.20.5" STYLEREFS="Style_3" VPOS="2274" WIDTH="137" WC="0.99" CC="00000000" TAGREFS=""/>
          </TextLine>
        </TextBlock>
        <TextBlock HEIGHT="85.0" HPOS="149.0" ID="BL_425.7" TAGREFS="b425-9" VPOS="2350.0" WIDTH="1214.0">
          <TextLine HEIGHT="45" HPOS="149" ID="TL_425.7.1" VPOS="2350" WIDTH="1214">
            <String CONTENT="The" HEIGHT="34" HPOS="149" ID="ST_425.7.1.1" STYLEREFS="Style_3" VPOS="2350" WIDTH="75" WC="1.00" CC="000" TAGREFS=""/>
            <SP HPOS="224" ID="SP_425.7.1.2" VPOS="2350" WIDTH="16"/>
            <String CONTENT="six" HEIGHT="34" HPOS="240" ID="ST_425.7.1.3" STYLEREFS="Style_3" VPOS="2350" WIDTH="51" WC="1.00" CC="000" TAGREFS=""/>
            <SP HPOS="291" ID="SP_425.7.1.4" VPOS="2350" WIDTH="16"/>
            <String CONTENT="constitutional" HEIGHT="35" HPOS="307" ID="ST_425.7.1.5" STYLEREFS="Style_3" VPOS="2350" WIDTH="259" WC="0.97" CC="00000000000000" TAGREFS=""/>
            <SP HPOS="566" ID="SP_425.7.1.6" VPOS="2356" WIDTH="16"/>
            <String CONTENT="arguments" HEIGHT="37" HPOS="582" ID="ST_425.7.1.7" STYLEREFS="Style_3" VPOS="2356" WIDTH="201" WC="0.96" CC="000000000" TAGREFS=""/>
            <SP HPOS="783" ID="SP_425.7.1.8" VPOS="2351" WIDTH="16"/>
            <String CONTENT="raised" HEIGHT="35" HPOS="799" ID="ST_425.7.1.9" STYLEREFS="Style_3" VPOS="2351" WIDTH="113" WC="1.00" CC="000000" TAGREFS=""/>
            <SP HPOS="912" ID="SP_425.7.1.10" VPOS="2351" WIDTH="16"/>
            <String CONTENT="by" HEIGHT="44" HPOS="928" ID="ST_425.7.1.11" STYLEREFS="Style_3" VPOS="2351" WIDTH="46" WC="1.00" CC="00" TAGREFS=""/>
            <SP HPOS="974" ID="SP_425.7.1.12" VPOS="2351" WIDTH="16"/>
            <String CONTENT="McGuire" HEIGHT="35" HPOS="990" ID="ST_425.7.1.13" STYLEREFS="Style_3" VPOS="2351" WIDTH="175" WC="0.97" CC="0000000" TAGREFS=""/>
            <SP HPOS="1165" ID="SP_425.7.1.14" VPOS="2362" WIDTH="14"/>
            <String CONTENT="on" HEIGHT="23" HPOS="1179" ID="ST_425.7.1.15" STYLEREFS="Style_3" VPOS="2362" WIDTH="45" WC="1.00" CC="00" TAGREFS=""/>
            <SP HPOS="1224" ID="SP_425.7.1.16" VPOS="2352" WIDTH="16"/>
            <String CONTENT="appeal" HEIGHT="43" HPOS="1240" ID="ST_425.7.1.17" STYLEREFS="Style_3" VPOS="2352" WIDTH="123" WC="0.99" CC="000000" TAGREFS=""/>
          </TextLine>
          <TextLine HEIGHT="36" HPOS="150" ID="TL_425.7.2" VPOS="2399" WIDTH="803">
            <String CONTENT="are" HEIGHT="24" HPOS="150" ID="ST_425.7.2.1" STYLEREFS="Style_3" VPOS="2410" WIDTH="59" WC="0.89" CC="000" TAGREFS=""/>
            <SP HPOS="209" ID="SP_425.7.2.2" VPOS="2399" WIDTH="20"/>
            <String CONTENT="without" HEIGHT="35" HPOS="229" ID="ST_425.7.2.3" STYLEREFS="Style_3" VPOS="2399" WIDTH="147" WC="0.78" CC="0000000" TAGREFS=""/>
            <SP HPOS="376" ID="SP_425.7.2.4" VPOS="2400" WIDTH="19"/>
            <String CONTENT="merit" HEIGHT="34" HPOS="395" ID="ST_425.7.2.5" STYLEREFS="Style_3" VPOS="2400" WIDTH="102" WC="0.65" CC="00000" TAGREFS=""/>
            <SP HPOS="497" ID="SP_425.7.2.6" VPOS="2399" WIDTH="20"/>
            <String CONTENT="for" HEIGHT="35" HPOS="517" ID="ST_425.7.2.7" STYLEREFS="Style_3" VPOS="2399" WIDTH="52" WC="0.65" CC="000" TAGREFS=""/>
            <SP HPOS="569" ID="SP_425.7.2.8" VPOS="2400" WIDTH="20"/>
            <String CONTENT="the" HEIGHT="35" HPOS="589" ID="ST_425.7.2.9" STYLEREFS="Style_3" VPOS="2400" WIDTH="60" WC="0.80" CC="000" TAGREFS=""/>
            <SP HPOS="649" ID="SP_425.7.2.10" VPOS="2411" WIDTH="19"/>
            <String CONTENT="reasons" HEIGHT="24" HPOS="668" ID="ST_425.7.2.11" STYLEREFS="Style_3" VPOS="2411" WIDTH="140" WC="0.75" CC="0000000" TAGREFS=""/>
            <SP HPOS="808" ID="SP_425.7.2.12" VPOS="2400" WIDTH="20"/>
            <String CONTENT="stated." HEIGHT="35" HPOS="828" ID="ST_425.7.2.13" STYLEREFS="Style_3" VPOS="2400" WIDTH="125" WC="0.81" CC="0000000" TAGREFS=""/>
          </TextLine>
        </TextBlock>
      </PrintSpace>
    </Page>
  </Layout>
</alto>
