1640 2696
110 412 138 34 witness
270 411 112 34 stated
404 415 255 30 new-accounts
681 410 110 34 clerks
812 409 112 35 would
946 409 44 34 be
1010 419 96 24 more
1127 407 194 45 inquisitive

111 462 107 34 about
245 472 44 24 an
316 460 220 35 out-of-town
563 465 157 29 account.
749 460 56 34 He
830 459 74 34 said
931 458 183 35 standards
1140 457 113 35 would
1279 457 43 34 be

111 509 163 36 different
299 511 34 34 in
357 511 88 34 New
471 510 96 34 York
592 510 82 43 City
699 509 53 35 for
776 509 168 44 example,
970 519 20 24 a
1015 509 49 33 lot
1088 518 95 24 more
1207 508 56 34 lax
1287 507 35 34 in

112 561 201 40 Jonesboro,
340 560 67 35 and
432 560 113 35 would
571 560 43 34 be
638 559 153 35 dictated
817 559 45 43 by
886 559 60 34 the
971 558 135 34 market
1131 558 98 43 place
1254 557 68 34 and

112 611 158 44 previous
291 610 210 44 experience.

1251 267 66 33 235

204 697 75 34 The
293 697 120 43 Flying
425 696 139 34 Service
576 695 134 44 alleged
723 706 20 24 a
756 705 104 24 cause
871 694 39 35 of
920 694 115 35 action
1048 693 53 35 for
1114 693 208 35 conversion.

113 747 75 34 The
199 747 98 34 Bank
306 745 192 36 contended
508 746 26 34 it
544 745 102 35 acted
656 745 34 35 in
700 745 89 43 good
798 744 89 35 faith
897 744 69 35 and
975 744 35 34 in
1020 743 213 35 accordance
1241 743 83 34 with

114 796 204 35 reasonable
330 796 221 34 commercial
564 795 183 35 standards
760 794 109 35 under
882 795 84 33 Ark.
981 794 90 34 Stat.
1085 794 91 33 Ann.
1193 793 17 42 §
1226 794 97 33 85-3-

114 846 128 42 419(3)
268 845 112 35 which
404 845 105 35 limits
533 845 147 43 liability
704 850 35 29 to
763 844 58 35 the
845 849 143 29 amount
1012 843 39 35 of
1072 854 67 32 any
1163 842 162 44 proceeds

115 896 194 42 remaining
321 896 34 33 in
365 895 59 35 the
434 895 103 34 bank.
548 894 76 35 The
635 894 99 35 Bank
744 893 133 35 further
887 893 194 35 contended
1092 893 76 34 that
1178 892 147 35 Vaccari

115 956 71 24 was
199 946 174 42 negligent
386 944 67 35 and
466 944 244 43 substantially
721 943 218 35 contributed
952 948 35 30 to
999 943 60 34 the
1071 942 137 44 forgery
1220 942 106 43 citing

116 996 85 33 Ark.
223 995 90 34 Stat.
334 995 91 34 Ann.
449 995 17 42 §
489 995 181 34 85-3-407.

348 1080 74 35 The
431 1080 133 35 burden
575 1079 39 35 of
621 1079 102 45 proof
730 1090 69 24 was
809 1090 44 24 on
863 1079 59 35 the
933 1079 100 34 Bank
1041 1084 36 29 to
1087 1078 93 35 show
1190 1078 27 35 it
1226 1077 101 35 acted

117 1131 35 34 in
165 1142 20 24 a
197 1130 257 44 commercially
466 1130 203 35 reasonable
681 1139 153 25 manner.
850 1129 110 35 Clark
970 1140 30 23 v.
1015 1128 123 44 Griffin
1150 1135 33 28 et
1195 1128 58 41 al.,
1265 1158 64 4 —

119 1181 74 34 Ind.
211 1182 183 43 App_,
412 1181 64 34 481
498 1181 48 33 N.
566 1180 38 34 E.
624 1179 44 35 2d
691 1180 64 34 170
775 1178 136 44 (1985).
931 1179 42 41 If,
992 1184 36 29 at
1045 1179 90 40 trial,
1154 1178 59 35 the
1230 1178 99 35 Bank

118 1236 109 29 meets
239 1231 43 34 its
293 1230 131 35 burden
435 1230 39 34 of
482 1230 153 43 showing
646 1230 43 34 its
700 1229 193 35 adherence
902 1235 36 28 to
949 1229 202 34 reasonable
1160 1239 167 23 commer­

118 1280 67 35 cial
208 1280 183 35 standards
414 1280 33 34 in
469 1279 139 44 dealing
630 1279 83 35 with
735 1279 59 35 the
815 1284 147 30 account
985 1278 68 35 and
1075 1278 39 35 of
1133 1278 195 44 presenting

119 1330 163 35 evidence
292 1330 39 35 of
340 1330 174 35 Vaccari’s
526 1330 211 43 negligence,
748 1329 59 35 the
814 1329 80 44 jury
904 1328 113 36 would
1028 1329 44 34 be
1082 1328 201 35 authorized
1294 1333 35 30 to

119 1381 72 34 find
212 1381 60 34 the
294 1380 119 44 Flying
434 1380 139 35 Service
593 1380 28 34 is
642 1379 185 45 precluded
849 1379 90 35 from
960 1379 150 44 denying
1130 1379 59 34 the
1209 1378 121 44 forged

120 1431 258 35 endorsements
403 1430 68 35 and
496 1430 97 35 there
617 1429 101 36 could
743 1429 43 35 be
810 1440 43 24 no
878 1440 170 33 recovery.
1077 1430 104 33 Trust
1206 1429 60 34 Co.
1293 1427 45 45 of

121 1482 152 42 Georgia
283 1480 100 35 Bank
393 1480 45 44 of
439 1480 200 40 Savannah,
650 1481 90 34 N.A.
751 1491 30 23 v.
792 1481 83 33 Port
889 1479 178 35 Terminal
1079 1480 30 33 &
1125 1478 206 35 Warehous­

121 1534 60 40 ing
191 1532 74 39 Co.,
282 1532 62 33 153
358 1531 66 34 Ga.
436 1531 90 43 App.
540 1530 159 40 735,
711 1529 78 35 266
802 1528 45 35 S.E.2d
859 1530 68 33 254
940 1528 137 43 (1980).
1089 1529 75 33 The
1174 1528 157 44 question

120 1580 40 34 of
184 1580 176 34 Vaccari’s
387 1580 200 42 negligence
613 1579 35 34 in
675 1579 200 43 permitting
901 1579 60 33 the
987 1578 214 42 embezzling
1227 1578 103 33 book­

121 1629 154 43 keeper’s
288 1629 163 43 forgeries
464 1634 36 29 to
512 1639 43 32 go
568 1627 247 36 undiscovered
828 1628 27 34 is
868 1628 183 34 irrelevant
1063 1627 88 34 until
1163 1627 59 34 the
1234 1627 99 33 Bank

121 1679 203 33 establishes
346 1678 25 34 it
391 1678 101 34 acted
514 1677 185 43 according
720 1682 36 29 to
776 1677 202 34 reasonable
998 1676 221 34 commercial
1239 1681 92 29 stan­

120 1728 115 34 dards.
248 1730 117 32 Amer.
379 1727 167 35 Machine
561 1726 88 35 Tool
659 1725 235 36 Distributors
904 1727 122 33 Assoc.
1038 1737 31 23 v.
1081 1725 101 35 Nat’l
1192 1727 141 32 Perma­

121 1784 80 29 nent
216 1777 100 36 Fed’l
328 1778 149 43 Savings
495 1778 30 34 &
543 1778 97 34 Loan
653 1778 135 40 Assoc.,
803 1777 69 34 464
886 1777 43 34 A.
946 1775 45 35 2d
1006 1776 67 34 907
1091 1775 104 43 (D.C.
1215 1774 116 44 1983).

307 1864 33 33 A
362 1863 164 35 situation
548 1863 83 34 with
654 1862 180 43 strikingly
855 1862 131 34 similar
1009 1861 90 35 facts
1121 1861 169 43 involving
1312 1872 21 23 a

122 1913 106 33 claim
246 1912 39 34 of
299 1912 198 34 conversion
515 1922 71 24 was
604 1911 201 35 considered
824 1912 34 33 in
875 1911 176 43 Hydroflo
1071 1912 102 41 Corp.
1191 1921 31 23 v.
1240 1912 93 32 First

122 1961 103 35 Nat’l
238 1961 102 34 Bank
354 1961 46 43 of
410 1961 149 40 Omaha,
576 1962 67 32 217
660 1960 92 34 Neb.
770 1961 55 40 20,
843 1961 66 33 349
925 1960 106 34 N.W.­
1049 1959 45 34 2d
1110 1960 67 33 615
1196 1958 136 43 (1984).

122 2011 125 40 There,
265 2011 59 34 the
340 2010 228 44 corporation,
586 2009 127 35 named
731 2021 37 23 as
786 2020 108 33 payee
909 2020 44 24 on
971 2009 135 41 checks,
1124 2009 148 43 brought
1289 2019 44 24 an

124 2061 115 34 action
256 2060 135 44 against
406 2060 59 35 the
480 2060 94 35 bank
588 2065 36 30 to
640 2070 137 25 recover
792 2065 160 29 amounts
968 2059 81 44 paid
1065 2070 44 24 on
1124 2059 124 34 checks
1263 2063 36 30 to
1314 2069 20 24 a

124 2111 94 35 bank
239 2116 173 30 customer
433 2111 77 34 who
532 2110 69 35 had
623 2110 205 44 wrongfully
850 2109 168 36 endorsed
1040 2109 59 35 the
1120 2109 124 35 checks
1266 2108 68 35 and

124 2161 179 45 deposited
316 2161 59 35 the
386 2161 164 45 proceeds
563 2166 35 30 to
611 2161 52 34 his
676 2166 157 30 account.
847 2161 57 34 An
917 2160 140 35 Omaha
1070 2160 87 35 sales
1170 2169 165 33 manager

125 2212 39 35 of
172 2223 20 24 a
204 2212 100 35 small
316 2211 249 45 Pennsylvania
576 2211 217 44 corporation
804 2210 132 45 opened
948 2221 20 24 a
979 2215 180 39 corporate
1169 2209 167 43 checking

126 2268 148 30 account
288 2262 34 35 in
336 2262 59 35 the
408 2273 103 24 name
523 2261 39 36 of
573 2262 52 34 his
640 2261 174 45 employer
828 2261 144 35 without
986 2261 43 34 its
1043 2260 210 43 knowledge,
1268 2259 68 35 and

126 2312 180 36 furnished
314 2313 59 34 the
382 2313 93 34 bank
482 2312 83 35 with
575 2323 20 23 a
604 2312 177 43 signature
789 2311 82 35 card
880 2311 200 43 containing
1089 2310 52 34 his
1150 2310 185 43 signature.

127 2363 137 34 Checks
274 2362 40 35 of
322 2362 167 44 Hydroflo
499 2373 89 23 were
597 2359 178 46 deposited
785 2367 36 29 to
831 2361 59 34 the
899 2366 148 29 account
1057 2360 68 35 and
1135 2359 203 35 withdrawn

126 2413 46 43 by
180 2413 60 34 the
248 2413 88 34 sales
346 2422 175 33 manager.
531 2412 75 34 The
614 2410 122 36 bank’s
745 2411 134 34 U.C.C.
889 2410 142 34 defense
1039 2421 70 23 was
1117 2410 77 34 that
1203 2409 26 34 it
1237 2408 101 35 acted
