1632 2688
297 267 68 33 210

385 1244 116 34 Fuchs
524 1245 30 33 &
581 1244 153 40 Villines,
755 1244 55 43 by;
831 1244 157 35 Kenneth
1010 1244 38 33 G.
1071 1243 126 41 Fuchs,
1218 1243 53 34 for
1292 1244 186 43 appellant.

384 1322 104 33 Steve
504 1320 119 41 Clark,
638 1321 99 43 Att’y
751 1321 100 40 Gen.,
867 1321 54 43 by:
941 1320 180 35 Theodore
1134 1320 147 41 Holder,
1297 1322 93 32 Asst.
1405 1321 99 43 Att’y

295 1370 100 40 Gen.,
416 1370 53 34 for
489 1370 164 44 appellee.

385 1449 154 34 Robert
572 1450 45 33 H.
652 1449 169 41 Dudley,
855 1449 140 34 Justice.

1029 1449 199 43 Appellant,
1263 1448 165 35 Carleton
1462 1449 40 34 C.

295 1498 148 43 Wright,
467 1499 60 40 Jr.,
551 1510 69 23 was
643 1498 150 44 charged
816 1499 82 34 with
922 1498 133 44 driving
1078 1499 101 34 while
1201 1498 211 35 intoxicated
1435 1498 68 35 and

294 1548 153 43 refusing
466 1554 36 29 to
520 1549 81 34 take
620 1559 20 24 a
660 1548 238 44 breathalyzer
917 1554 77 29 test.
1016 1550 55 33 He
1090 1560 70 23 was
1179 1548 108 35 found
1306 1549 110 43 guilty
1435 1548 69 35 and

294 1598 184 35 sentenced
495 1598 53 35 for
564 1598 132 43 driving
712 1598 100 35 while
828 1598 221 41 intoxicated,
1067 1598 68 35 and
1152 1598 52 34 his
1220 1598 141 35 driver’s
1377 1598 127 35 license

294 1658 69 24 was
374 1647 193 44 suspended
579 1647 52 35 for
642 1647 152 44 refusing
805 1653 36 29 to
851 1648 81 35 take
942 1659 21 23 a
974 1648 240 43 breathalyzer
1225 1653 77 29 test.
1316 1649 64 33 We
1391 1648 113 34 affirm

294 1697 59 34 the
378 1697 191 35 conviction
596 1697 53 35 for
674 1697 133 43 driving
834 1698 101 34 while
960 1697 211 35 intoxicated
1198 1697 62 35 but
1286 1709 133 23 reverse
1445 1698 59 34 the

290 1747 184 43 judgment
492 1746 207 44 suspending
716 1747 52 35 his
786 1746 141 36 driver’s
945 1747 127 34 license
1089 1747 54 34 for
1161 1747 153 43 refusing
1332 1752 35 29 to
1385 1748 80 33 take
1482 1758 21 23 a

294 1796 239 44 breathalyzer
553 1801 76 30 test.

383 1874 112 34 There
504 1874 27 35 is
540 1874 205 35 substantial
755 1874 163 35 evidence
926 1880 35 29 to
970 1880 143 38 support
1122 1875 58 34 the
1189 1875 127 43 charge
1324 1874 39 35 of
1369 1874 133 44 driving

292 1924 101 34 while
409 1924 219 34 intoxicated.
646 1924 157 44 Dorothy
819 1924 148 41 Waters,
985 1935 20 23 a
1021 1930 148 38 trooper,
1186 1924 148 34 testified
1350 1925 76 34 that
1441 1925 61 34 she

292 1973 157 35 watched
460 1973 203 44 appellant’s
674 1984 59 24 car
743 1984 43 25 on
799 1974 185 34 Interstate
993 1975 56 39 40,
1061 1973 68 35 and
1140 1974 26 34 it
1177 1985 69 23 was
1256 1974 163 42 weaving.
1431 1974 71 34 She

292 2023 131 34 started
437 2028 36 29 to
487 2022 114 35 follow
616 2023 176 44 appellant
806 2023 79 41 and,
901 2034 38 23 as
954 2023 82 44 they
1049 2023 219 44 approached
1283 2034 44 24 an
1342 2034 159 33 overpass

292 2073 61 34 she
369 2072 157 35 watched
543 2073 51 34 his
610 2073 131 34 vehicle
757 2083 43 33 go
816 2073 52 35 off
881 2073 60 35 the
957 2073 84 35 road
1057 2078 36 29 to
1109 2073 59 34 the
1184 2073 91 43 right
1291 2073 68 34 and
1376 2073 125 35 almost

292 2122 106 35 strike
416 2134 20 23 a
455 2122 110 43 guard
584 2122 63 35 rail
665 2133 44 24 on
728 2123 59 34 the
805 2123 131 43 bridge.
956 2123 71 34 She
1045 2122 159 35 followed
1223 2123 58 34 the
1298 2123 132 34 vehicle
1447 2122 54 35 for

292 2172 274 44 approximately
580 2177 67 30 two
661 2183 96 24 more
771 2172 98 35 miles
883 2172 69 35 and
967 2184 70 23 saw
1052 2173 26 34 it
1092 2184 64 23 run
1171 2173 51 34 off
1233 2173 59 34 the
1306 2172 72 35 side
1392 2172 40 35 of
1443 2173 59 34 the

292 2222 84 35 road
396 2222 129 34 several
546 2222 111 34 times.

382 2300 71 34 She
477 2299 143 45 stopped
644 2300 59 35 the
727 2311 58 24 car
810 2300 68 35 and
903 2300 136 35 noticed
1063 2301 76 34 that
1164 2300 175 44 appellant
1363 2300 69 35 had
1457 2312 44 23 an

292 2350 187 43 extremely
492 2350 109 43 heavy
612 2349 84 35 odor
708 2349 39 35 of
756 2349 168 36 alcoholic
936 2350 168 43 beverage
1115 2350 107 34 about
1234 2350 52 34 his
1298 2361 133 33 person.
1446 2351 56 34 He

292 2399 71 34 told
375 2400 60 35 her
447 2400 76 34 that
534 2400 43 34 he
588 2399 68 35 had
668 2399 87 36 been
766 2405 35 29 to
813 2411 20 23 a
845 2400 195 34 Christmas
1052 2405 100 38 party
1163 2400 68 34 and
1242 2411 70 23 was
1323 2400 178 42 returning
