1639 2700
93 415 45 43 by
160 415 168 43 restating
350 414 92 35 what
464 414 27 34 is
514 414 153 44 actually
688 414 60 35 the
769 414 73 34 rule
864 413 34 34 in
920 413 189 35 Arkansas:
1133 413 91 34 “But
1246 413 59 34 the

94 464 180 44 exception
296 470 35 29 to
352 464 59 35 the
432 464 74 34 rule
527 464 123 34 should
672 475 102 23 never
795 464 43 34 be
859 462 144 35 allowed
1024 463 99 34 when
1145 463 26 34 it
1192 462 112 34 would

94 519 145 30 amount
261 520 35 30 to
318 514 142 43 nothing
482 524 96 24 more
599 513 85 36 than
706 525 20 23 a
748 513 125 35 second
895 512 124 45 appeal
1040 524 44 24 on
1106 524 20 23 a
1148 512 157 45 question

93 564 216 35 determined
325 575 43 24 on
383 564 58 35 the
456 564 74 34 first
545 564 159 43 appeal.”
718 564 92 34 That
825 563 27 35 is
868 563 59 35 the
941 563 164 35 situation
1122 562 117 35 before
1253 573 50 24 us.

94 614 59 35 No
168 614 191 35 additional
374 614 185 43 testimony
573 625 44 23 on
632 614 59 35 the
705 613 95 45 point
815 619 36 29 at
865 613 91 34 issue
969 623 70 25 was
1054 612 202 36 introduced
1271 612 34 34 in

95 665 59 34 the
173 664 79 35 trial
271 670 108 29 court.
398 664 74 34 The
490 675 97 23 same
605 663 89 36 facts
713 664 76 34 that
807 674 50 23 we
875 662 201 36 considered
1094 673 44 24 on
1157 663 59 34 the
1233 662 73 34 first

96 714 124 44 appeal
238 726 59 23 are
313 714 118 34 before
446 725 40 23 us
503 713 114 43 again.
635 715 116 33 Potter
768 718 153 39 presents
937 712 60 35 the
1013 724 96 23 same
1125 717 182 38 argument

96 764 77 34 that
184 764 43 34 he
238 764 102 34 made
350 764 131 34 earlier.
494 763 34 34 If
535 764 117 34 Potter
663 764 27 34 is
700 762 143 35 entitled
853 768 35 28 to
899 773 20 23 a
929 762 126 35 second
1065 767 65 39 try,
1141 762 82 34 then
1233 772 37 24 so
1280 762 27 33 is

97 824 101 33 every
207 814 99 34 other
315 814 136 42 litigant
459 812 138 43 coming
606 818 37 29 to
651 824 40 23 us
700 823 44 24 on
754 824 20 23 a
783 811 125 35 second
918 812 134 43 appeal.
1063 813 66 33 We
1137 812 128 34 adhere
1272 816 35 29 to

97 863 60 34 the
171 863 96 35 basic
282 863 173 44 approach
470 873 51 23 we
534 862 104 35 chose
652 863 35 34 in
701 864 128 32 Moose
841 873 30 22 v.
888 862 165 43 Gregory,
1070 862 66 33 267
1152 861 84 34 Ark.
1253 861 54 40 86,

100 914 67 33 590
180 912 144 35 S.W.2d
337 913 67 34 662
419 911 137 44 (1979):
569 913 34 32 A
615 912 138 43 litigant
764 911 28 35 is
804 910 143 36 entitled
959 916 36 29 to
1007 921 65 24 one
1084 911 122 43 appeal
1219 911 89 43 only,

98 967 60 29 not
177 967 79 30 two.

1238 271 60 34 141

191 1048 63 35 III.
279 1047 139 45 Unpaid
439 1047 107 35 Child
564 1047 169 44 Support.
755 1047 74 34 The
850 1046 137 35 divorce
1007 1047 122 34 decree
1150 1046 160 35 awarded

99 1097 146 44 custody
255 1098 39 35 of
302 1098 59 34 the
370 1098 97 34 three
477 1097 155 35 children
642 1103 36 29 to
690 1098 87 34 Mrs.
788 1098 116 33 Potter
915 1096 68 35 and
994 1096 145 35 ordered
1149 1097 116 33 Potter
1275 1101 35 29 to

100 1157 68 35 pay
181 1148 92 37 $650
286 1159 20 24 a
320 1148 120 34 month
453 1158 37 24 as
503 1147 93 35 child
608 1153 153 39 support.
775 1147 74 35 The
861 1151 143 30 amount
1017 1158 70 24 was
1099 1147 87 34 later
1199 1145 112 35 raised

100 1203 36 30 to
147 1208 39 24 as
198 1198 105 35 much
315 1209 37 24 as
365 1199 91 37 $850
468 1209 20 23 a
500 1197 132 36 month.
645 1198 75 34 The
731 1198 67 34 suit
810 1196 153 44 dragged
974 1207 44 25 on
1030 1197 53 35 for
1095 1208 95 23 some
1201 1207 108 33 years.

102 1249 39 33 In
169 1248 60 34 the
255 1254 98 29 court
380 1248 108 35 below
516 1248 88 34 Mrs.
633 1249 117 33 Potter
777 1246 192 36 contended
996 1248 77 34 that
1100 1248 116 33 Potter
1242 1257 70 24 was

102 1298 209 40 $10,893.83
334 1297 127 36 behind
483 1298 34 34 in
538 1298 52 34 his
612 1302 191 39 payments.
826 1298 116 34 Potter
963 1297 131 43 argued
1115 1297 108 34 below
1244 1296 67 35 and

101 1358 124 33 argues
236 1348 81 35 here
327 1348 75 34 that
413 1348 42 34 he
465 1347 69 35 had
544 1347 82 44 paid
636 1347 199 44 everything
845 1346 77 35 due.
934 1347 74 34 The
1017 1347 195 34 chancellor
1222 1346 90 34 fixed

101 1398 60 34 the
178 1397 188 45 deficiency
385 1403 36 29 at
439 1398 137 40 $8,000.
596 1397 65 35 For
679 1397 147 35 reversal
844 1398 116 33 Potter
978 1396 114 36 insists
1110 1397 97 34 there
1223 1396 28 34 is
1269 1407 43 23 no

101 1447 201 45 deficiency.

194 1534 75 35 The
289 1534 155 44 problem
464 1534 28 34 is
512 1533 133 44 simple.
667 1534 75 34 The
761 1533 207 41 chancellor,
989 1533 35 35 in
1045 1533 189 44 specifying
1255 1533 59 34 the

103 1589 145 29 amount
263 1584 40 34 of
314 1583 92 35 child
422 1588 152 39 support,
591 1583 166 44 expected
772 1583 76 34 that
864 1584 87 33 Mrs.
968 1583 118 34 Potter
1100 1582 113 35 would
1228 1583 87 33 have

103 1633 182 41 available,
302 1633 54 34 for
372 1633 58 34 the
445 1638 143 38 support
604 1633 40 34 of
657 1632 130 35 herself
800 1632 68 34 and
885 1632 60 34 her
962 1632 97 34 three
1074 1632 165 40 children,
1256 1632 59 33 the

104 1683 92 35 $700
221 1692 20 24 a
266 1682 120 34 month
410 1682 60 33 she
493 1692 70 23 was
588 1682 143 42 earning
755 1692 37 23 as
817 1692 20 23 a
861 1681 117 34 school
1001 1681 140 34 teacher
1165 1680 68 34 and
1256 1680 60 34 the

102 1736 183 38 payments
303 1732 116 33 Potter
436 1741 70 24 was
524 1730 145 35 ordered
687 1735 36 30 to
741 1730 111 34 make.
872 1729 70 35 She
959 1729 60 35 did
1037 1735 60 29 not
1114 1730 87 34 have
1217 1729 98 34 those

103 1791 187 31 resources,
315 1781 52 34 for
390 1781 116 34 Potter
528 1779 59 35 did
610 1785 60 30 not
692 1780 103 35 make
817 1780 51 34 his
891 1785 182 39 payments
1095 1779 35 35 in
1152 1779 74 34 full.
1250 1779 65 34 His

103 1831 226 44 explanatory
352 1831 195 44 testimony:
572 1830 39 34 “I
635 1831 87 34 have
745 1829 81 46 paid
853 1828 100 37 100%
976 1829 39 35 of
1035 1829 199 45 everything
1256 1829 59 35 the

104 1881 112 35 Court
228 1881 62 35 has
303 1880 144 36 ordered
460 1892 56 23 me
527 1886 36 29 to
575 1891 68 34 pay
656 1886 121 39 except
789 1880 53 35 for
854 1880 59 35 the
925 1879 203 36 deductions
1142 1881 15 33 I
1169 1880 147 43 thought

104 1942 90 23 were
212 1930 191 44 legitimate
420 1941 164 33 expenses
602 1931 103 43 Betty
722 1930 122 35 should
862 1930 87 35 have
966 1930 115 44 paid.”
1101 1930 64 35 His
1183 1930 132 43 “legiti-

105 1980 117 35 mate”
246 1981 202 34 deductions
471 1991 65 24 run
558 1980 54 34 for
635 1991 88 33 page
745 1980 90 34 after
858 1990 88 33 page
968 1980 34 33 in
1025 1980 59 34 the
1106 1979 120 35 record
1248 1979 68 34 and

106 2029 138 36 include
270 2031 85 34 such
382 2030 114 43 things
523 2041 38 23 as
588 2035 108 36 taxes,
723 2034 145 39 country
894 2029 81 34 club
1001 2030 95 40 dues,
1124 2029 193 42 swimming

106 2080 141 41 lessons,
259 2080 96 44 trips,
367 2079 150 44 deposits
529 2079 35 34 in
575 2090 21 23 a
608 2080 136 42 savings
756 2084 158 36 account,
926 2078 69 35 and
1006 2080 115 34 others
1133 2084 57 29 too
1200 2078 117 35 varied

105 2134 36 30 to
152 2135 213 29 enumerate.
378 2129 113 35 When
502 2129 60 35 the
572 2129 196 35 chancellor
780 2128 107 35 found
899 2139 20 24 a
931 2128 189 44 deficiency
1131 2128 39 35 of
1179 2129 137 40 $8,000,

105 2180 118 34 Potter
243 2179 106 36 asked
369 2179 52 35 for
441 2179 148 43 findings
608 2179 40 35 of
665 2179 73 35 fact
757 2179 152 43 showing
929 2178 76 35 how
1024 2179 77 34 that
1120 2179 109 43 figure
1247 2189 70 23 was

105 2229 227 36 determined.
346 2231 56 34 He
412 2240 75 25 now
499 2240 124 33 argues
634 2230 88 41 that,
734 2229 122 35 absent
867 2229 84 35 such
962 2229 160 44 findings,
1133 2240 52 23 we
1195 2228 122 35 should

106 2280 179 43 disregard
305 2281 60 34 the
384 2280 224 35 chancellor’s
628 2280 278 35 determination.

292 2367 50 34 As
351 2366 83 34 with
443 2371 133 38 respect
585 2370 36 29 to
630 2366 59 34 the
698 2365 72 35 sale
778 2365 39 34 of
823 2365 59 34 the
891 2365 212 43 homeplace,
1113 2365 117 34 Potter
1238 2364 83 34 took

108 2415 26 34 it
150 2425 93 33 upon
261 2415 142 34 himself
416 2420 36 29 to
469 2415 178 42 disregard
664 2415 59 34 the
739 2415 127 33 court’s
883 2413 110 35 order.
1012 2414 35 34 If
1060 2414 60 34 the
1136 2413 183 34 children’s
