1674 2707
278 403 81 33 may
372 403 111 24 renew
497 393 51 34 his
563 392 115 35 action
691 392 119 35 within
823 393 120 34 twelve
956 392 138 35 months
1108 393 90 34 from
1212 393 58 34 the
1283 392 84 35 time

278 442 39 34 of
324 442 84 35 such
419 442 163 35 non-suit.
596 443 83 34 Was
691 442 25 34 it
727 442 59 34 the
795 442 114 43 object
919 442 40 34 of
966 442 59 35 the
1035 442 199 43 legislature
1244 442 44 44 by
1299 442 67 35 this

277 497 57 29 act
351 498 35 28 to
403 491 96 35 favor
516 492 125 34 suitors
658 491 76 34 who
751 491 131 35 elected
899 497 36 29 to
951 492 82 34 take
1049 503 20 23 a
1086 492 153 34 non-suit
1256 497 35 29 to
1308 492 59 35 the

278 541 173 35 exclusion
464 541 40 35 of
513 541 136 41 suitors,
663 541 76 35 who
752 541 53 35 for
817 541 98 35 other
927 552 105 24 cause
1044 541 123 35 should
1180 541 86 35 have
1278 541 89 35 their

278 591 85 35 suits
375 590 181 36 dismissed
568 591 91 34 from
671 596 99 30 court
781 591 145 35 without
938 591 126 43 having
1077 590 68 36 had
1158 591 88 34 their
1258 591 108 43 rights

278 640 156 44 litigated
451 641 68 34 and
536 640 77 35 who
629 640 112 44 might
757 652 38 23 as
811 640 75 35 well
903 652 113 23 renew
1033 641 89 34 their
1138 641 131 34 actions
1286 651 37 24 as
1340 641 30 34 if

279 690 152 35 non-suit
441 690 69 35 had
520 691 86 34 been
617 691 125 34 taken?
755 690 34 35 If
795 701 37 24 so
841 690 26 35 it
876 690 27 35 is
913 690 146 36 difficult
1069 695 35 30 to
1113 690 155 45 perceive
1277 689 90 36 from

278 740 93 35 what
382 740 126 35 motive
519 751 38 24 or
568 740 264 35 consideration.
845 740 56 35 On
913 741 59 34 the
982 740 99 35 other
1093 740 92 36 hand
1197 740 26 35 it
1234 740 27 35 is
1272 740 96 44 quite

278 795 168 39 apparent
457 790 77 35 that
544 790 60 35 the
615 790 168 35 intention
794 790 39 36 of
840 790 59 35 the
910 790 147 35 framers
1068 790 40 35 of
1115 790 59 36 the
1185 796 56 29 act
1251 801 69 24 was
1332 796 35 29 to

279 851 119 24 secure
418 840 76 35 that
515 840 89 35 class
625 840 39 35 of
682 840 125 35 suitors
828 840 90 35 from
939 841 67 35 loss
1027 841 88 41 who,
1136 840 91 35 from
1248 851 120 25 causes

279 890 151 35 incident
442 895 36 30 to
489 891 60 34 the
560 890 279 36 administration
851 890 39 35 of
899 891 59 35 the
970 892 76 40 law,
1059 902 59 24 are
1130 890 190 46 compelled
1333 896 35 30 to

278 940 161 35 abandon
452 940 90 35 their
555 946 138 38 present
706 941 126 41 action,
845 941 154 35 whether
1013 941 45 44 by
1070 941 89 35 their
1172 952 75 24 own
1260 947 57 30 act
1330 952 38 24 or

279 990 59 36 the
350 995 56 31 act
418 990 39 35 of
466 991 59 35 the
536 996 110 36 court,
659 991 99 35 when
771 991 109 35 either
891 991 114 35 would
1018 991 95 35 leave
1125 991 95 36 them
1233 1003 20 24 a
1265 1003 104 23 cause

279 1040 39 36 of
330 1041 125 41 action,
470 1047 57 38 yet
542 1041 275 42 undetermined,
832 1041 45 44 by
891 1041 116 44 giving
1021 1041 96 35 them
1132 1052 20 25 a
1167 1042 202 34 reasonable

279 1091 84 35 time
383 1091 34 35 in
437 1091 112 35 which
570 1096 36 30 to
626 1102 112 24 renew
759 1092 84 34 such
863 1092 126 35 action.

1299 251 65 34 373

154 1168 113 35 Other
295 1168 183 44 expansive
506 1168 280 44 interpretations
815 1168 39 35 of
879 1169 59 34 the
966 1173 141 37 statute,
1136 1174 60 29 not
1224 1169 144 44 directly

154 1218 154 34 relevant
318 1218 91 40 here,
420 1218 147 35 include:
577 1218 158 35 Eades v.
745 1218 125 41 Joslin,
882 1219 67 34 219
960 1218 85 35 Ark.
1057 1219 159 41 688, 244
1225 1218 143 36 S.W.2d

155 1268 67 34 623
237 1267 138 43 (1951);
386 1269 76 34 Fox
470 1279 31 23 v.
512 1270 147 39 Penson,
674 1268 66 34 182
751 1268 84 34 Ark.
847 1268 137 41 936, 34
995 1268 143 35 S.W.2d
1149 1269 68 34 459
1230 1268 137 43 (1930);

159 1316 142 35 Walker
312 1328 30 23 v.
358 1319 103 41 Peay,
477 1318 45 34 22
536 1317 86 35 Ark.
642 1318 63 34 103
723 1317 138 43 (1860);
877 1317 68 35 and
958 1318 104 34 State
1075 1317 103 35 Bank
1189 1329 31 23 v.
1235 1318 135 35 Fowler

154 1366 73 34 and
244 1366 98 41 Pike,
368 1367 40 34 14
428 1367 85 34 Ark.
539 1368 64 33 159
626 1366 138 44 (1853).

247 1443 39 34 In
302 1445 160 42 Young v.
476 1444 152 41 Garrett,
642 1444 68 35 212
722 1444 84 35 Ark.
820 1444 159 41 693, 208
992 1444 144 36 S.W.2d
1152 1445 64 35 189
1230 1444 138 44 (1948),

154 1493 60 35 the
227 1493 158 44 question
399 1504 69 24 was
482 1494 155 36 whether
651 1494 59 35 the
723 1494 138 36 nonsuit
874 1505 70 25 was
958 1494 152 36 suffered
1124 1494 99 36 when
1237 1506 20 24 a
1271 1495 44 35 U.
1331 1495 35 36 S.

154 1548 99 30 court
268 1543 40 34 of
319 1543 139 44 appeals
474 1544 158 34 affirmed
647 1543 69 36 and
731 1544 124 35 denied
870 1544 183 43 rehearing
1067 1545 178 43 adversely
1259 1550 36 30 to
1309 1545 59 35 the

155 1592 162 44 plaintiff,
328 1592 68 35 and
406 1604 51 23 we
466 1592 80 36 held
556 1593 77 35 that
643 1593 26 35 it
678 1604 81 24 was.
770 1594 122 41 There,
903 1594 168 41 however,
1081 1595 60 34 the
1150 1594 153 44 plaintiff
1309 1594 59 35 did

154 1648 60 29 not
228 1642 81 35 seek
322 1653 20 24 a
356 1642 76 35 writ
445 1643 40 34 of
495 1643 189 42 certiorari,
699 1643 63 35 but
775 1643 190 36 succeeded
979 1644 35 35 in
1028 1644 133 43 getting
1174 1644 59 35 the
1246 1644 122 35 circuit

153 1697 100 30 court
270 1697 35 31 to
322 1692 143 36 remand
482 1693 60 35 the
558 1703 80 25 case
655 1699 36 30 to
708 1693 59 36 the
783 1693 134 36 district
933 1699 100 31 court
1049 1699 36 30 to
1102 1694 125 45 permit
1244 1694 72 36 him
1332 1700 36 29 to

154 1742 128 37 amend
291 1742 52 35 his
353 1742 171 45 pleading.
535 1743 75 35 The
618 1743 135 36 district
762 1749 98 30 court
869 1744 80 35 held
958 1745 27 36 it
994 1744 122 36 lacked
1126 1744 59 36 the
1194 1745 175 44 authority

153 1798 37 29 to
200 1793 127 44 permit
337 1793 234 41 amendment,
583 1794 69 35 and
662 1794 60 35 the
731 1794 123 35 circuit
864 1800 98 30 court
972 1794 159 36 affirmed
1141 1794 76 36 that
1227 1794 141 45 holding

153 1853 39 24 as
211 1843 87 34 well.
320 1844 64 34 We
402 1843 75 35 said
496 1844 60 34 the
575 1844 155 44 plaintiff
745 1844 101 35 could
866 1850 59 29 not
945 1844 100 44 bring
1064 1845 52 35 his
1135 1845 116 35 action
1270 1846 35 34 in
1323 1856 46 24 an

153 1893 180 34 Arkansas
349 1898 97 30 court
460 1893 150 35 because
624 1904 96 25 more
734 1894 85 35 than
833 1905 20 24 a
868 1905 83 32 year
965 1894 70 35 had
1049 1894 140 45 elapsed
1203 1895 93 34 since
1310 1895 60 34 the

153 1942 75 35 first
250 1942 211 35 affirmance.
487 1944 65 33 We
574 1943 141 44 pointed
737 1949 61 29 out
820 1943 77 36 that
919 1944 201 43 everything
1142 1944 89 34 done
1253 1945 34 34 in
1310 1944 59 35 the

153 1991 134 35 federal
304 1997 115 29 courts
436 1992 91 35 after
544 1992 60 35 the
620 1993 75 34 first
712 1993 201 35 affirmance
929 2004 71 24 was
1017 2004 21 23 a
1055 1994 124 42 nullity
1196 1994 68 34 and
1282 1994 85 34 said:

370 2069 68 33 But
452 2067 155 44 wording
621 2068 40 35 of
672 2068 59 35 the
744 2070 70 34 Act
828 2068 82 35 does
924 2075 60 29 not
994 2069 126 44 justify
1134 2069 107 35 belief
1252 2070 76 34 that
1342 2070 27 34 it

278 2128 71 24 was
357 2118 59 34 the
425 2117 190 44 legislative
623 2128 149 34 purpose
780 2124 35 30 to
824 2129 37 25 so
870 2118 177 36 liberalize
1054 2119 68 35 this
1131 2119 153 45 gratuity
1292 2119 77 36 that

280 2167 218 45 irrespective
516 2167 38 36 of
570 2168 144 36 adverse
728 2168 145 44 judicial
891 2169 170 35 decisions
1080 2170 35 34 in
1134 2180 20 24 a
1172 2169 100 44 given
1290 2180 80 24 case

279 2218 77 35 that
372 2218 59 35 the
447 2224 221 38 controversy
684 2218 35 36 in
736 2219 77 35 that
825 2219 220 44 jurisdiction
1062 2219 69 35 had
1149 2219 86 35 been
1252 2220 116 36 termi-

278 2268 116 41 nated,
409 2278 20 24 a
442 2268 119 43 period
575 2268 39 35 of
624 2279 66 24 one
702 2279 83 33 year
797 2268 113 37 would
923 2274 57 38 yet
993 2270 133 34 remain
1140 2269 101 35 while
1253 2275 116 29 courts

279 2328 90 24 were
388 2317 211 44 reaffirming
620 2318 93 35 what
732 2318 70 35 had
823 2318 141 44 already
983 2318 88 35 been
1092 2319 162 44 explicity
1273 2319 90 35 held.

153 2394 93 35 That
260 2394 172 44 language
445 2394 82 36 does
541 2400 60 29 not
615 2395 105 45 apply
733 2395 92 36 here.
839 2395 75 35 The
927 2395 167 36 claimant
1108 2395 119 36 before
1239 2407 40 24 us
1294 2406 75 24 now
