1659 2695
127 408 50 34 lor
195 419 70 23 was
283 408 218 43 analogizing
519 414 35 29 to
572 414 84 30 tests
674 409 35 34 in
726 419 63 24 our
806 409 168 35 decisions
993 408 84 36 used
1095 414 35 29 to
1148 409 190 35 determine

126 458 154 34 whether
296 458 130 34 certain
442 459 201 42 machinery
658 469 70 24 was
744 459 189 43 “directly”
950 459 84 34 used
1050 460 34 33 in
1100 459 237 34 manufactur-

127 507 68 43 ing.
220 508 74 34 The
317 513 76 35 test,
418 508 166 41 however,
607 519 70 23 was
701 508 137 44 applied
861 514 35 29 to
919 509 59 34 the
1001 508 198 36 mechanics
1221 508 39 35 of
1280 508 59 35 the

127 557 283 44 manufacturing
425 559 178 43 operation
618 558 69 34 and
702 564 59 29 not
776 559 58 34 the
848 559 205 34 economics:
1070 558 34 34 If
1116 569 20 24 a
1151 559 187 43 particular

127 607 97 44 piece
237 608 39 34 of
287 608 199 44 equipment
499 619 38 24 or
551 608 201 44 machinery
765 619 89 24 were
867 609 161 34 removed
1042 609 91 34 from
1145 609 60 34 the
1217 620 120 23 manu-

128 657 175 44 facturing
318 668 146 34 process,
480 658 113 35 would
607 658 60 35 the
680 659 178 43 operation
872 669 99 24 come
984 664 36 29 to
1034 670 20 24 a
1065 658 164 44 physical
1242 659 94 35 halt?

127 708 186 34 Arkansas
334 710 95 41 Rwy.
458 710 31 33 &
514 710 127 42 Equip.
670 709 60 34 Co.
754 720 30 23 v.
809 708 130 42 Heath,
964 710 67 33 257
1056 709 85 35 Ark.
1166 710 79 40 651,
1271 710 65 34 519

128 757 144 35 S.W.2d
290 759 43 34 45
355 758 136 42 (1975);
512 759 139 42 Cheney
667 770 30 23 v.
718 759 297 43 Georgia-Pacific
1034 760 115 42 Corp.,
1169 760 65 33 237
1253 759 84 35 Ark.

132 808 76 40 161,
231 809 62 33 371
319 808 142 34 S.W.2d
483 809 65 33 843
573 808 137 43 (1963).

1268 268 67 34 609

220 887 75 34 The
312 887 138 43 Cheney
464 898 90 31 case,
570 898 121 33 supra,
706 888 112 35 which
834 888 59 34 the
908 888 162 44 majority
1085 888 84 34 cites
1185 900 37 23 as
1237 888 102 44 perti-

130 942 82 29 nent
221 942 36 29 to
266 937 68 34 this
344 938 89 33 issue
442 937 68 35 had
520 937 145 43 nothing
674 943 35 29 to
718 938 45 34 do
772 938 81 34 with
863 939 204 34 economics.
1078 938 74 34 The
1160 938 137 35 turbine
1305 938 35 34 in

129 987 158 43 question
305 997 70 24 was
392 987 83 34 used
493 993 35 28 to
545 992 164 38 generate
726 987 189 44 electricity
932 987 54 35 for
1003 988 59 34 the
1078 988 107 43 plant,
1204 988 61 34 but
1282 988 59 34 the

129 1041 112 29 steam
251 1036 90 35 from
351 1036 58 34 the
418 1037 138 34 turbine
564 1048 70 23 was
644 1037 73 34 also
726 1037 144 43 directly
878 1037 85 34 used
973 1038 34 33 in
1017 1038 59 34 the
1085 1048 106 33 paper
1199 1038 141 42 making

129 1096 138 33 process
287 1086 40 34 of
344 1086 59 35 the
423 1087 107 42 plant.
551 1087 76 34 The
646 1087 155 43 physical
821 1087 179 43 operation
1019 1087 40 35 of
1076 1087 60 34 the
1155 1087 97 44 plant
1271 1098 70 24 was

130 1135 199 44 dependant
350 1146 43 24 on
415 1136 58 34 the
494 1137 138 34 turbine
654 1136 53 35 for
729 1137 43 34 its
793 1137 189 44 operation,
1005 1143 59 29 not
1086 1137 59 34 the
1165 1137 177 35 economic

129 1185 157 44 viability
306 1186 39 34 of
362 1186 59 34 the
440 1186 106 43 plant.

222 1266 76 33 Nor
309 1266 81 34 does
401 1266 59 34 the
471 1266 172 43 language
654 1266 40 34 of
701 1266 59 35 the
771 1271 129 30 statute
910 1267 155 43 creating
1076 1266 59 35 the
1146 1267 195 44 exemption

131 1315 75 42 give
216 1326 68 33 any
294 1315 187 35 indication
492 1316 77 34 that
578 1315 59 36 the
648 1316 197 43 legislature
854 1316 164 35 intended
1028 1316 85 35 such
1122 1327 45 24 an
1177 1317 164 44 interpre-

131 1365 121 34 tation.
274 1366 75 34 The
368 1365 171 44 language
559 1366 28 35 is
607 1366 93 34 clear
720 1366 68 35 and
808 1366 309 43 straightforward:

256 1446 84 34 Ark.
357 1445 88 35 Stat.
462 1447 92 34 Ann.
574 1446 17 43 §
609 1446 165 35 84-3106.
790 1447 112 34 There
917 1457 59 24 are
991 1446 129 44 hereby
1135 1447 207 43 specifically

256 1495 181 44 exempted
458 1495 90 35 from
569 1497 59 34 the
647 1501 97 29 taxes
765 1496 108 35 levied
894 1496 34 34 in
948 1497 68 34 this
1036 1498 80 33 Act:

258 1574 125 42 (D)(1)
411 1574 18 19 *
457 1574 18 20 *
504 1574 18 20 *

348 1652 53 43 (2)
422 1653 208 43 Machinery
648 1653 69 35 and
735 1654 199 44 equipment
951 1654 85 34 used
1053 1653 145 45 directly
1215 1654 34 34 in
1266 1664 75 34 pro-

255 1702 138 43 ducing,
409 1702 295 44 manufacturing,
720 1703 220 44 fabricating,
956 1703 220 44 assembling,
1192 1715 150 33 process-

256 1753 68 43 ing,
345 1752 172 44 finishing,
537 1764 39 24 or
595 1753 195 44 packaging
810 1764 44 24 an
874 1753 121 35 article
1013 1754 40 35 of
1069 1764 203 25 commerce.
1301 1782 6 7 .
1335 1781 6 7 .

131 1832 86 34 Ark.
239 1832 89 35 Stat.
350 1833 90 34 Ann.
464 1833 18 43 §
505 1832 340 44 84-3106(D)(2)(c)
868 1833 167 44 provides:

258 1913 31 33 It
311 1912 27 34 is
361 1912 58 34 the
441 1912 111 35 intent
574 1912 39 35 of
632 1913 68 34 this
723 1913 194 35 subsection
940 1918 36 30 to
998 1918 139 39 exempt
1158 1914 79 43 only
1259 1913 85 35 such

257 1961 200 44 machinery
471 1962 68 34 and
554 1962 201 44 equipment
770 1973 40 24 as
823 1962 96 34 shall
933 1962 41 35 be
989 1962 148 35 utilized
1149 1962 146 44 directly
1310 1965 34 32 in

258 2011 58 34 the
330 2011 120 34 actual
463 2012 289 43 manufacturing
763 2023 41 23 or
812 2014 207 41 processing
1029 2014 183 41 operation
1226 2018 37 28 at
1277 2023 67 31 any

259 2063 84 32 time
345 2060 99 44 from
456 2060 58 35 the
524 2060 117 35 initial
649 2067 100 37 stage
759 2061 112 34 where
880 2061 122 34 actual
1011 2060 288 45 manufacturing
1305 2072 42 23 or

254 2112 206 42 processing
471 2110 120 45 begins
606 2110 151 45 through
774 2111 57 35 the
845 2111 212 44 completion
1071 2110 46 45 of
1125 2111 57 35 the
1187 2110 160 45 finished

258 2160 133 36 article.
419 2188 6 7 .
453 2161 84 35 .The
556 2166 89 30 term
665 2161 189 44 “directly”
874 2172 38 24 as
931 2161 84 35 used
1035 2162 35 34 in
1088 2161 68 35 this
1175 2163 69 33 Act
1263 2162 27 34 is
1309 2166 36 29 to

258 2211 89 34 limit
358 2211 59 34 the
429 2212 196 43 exemption
638 2217 36 28 to
686 2211 81 43 only
780 2211 58 35 the
850 2211 201 44 machinery
1062 2211 72 35 and
1144 2214 200 41 equipment

259 2261 88 34 used
360 2263 34 31 in
409 2261 121 34 actual
540 2260 213 44 production
768 2261 128 43 during
905 2264 213 40 processing,
1128 2261 220 43 fabricating

258 2320 41 24 or
318 2309 216 44 assembling
551 2320 71 24 raw
642 2310 183 34 materials
845 2321 40 22 or
903 2310 243 43 semifinished
1164 2309 182 36 materials

259 2359 72 34 into
343 2359 59 34 the
414 2358 90 34 form
517 2359 34 34 in
564 2359 112 34 which
689 2359 84 34 such
786 2359 157 43 personal
956 2364 162 38 property
1130 2359 27 34 is
1170 2364 35 29 to
1218 2359 43 34 be
1272 2359 74 34 sold

259 2408 34 34 in
314 2408 58 34 the
392 2408 220 34 commercial
633 2408 146 34 market.
