<?xml version='1.0' encoding='utf-8'?>
<alto xmlns="http://www.loc.gov/standards/alto/ns-v3#">
  <!--Created by Innodata R.E.D. RLI tool: 2017-04-25 06:27:39.442030-->
  <Description>
    <MeasurementUnit>pixel</MeasurementUnit>
    <sourceImageInformation>
      <fileName>32044078577194_00308_1.tif</fileName>
    </sourceImageInformation>
    <OCRProcessing ID="OP_1">
      <ocrProcessingStep>
        <processingStepDescription>Alto coordinates refer to the deskewed TIFF file. 
		To convert point (x, y) to original image (TIFF or JP2) apply transformation matrix T=(m00, m01, m10, m11, b0, b1) using the rule:
			T * (x,y) = (m00 * x + m01 * y + b0), (m10 * x + m11 * y + b1)</processingStepDescription>
        <processingStepSettings>RED.transform=(0.9999875000260416, 0.004999979166692708, -0.004999979166692708, 0.9999875000260416, -13.199999999999955, 0.11999999999989086)</processingStepSettings>
      </ocrProcessingStep>
    </OCRProcessing>
  </Description>
  <Styles>
    <TextStyle FONTFAMILY="Times New Roman" FONTSIZE="11.00" FONTTYPE="serif" FONTWIDTH="proportional" ID="Style_4"/>
    <TextStyle FONTFAMILY="Times New Roman" FONTSIZE="11.00" FONTSTYLE="italics" FONTTYPE="serif" FONTWIDTH="proportional" ID="Style_5"/>
  </Styles>
  <Tags>
    <StructureTag ID="b615-8" LABEL="blockquote"/>
    <StructureTag ID="b616-1" LABEL="pagelabel"/>
    <StructureTag ID="b616-6" LABEL="p"/>
    <StructureTag ID="b616-7" LABEL="p"/>
    <StructureTag ID="b616-8" LABEL="p"/>
    <StructureTag ID="b616-9" LABEL="p"/>
    <StructureTag ID="b616-10" LABEL="p"/>
    <StructureTag ID="b616-11" LABEL="blockquote"/>
  </Tags>
  <Layout>
    <Page HEIGHT="2688" ID="PG_616" PHYSICAL_IMG_NR="616" WIDTH="1661">
      <PrintSpace HEIGHT="2688" HPOS="0" ID="PS_616" VPOS="0" WIDTH="1661">
        <TextBlock HEIGHT="295.0" HPOS="435.0" ID="BL_616.1" TAGREFS="b615-8" VPOS="391.0" WIDTH="1090.0">
          <TextLine HEIGHT="45" HPOS="436" ID="TL_616.1.1" VPOS="391" WIDTH="1088">
            <String CONTENT="unverified" HEIGHT="35" HPOS="436" ID="ST_616.1.1.1" STYLEREFS="Style_4" VPOS="393" WIDTH="188" WC="0.98" CC="0000000000" TAGREFS=""/>
            <SP HPOS="624" ID="SP_616.1.1.2" VPOS="393" WIDTH="25"/>
            <String CONTENT="item" HEIGHT="34" HPOS="649" ID="ST_616.1.1.3" STYLEREFS="Style_4" VPOS="393" WIDTH="83" WC="0.94" CC="0000" TAGREFS=""/>
            <SP HPOS="732" ID="SP_616.1.1.4" VPOS="392" WIDTH="24"/>
            <String CONTENT="of" HEIGHT="35" HPOS="756" ID="ST_616.1.1.5" STYLEREFS="Style_4" VPOS="392" WIDTH="39" WC="1.00" CC="00" TAGREFS=""/>
            <SP HPOS="795" ID="SP_616.1.1.6" VPOS="392" WIDTH="22"/>
            <String CONTENT="his" HEIGHT="35" HPOS="817" ID="ST_616.1.1.7" STYLEREFS="Style_4" VPOS="392" WIDTH="52" WC="0.88" CC="000" TAGREFS=""/>
            <SP HPOS="869" ID="SP_616.1.1.8" VPOS="392" WIDTH="24"/>
            <String CONTENT="testimony" HEIGHT="44" HPOS="893" ID="ST_616.1.1.9" STYLEREFS="Style_4" VPOS="392" WIDTH="186" WC="0.88" CC="000000000" TAGREFS=""/>
            <SP HPOS="1079" ID="SP_616.1.1.10" VPOS="391" WIDTH="24"/>
            <String CONTENT="originates" HEIGHT="44" HPOS="1103" ID="ST_616.1.1.11" STYLEREFS="Style_4" VPOS="391" WIDTH="186" WC="0.97" CC="0000000000" TAGREFS=""/>
            <SP HPOS="1289" ID="SP_616.1.1.12" VPOS="391" WIDTH="25"/>
            <String CONTENT="in" HEIGHT="34" HPOS="1314" ID="ST_616.1.1.13" STYLEREFS="Style_4" VPOS="391" WIDTH="34" WC="1.00" CC="00" TAGREFS=""/>
            <SP HPOS="1348" ID="SP_616.1.1.14" VPOS="391" WIDTH="25"/>
            <String CONTENT="his" HEIGHT="35" HPOS="1373" ID="ST_616.1.1.15" STYLEREFS="Style_4" VPOS="391" WIDTH="52" WC="0.89" CC="000" TAGREFS=""/>
            <SP HPOS="1425" ID="SP_616.1.1.16" VPOS="402" WIDTH="24"/>
            <String CONTENT="own" HEIGHT="23" HPOS="1449" ID="ST_616.1.1.17" STYLEREFS="Style_4" VPOS="402" WIDTH="75" WC="0.98" CC="000" TAGREFS=""/>
          </TextLine>
          <TextLine HEIGHT="47" HPOS="437" ID="TL_616.1.2" VPOS="440" WIDTH="1088">
            <String CONTENT="memory" HEIGHT="33" HPOS="437" ID="ST_616.1.2.1" STYLEREFS="Style_4" VPOS="454" WIDTH="155" WC="0.95" CC="000000" TAGREFS=""/>
            <SP HPOS="592" ID="SP_616.1.2.2" VPOS="454" WIDTH="10"/>
            <String CONTENT="or" HEIGHT="24" HPOS="602" ID="ST_616.1.2.3" STYLEREFS="Style_4" VPOS="454" WIDTH="38" WC="1.00" CC="00" TAGREFS=""/>
            <SP HPOS="640" ID="SP_616.1.2.4" VPOS="443" WIDTH="11"/>
            <String CONTENT="is" HEIGHT="34" HPOS="651" ID="ST_616.1.2.5" STYLEREFS="Style_4" VPOS="443" WIDTH="27" WC="1.00" CC="00" TAGREFS=""/>
            <SP HPOS="678" ID="SP_616.1.2.6" VPOS="442" WIDTH="11"/>
            <String CONTENT="instead" HEIGHT="36" HPOS="689" ID="ST_616.1.2.7" STYLEREFS="Style_4" VPOS="442" WIDTH="135" WC="0.96" CC="0000000" TAGREFS=""/>
            <SP HPOS="824" ID="SP_616.1.2.8" VPOS="453" WIDTH="10"/>
            <String CONTENT="a" HEIGHT="24" HPOS="834" ID="ST_616.1.2.9" STYLEREFS="Style_4" VPOS="453" WIDTH="20" WC="1.00" CC="0" TAGREFS=""/>
            <SP HPOS="854" ID="SP_616.1.2.10" VPOS="442" WIDTH="11"/>
            <String CONTENT="confusion" HEIGHT="36" HPOS="865" ID="ST_616.1.2.11" STYLEREFS="Style_4" VPOS="442" WIDTH="181" WC="0.93" CC="000000000" TAGREFS=""/>
            <SP HPOS="1046" ID="SP_616.1.2.12" VPOS="453" WIDTH="11"/>
            <String CONTENT="or" HEIGHT="23" HPOS="1057" ID="ST_616.1.2.13" STYLEREFS="Style_4" VPOS="453" WIDTH="38" WC="1.00" CC="00" TAGREFS=""/>
            <SP HPOS="1095" ID="SP_616.1.2.14" VPOS="441" WIDTH="10"/>
            <String CONTENT="confabulation" HEIGHT="36" HPOS="1105" ID="ST_616.1.2.15" STYLEREFS="Style_4" VPOS="441" WIDTH="261" WC="0.94" CC="0000000000000" TAGREFS=""/>
            <SP HPOS="1366" ID="SP_616.1.2.16" VPOS="440" WIDTH="11"/>
            <String CONTENT="induced" HEIGHT="36" HPOS="1377" ID="ST_616.1.2.17" STYLEREFS="Style_4" VPOS="440" WIDTH="148" WC="1.00" CC="0000000" TAGREFS=""/>
          </TextLine>
          <TextLine HEIGHT="46" HPOS="437" ID="TL_616.1.3" VPOS="491" WIDTH="1088">
            <String CONTENT="by" HEIGHT="43" HPOS="437" ID="ST_616.1.3.1" STYLEREFS="Style_4" VPOS="494" WIDTH="44" WC="1.00" CC="00" TAGREFS=""/>
            <SP HPOS="481" ID="SP_616.1.3.2" VPOS="493" WIDTH="12"/>
            <String CONTENT="the" HEIGHT="35" HPOS="493" ID="ST_616.1.3.3" STYLEREFS="Style_4" VPOS="493" WIDTH="59" WC="0.80" CC="000" TAGREFS=""/>
            <SP HPOS="552" ID="SP_616.1.3.4" VPOS="493" WIDTH="12"/>
            <String CONTENT="hypnotic" HEIGHT="44" HPOS="564" ID="ST_616.1.3.5" STYLEREFS="Style_4" VPOS="493" WIDTH="164" WC="0.93" CC="00000000" TAGREFS=""/>
            <SP HPOS="728" ID="SP_616.1.3.6" VPOS="493" WIDTH="11"/>
            <String CONTENT="experience." HEIGHT="44" HPOS="739" ID="ST_616.1.3.7" STYLEREFS="Style_4" VPOS="493" WIDTH="212" WC="0.97" CC="00000000000" TAGREFS=""/>
            <SP HPOS="951" ID="SP_616.1.3.8" VPOS="494" WIDTH="15"/>
            <String CONTENT="It" HEIGHT="33" HPOS="966" ID="ST_616.1.3.9" STYLEREFS="Style_4" VPOS="494" WIDTH="31" WC="0.79" CC="00" TAGREFS=""/>
            <SP HPOS="997" ID="SP_616.1.3.10" VPOS="492" WIDTH="11"/>
            <String CONTENT="would" HEIGHT="35" HPOS="1008" ID="ST_616.1.3.11" STYLEREFS="Style_4" VPOS="492" WIDTH="113" WC="0.99" CC="00000" TAGREFS=""/>
            <SP HPOS="1121" ID="SP_616.1.3.12" VPOS="492" WIDTH="13"/>
            <String CONTENT="fly" HEIGHT="44" HPOS="1134" ID="ST_616.1.3.13" STYLEREFS="Style_4" VPOS="492" WIDTH="48" WC="0.87" CC="000" TAGREFS=""/>
            <SP HPOS="1182" ID="SP_616.1.3.14" VPOS="492" WIDTH="11"/>
            <String CONTENT="in" HEIGHT="35" HPOS="1193" ID="ST_616.1.3.15" STYLEREFS="Style_4" VPOS="492" WIDTH="34" WC="0.60" CC="00" TAGREFS=""/>
            <SP HPOS="1227" ID="SP_616.1.3.16" VPOS="492" WIDTH="13"/>
            <String CONTENT="the" HEIGHT="35" HPOS="1240" ID="ST_616.1.3.17" STYLEREFS="Style_4" VPOS="492" WIDTH="59" WC="0.89" CC="000" TAGREFS=""/>
            <SP HPOS="1299" ID="SP_616.1.3.18" VPOS="491" WIDTH="11"/>
            <String CONTENT="face" HEIGHT="35" HPOS="1310" ID="ST_616.1.3.19" STYLEREFS="Style_4" VPOS="491" WIDTH="79" WC="0.88" CC="0000" TAGREFS=""/>
            <SP HPOS="1389" ID="SP_616.1.3.20" VPOS="491" WIDTH="11"/>
            <String CONTENT="of" HEIGHT="35" HPOS="1400" ID="ST_616.1.3.21" STYLEREFS="Style_4" VPOS="491" WIDTH="40" WC="0.75" CC="00" TAGREFS=""/>
            <SP HPOS="1440" ID="SP_616.1.3.22" VPOS="492" WIDTH="9"/>
            <String CONTENT="that" HEIGHT="34" HPOS="1449" ID="ST_616.1.3.23" STYLEREFS="Style_4" VPOS="492" WIDTH="76" WC="0.75" CC="0000" TAGREFS=""/>
          </TextLine>
          <TextLine HEIGHT="44" HPOS="435" ID="TL_616.1.4" VPOS="541" WIDTH="1089">
            <String CONTENT="consensus" HEIGHT="24" HPOS="435" ID="ST_616.1.4.1" STYLEREFS="Style_4" VPOS="554" WIDTH="185" WC="0.98" CC="000000000" TAGREFS=""/>
            <SP HPOS="620" ID="SP_616.1.4.2" VPOS="549" WIDTH="23"/>
            <String CONTENT="to" HEIGHT="29" HPOS="643" ID="ST_616.1.4.3" STYLEREFS="Style_4" VPOS="549" WIDTH="36" WC="1.00" CC="00" TAGREFS=""/>
            <SP HPOS="679" ID="SP_616.1.4.4" VPOS="543" WIDTH="22"/>
            <String CONTENT="allow" HEIGHT="35" HPOS="701" ID="ST_616.1.4.5" STYLEREFS="Style_4" VPOS="543" WIDTH="99" WC="0.81" CC="00000" TAGREFS=""/>
            <SP HPOS="800" ID="SP_616.1.4.6" VPOS="554" WIDTH="23"/>
            <String CONTENT="a" HEIGHT="23" HPOS="823" ID="ST_616.1.4.7" STYLEREFS="Style_4" VPOS="554" WIDTH="20" WC="1.00" CC="0" TAGREFS=""/>
            <SP HPOS="843" ID="SP_616.1.4.8" VPOS="543" WIDTH="22"/>
            <String CONTENT="witness" HEIGHT="34" HPOS="865" ID="ST_616.1.4.9" STYLEREFS="Style_4" VPOS="543" WIDTH="137" WC="0.99" CC="0000000" TAGREFS=""/>
            <SP HPOS="1002" ID="SP_616.1.4.10" VPOS="548" WIDTH="24"/>
            <String CONTENT="to" HEIGHT="29" HPOS="1026" ID="ST_616.1.4.11" STYLEREFS="Style_4" VPOS="548" WIDTH="35" WC="1.00" CC="00" TAGREFS=""/>
            <SP HPOS="1061" ID="SP_616.1.4.12" VPOS="542" WIDTH="22"/>
            <String CONTENT="be" HEIGHT="34" HPOS="1083" ID="ST_616.1.4.13" STYLEREFS="Style_4" VPOS="542" WIDTH="43" WC="1.00" CC="00" TAGREFS=""/>
            <SP HPOS="1126" ID="SP_616.1.4.14" VPOS="542" WIDTH="22"/>
            <String CONTENT="the" HEIGHT="35" HPOS="1148" ID="ST_616.1.4.15" STYLEREFS="Style_4" VPOS="542" WIDTH="59" WC="0.84" CC="000" TAGREFS=""/>
            <SP HPOS="1207" ID="SP_616.1.4.16" VPOS="541" WIDTH="18"/>
            <String CONTENT="judge" HEIGHT="44" HPOS="1225" ID="ST_616.1.4.17" STYLEREFS="Style_4" VPOS="541" WIDTH="108" WC="0.99" CC="00000" TAGREFS=""/>
            <SP HPOS="1333" ID="SP_616.1.4.18" VPOS="542" WIDTH="21"/>
            <String CONTENT="of" HEIGHT="35" HPOS="1354" ID="ST_616.1.4.19" STYLEREFS="Style_4" VPOS="542" WIDTH="40" WC="0.99" CC="00" TAGREFS=""/>
            <SP HPOS="1394" ID="SP_616.1.4.20" VPOS="541" WIDTH="19"/>
            <String CONTENT="which" HEIGHT="35" HPOS="1413" ID="ST_616.1.4.21" STYLEREFS="Style_4" VPOS="541" WIDTH="111" WC="0.81" CC="00000" TAGREFS=""/>
          </TextLine>
          <TextLine HEIGHT="46" HPOS="436" ID="TL_616.1.5" VPOS="591" WIDTH="1089">
            <String CONTENT="portions" HEIGHT="44" HPOS="436" ID="ST_616.1.5.1" STYLEREFS="Style_4" VPOS="593" WIDTH="152" WC="0.99" CC="00000000" TAGREFS=""/>
            <SP HPOS="588" ID="SP_616.1.5.2" VPOS="592" WIDTH="29"/>
            <String CONTENT="of" HEIGHT="35" HPOS="617" ID="ST_616.1.5.3" STYLEREFS="Style_4" VPOS="592" WIDTH="39" WC="1.00" CC="00" TAGREFS=""/>
            <SP HPOS="656" ID="SP_616.1.5.4" VPOS="592" WIDTH="26"/>
            <String CONTENT="his" HEIGHT="35" HPOS="682" ID="ST_616.1.5.5" STYLEREFS="Style_4" VPOS="592" WIDTH="52" WC="0.95" CC="000" TAGREFS=""/>
            <SP HPOS="734" ID="SP_616.1.5.6" VPOS="592" WIDTH="30"/>
            <String CONTENT="testimony" HEIGHT="43" HPOS="764" ID="ST_616.1.5.7" STYLEREFS="Style_4" VPOS="592" WIDTH="185" WC="0.92" CC="000000000" TAGREFS=""/>
            <SP HPOS="949" ID="SP_616.1.5.8" VPOS="603" WIDTH="29"/>
            <String CONTENT="were" HEIGHT="24" HPOS="978" ID="ST_616.1.5.9" STYLEREFS="Style_4" VPOS="603" WIDTH="89" WC="1.00" CC="0000" TAGREFS=""/>
            <SP HPOS="1067" ID="SP_616.1.5.10" VPOS="592" WIDTH="28"/>
            <String CONTENT="actually" HEIGHT="43" HPOS="1095" ID="ST_616.1.5.11" STYLEREFS="Style_4" VPOS="592" WIDTH="153" WC="0.91" CC="00000000" TAGREFS=""/>
            <SP HPOS="1248" ID="SP_616.1.5.12" VPOS="591" WIDTH="29"/>
            <String CONTENT="produced" HEIGHT="44" HPOS="1277" ID="ST_616.1.5.13" STYLEREFS="Style_4" VPOS="591" WIDTH="174" WC="0.98" CC="00000000" TAGREFS=""/>
            <SP HPOS="1451" ID="SP_616.1.5.14" VPOS="591" WIDTH="29"/>
            <String CONTENT="by" HEIGHT="44" HPOS="1480" ID="ST_616.1.5.15" STYLEREFS="Style_4" VPOS="591" WIDTH="45" WC="1.00" CC="00" TAGREFS=""/>
          </TextLine>
          <TextLine HEIGHT="43" HPOS="436" ID="TL_616.1.6" VPOS="643" WIDTH="172">
            <String CONTENT="hypnosis." HEIGHT="43" HPOS="436" ID="ST_616.1.6.1" STYLEREFS="Style_4" VPOS="643" WIDTH="172" WC="0.96" CC="000000000" TAGREFS=""/>
          </TextLine>
        </TextBlock>
        <TextBlock HEIGHT="33.0" HPOS="314.0" ID="BL_616.2" TAGREFS="b616-1" VPOS="255.0" WIDTH="65.0">
          <TextLine HEIGHT="33" HPOS="314" ID="TL_616.2.1" VPOS="255" WIDTH="65">
            <String CONTENT="578" HEIGHT="33" HPOS="314" ID="ST_616.2.1.1" STYLEREFS="Style_4" VPOS="255" WIDTH="65" WC="0.96" CC="000" TAGREFS=""/>
          </TextLine>
        </TextBlock>
        <TextBlock HEIGHT="34.0" HPOS="901.0" ID="BL_616.4" TAGREFS="b616-6" VPOS="719.0" WIDTH="33.0">
          <TextLine HEIGHT="34" HPOS="901" ID="TL_616.4.1" VPOS="719" WIDTH="33">
            <String CONTENT="II" HEIGHT="34" HPOS="901" ID="ST_616.4.1.1" STYLEREFS="Style_4" VPOS="719" WIDTH="33" WC="1.00" CC="00" TAGREFS=""/>
          </TextLine>
        </TextBlock>
        <TextBlock HEIGHT="36.0" HPOS="462.0" ID="BL_616.5" TAGREFS="b616-7" VPOS="794.0" WIDTH="912.0">
          <TextLine HEIGHT="36" HPOS="462" ID="TL_616.5.1" VPOS="794" WIDTH="912">
            <String CONTENT="CONSTITUTIONAL" HEIGHT="35" HPOS="462" ID="ST_616.5.1.1" STYLEREFS="Style_4" VPOS="795" WIDTH="435" WC="0.94" CC="00000000000000" TAGREFS=""/>
            <SP HPOS="897" ID="SP_616.5.1.2" VPOS="795" WIDTH="21"/>
            <String CONTENT="RIGHT" HEIGHT="35" HPOS="918" ID="ST_616.5.1.3" STYLEREFS="Style_4" VPOS="795" WIDTH="154" WC="0.83" CC="00000" TAGREFS=""/>
            <SP HPOS="1072" ID="SP_616.5.1.4" VPOS="794" WIDTH="19"/>
            <String CONTENT="TO" HEIGHT="35" HPOS="1091" ID="ST_616.5.1.5" STYLEREFS="Style_4" VPOS="794" WIDTH="64" WC="0.68" CC="00" TAGREFS=""/>
            <SP HPOS="1155" ID="SP_616.5.1.6" VPOS="794" WIDTH="20"/>
            <String CONTENT="TESTIFY" HEIGHT="35" HPOS="1175" ID="ST_616.5.1.7" STYLEREFS="Style_4" VPOS="794" WIDTH="199" WC="0.94" CC="0000000" TAGREFS=""/>
          </TextLine>
        </TextBlock>
        <TextBlock HEIGHT="590.0" HPOS="311.0" ID="BL_616.6" TAGREFS="b616-8" VPOS="869.0" WIDTH="1214.0">
          <TextLine HEIGHT="46" HPOS="404" ID="TL_616.6.1" VPOS="869" WIDTH="1121">
            <String CONTENT="Appellant" HEIGHT="44" HPOS="496" ID="ST_616.6.1.3" STYLEREFS="Style_4" VPOS="871" WIDTH="189" WC="1.00" CC="000000000" TAGREFS=""/>
            <SP HPOS="685" ID="SP_616.6.1.4" VPOS="870" WIDTH="12"/>
            <String CONTENT="maintains" HEIGHT="35" HPOS="697" ID="ST_616.6.1.5" STYLEREFS="Style_4" VPOS="870" WIDTH="187" WC="0.93" CC="000000000" TAGREFS=""/>
            <SP HPOS="884" ID="SP_616.6.1.6" VPOS="870" WIDTH="13"/>
            <String CONTENT="the" HEIGHT="35" HPOS="897" ID="ST_616.6.1.7" STYLEREFS="Style_4" VPOS="870" WIDTH="59" WC="1.00" CC="000" TAGREFS=""/>
            <SP HPOS="956" ID="SP_616.6.1.8" VPOS="870" WIDTH="12"/>
            <String CONTENT="exclusion" HEIGHT="35" HPOS="968" ID="ST_616.6.1.9" STYLEREFS="Style_4" VPOS="870" WIDTH="175" WC="0.93" CC="000000000" TAGREFS=""/>
            <SP HPOS="1143" ID="SP_616.6.1.10" VPOS="870" WIDTH="13"/>
            <String CONTENT="rule" HEIGHT="34" HPOS="1156" ID="ST_616.6.1.11" STYLEREFS="Style_4" VPOS="870" WIDTH="74" WC="1.00" CC="0000" TAGREFS=""/>
            <SP HPOS="1230" ID="SP_616.6.1.12" VPOS="869" WIDTH="12"/>
            <String CONTENT="of" HEIGHT="35" HPOS="1242" ID="ST_616.6.1.13" STYLEREFS="Style_4" VPOS="869" WIDTH="40" WC="1.00" CC="00" TAGREFS=""/>
            <SP HPOS="1282" ID="SP_616.6.1.14" VPOS="870" WIDTH="9"/>
            <String CONTENT="hypnotically" HEIGHT="43" HPOS="1291" ID="ST_616.6.1.15" STYLEREFS="Style_4" VPOS="870" WIDTH="234" WC="0.89" CC="000000000000" TAGREFS=""/>
          </TextLine>
          <TextLine HEIGHT="44" HPOS="311" ID="TL_616.6.2" VPOS="919" WIDTH="1214">
            <String CONTENT="refreshed" HEIGHT="35" HPOS="311" ID="ST_616.6.2.1" STYLEREFS="Style_4" VPOS="920" WIDTH="177" WC="0.98" CC="000000000" TAGREFS=""/>
            <SP HPOS="488" ID="SP_616.6.2.2" VPOS="920" WIDTH="12"/>
            <String CONTENT="testimony" HEIGHT="43" HPOS="500" ID="ST_616.6.2.3" STYLEREFS="Style_4" VPOS="920" WIDTH="186" WC="0.92" CC="000000000" TAGREFS=""/>
            <SP HPOS="686" ID="SP_616.6.2.4" VPOS="920" WIDTH="12"/>
            <String CONTENT="should" HEIGHT="34" HPOS="698" ID="ST_616.6.2.5" STYLEREFS="Style_4" VPOS="920" WIDTH="122" WC="0.84" CC="000000" TAGREFS=""/>
            <SP HPOS="820" ID="SP_616.6.2.6" VPOS="925" WIDTH="13"/>
            <String CONTENT="not" HEIGHT="29" HPOS="833" ID="ST_616.6.2.7" STYLEREFS="Style_4" VPOS="925" WIDTH="60" WC="0.81" CC="000" TAGREFS=""/>
            <SP HPOS="893" ID="SP_616.6.2.8" VPOS="919" WIDTH="12"/>
            <String CONTENT="be" HEIGHT="35" HPOS="905" ID="ST_616.6.2.9" STYLEREFS="Style_4" VPOS="919" WIDTH="43" WC="0.68" CC="00" TAGREFS=""/>
            <SP HPOS="948" ID="SP_616.6.2.10" VPOS="919" WIDTH="12"/>
            <String CONTENT="applied" HEIGHT="44" HPOS="960" ID="ST_616.6.2.11" STYLEREFS="Style_4" VPOS="919" WIDTH="137" WC="0.98" CC="0000000" TAGREFS=""/>
            <SP HPOS="1097" ID="SP_616.6.2.12" VPOS="924" WIDTH="13"/>
            <String CONTENT="to" HEIGHT="29" HPOS="1110" ID="ST_616.6.2.13" STYLEREFS="Style_4" VPOS="924" WIDTH="35" WC="1.00" CC="00" TAGREFS=""/>
            <SP HPOS="1145" ID="SP_616.6.2.14" VPOS="919" WIDTH="12"/>
            <String CONTENT="defendants" HEIGHT="35" HPOS="1157" ID="ST_616.6.2.15" STYLEREFS="Style_4" VPOS="919" WIDTH="207" WC="0.75" CC="0000000000" TAGREFS=""/>
            <SP HPOS="1364" ID="SP_616.6.2.16" VPOS="919" WIDTH="13"/>
            <String CONTENT="because" HEIGHT="34" HPOS="1377" ID="ST_616.6.2.17" STYLEREFS="Style_4" VPOS="919" WIDTH="148" WC="1.00" CC="0000000" TAGREFS=""/>
          </TextLine>
          <TextLine HEIGHT="43" HPOS="312" ID="TL_616.6.3" VPOS="968" WIDTH="1211">
            <String CONTENT="it" HEIGHT="35" HPOS="312" ID="ST_616.6.3.1" STYLEREFS="Style_4" VPOS="970" WIDTH="26" WC="1.00" CC="00" TAGREFS=""/>
            <SP HPOS="338" ID="SP_616.6.3.2" VPOS="970" WIDTH="11"/>
            <String CONTENT="violates" HEIGHT="34" HPOS="349" ID="ST_616.6.3.3" STYLEREFS="Style_4" VPOS="970" WIDTH="143" WC="0.97" CC="00000000" TAGREFS=""/>
            <SP HPOS="492" ID="SP_616.6.3.4" VPOS="970" WIDTH="12"/>
            <String CONTENT="their" HEIGHT="34" HPOS="504" ID="ST_616.6.3.5" STYLEREFS="Style_4" VPOS="970" WIDTH="89" WC="0.84" CC="00000" TAGREFS=""/>
            <SP HPOS="593" ID="SP_616.6.3.6" VPOS="969" WIDTH="12"/>
            <String CONTENT="constitutional" HEIGHT="35" HPOS="605" ID="ST_616.6.3.7" STYLEREFS="Style_4" VPOS="969" WIDTH="259" WC="0.97" CC="00000000000000" TAGREFS=""/>
            <SP HPOS="864" ID="SP_616.6.3.8" VPOS="968" WIDTH="13"/>
            <String CONTENT="right" HEIGHT="43" HPOS="877" ID="ST_616.6.3.9" STYLEREFS="Style_4" VPOS="968" WIDTH="91" WC="0.88" CC="00000" TAGREFS=""/>
            <SP HPOS="968" ID="SP_616.6.3.10" VPOS="974" WIDTH="12"/>
            <String CONTENT="to" HEIGHT="29" HPOS="980" ID="ST_616.6.3.11" STYLEREFS="Style_4" VPOS="974" WIDTH="36" WC="1.00" CC="00" TAGREFS=""/>
            <SP HPOS="1016" ID="SP_616.6.3.12" VPOS="968" WIDTH="12"/>
            <String CONTENT="testify" HEIGHT="43" HPOS="1028" ID="ST_616.6.3.13" STYLEREFS="Style_4" VPOS="968" WIDTH="118" WC="0.95" CC="0000000" TAGREFS=""/>
            <SP HPOS="1146" ID="SP_616.6.3.14" VPOS="969" WIDTH="13"/>
            <String CONTENT="in" HEIGHT="34" HPOS="1159" ID="ST_616.6.3.15" STYLEREFS="Style_4" VPOS="969" WIDTH="34" WC="0.97" CC="00" TAGREFS=""/>
            <SP HPOS="1193" ID="SP_616.6.3.16" VPOS="969" WIDTH="12"/>
            <String CONTENT="their" HEIGHT="34" HPOS="1205" ID="ST_616.6.3.17" STYLEREFS="Style_4" VPOS="969" WIDTH="89" WC="0.96" CC="00000" TAGREFS=""/>
            <SP HPOS="1294" ID="SP_616.6.3.18" VPOS="979" WIDTH="12"/>
            <String CONTENT="own" HEIGHT="24" HPOS="1306" ID="ST_616.6.3.19" STYLEREFS="Style_4" VPOS="979" WIDTH="76" WC="0.88" CC="000" TAGREFS=""/>
            <SP HPOS="1382" ID="SP_616.6.3.20" VPOS="968" WIDTH="12"/>
            <String CONTENT="behalf." HEIGHT="35" HPOS="1394" ID="ST_616.6.3.21" STYLEREFS="Style_4" VPOS="968" WIDTH="129" WC="0.86" CC="0000000" TAGREFS=""/>
          </TextLine>
          <TextLine HEIGHT="44" HPOS="312" ID="TL_616.6.4" VPOS="1017" WIDTH="1213">
            <String CONTENT="Of" HEIGHT="35" HPOS="312" ID="ST_616.6.4.1" STYLEREFS="Style_4" VPOS="1019" WIDTH="52" WC="0.81" CC="00" TAGREFS=""/>
            <SP HPOS="364" ID="SP_616.6.4.2" VPOS="1030" WIDTH="9"/>
            <String CONTENT="course," HEIGHT="29" HPOS="373" ID="ST_616.6.4.3" STYLEREFS="Style_4" VPOS="1030" WIDTH="131" WC="0.96" CC="0000000" TAGREFS=""/>
            <SP HPOS="504" ID="SP_616.6.4.4" VPOS="1030" WIDTH="13"/>
            <String CONTENT="a" HEIGHT="23" HPOS="517" ID="ST_616.6.4.5" STYLEREFS="Style_4" VPOS="1030" WIDTH="20" WC="1.00" CC="0" TAGREFS=""/>
            <SP HPOS="537" ID="SP_616.6.4.6" VPOS="1018" WIDTH="12"/>
            <String CONTENT="defendant’s" HEIGHT="35" HPOS="549" ID="ST_616.6.4.7" STYLEREFS="Style_4" VPOS="1018" WIDTH="219" WC="0.77" CC="00000000090" TAGREFS=""/>
            <SP HPOS="768" ID="SP_616.6.4.8" VPOS="1018" WIDTH="12"/>
            <String CONTENT="right" HEIGHT="43" HPOS="780" ID="ST_616.6.4.9" STYLEREFS="Style_4" VPOS="1018" WIDTH="92" WC="0.94" CC="00000" TAGREFS=""/>
            <SP HPOS="872" ID="SP_616.6.4.10" VPOS="1023" WIDTH="11"/>
            <String CONTENT="to" HEIGHT="29" HPOS="883" ID="ST_616.6.4.11" STYLEREFS="Style_4" VPOS="1023" WIDTH="36" WC="1.00" CC="00" TAGREFS=""/>
            <SP HPOS="919" ID="SP_616.6.4.12" VPOS="1018" WIDTH="11"/>
            <String CONTENT="testify" HEIGHT="43" HPOS="930" ID="ST_616.6.4.13" STYLEREFS="Style_4" VPOS="1018" WIDTH="119" WC="1.00" CC="0000000" TAGREFS=""/>
            <SP HPOS="1049" ID="SP_616.6.4.14" VPOS="1018" WIDTH="12"/>
            <String CONTENT="is" HEIGHT="34" HPOS="1061" ID="ST_616.6.4.15" STYLEREFS="Style_4" VPOS="1018" WIDTH="27" WC="1.00" CC="00" TAGREFS=""/>
            <SP HPOS="1088" ID="SP_616.6.4.16" VPOS="1017" WIDTH="13"/>
            <String CONTENT="fundamental," HEIGHT="41" HPOS="1101" ID="ST_616.6.4.17" STYLEREFS="Style_4" VPOS="1017" WIDTH="253" WC="0.94" CC="000000000000" TAGREFS=""/>
            <SP HPOS="1354" ID="SP_616.6.4.18" VPOS="1018" WIDTH="13"/>
            <String CONTENT="but" HEIGHT="34" HPOS="1367" ID="ST_616.6.4.19" STYLEREFS="Style_4" VPOS="1018" WIDTH="63" WC="0.93" CC="000" TAGREFS=""/>
            <SP HPOS="1430" ID="SP_616.6.4.20" VPOS="1028" WIDTH="11"/>
            <String CONTENT="even" HEIGHT="24" HPOS="1441" ID="ST_616.6.4.21" STYLEREFS="Style_4" VPOS="1028" WIDTH="84" WC="0.86" CC="0000" TAGREFS=""/>
          </TextLine>
          <TextLine HEIGHT="44" HPOS="312" ID="TL_616.6.5" VPOS="1067" WIDTH="1213">
            <String CONTENT="that" HEIGHT="34" HPOS="312" ID="ST_616.6.5.1" STYLEREFS="Style_4" VPOS="1069" WIDTH="77" WC="0.98" CC="0000" TAGREFS=""/>
            <SP HPOS="389" ID="SP_616.6.5.2" VPOS="1068" WIDTH="24"/>
            <String CONTENT="right" HEIGHT="43" HPOS="413" ID="ST_616.6.5.3" STYLEREFS="Style_4" VPOS="1068" WIDTH="91" WC="0.89" CC="00000" TAGREFS=""/>
            <SP HPOS="504" ID="SP_616.6.5.4" VPOS="1068" WIDTH="25"/>
            <String CONTENT="is" HEIGHT="34" HPOS="529" ID="ST_616.6.5.5" STYLEREFS="Style_4" VPOS="1068" WIDTH="27" WC="1.00" CC="00" TAGREFS=""/>
            <SP HPOS="556" ID="SP_616.6.5.6" VPOS="1073" WIDTH="24"/>
            <String CONTENT="not" HEIGHT="29" HPOS="580" ID="ST_616.6.5.7" STYLEREFS="Style_4" VPOS="1073" WIDTH="60" WC="0.78" CC="000" TAGREFS=""/>
            <SP HPOS="640" ID="SP_616.6.5.8" VPOS="1068" WIDTH="24"/>
            <String CONTENT="without" HEIGHT="34" HPOS="664" ID="ST_616.6.5.9" STYLEREFS="Style_4" VPOS="1068" WIDTH="145" WC="0.94" CC="0000000" TAGREFS=""/>
            <SP HPOS="809" ID="SP_616.6.5.10" VPOS="1067" WIDTH="24"/>
            <String CONTENT="limits." HEIGHT="35" HPOS="833" ID="ST_616.6.5.11" STYLEREFS="Style_4" VPOS="1067" WIDTH="116" WC="1.00" CC="0000000" TAGREFS=""/>
            <SP HPOS="949" ID="SP_616.6.5.12" VPOS="1069" WIDTH="26"/>
            <String CONTENT="A" HEIGHT="33" HPOS="975" ID="ST_616.6.5.13" STYLEREFS="Style_4" VPOS="1069" WIDTH="33" WC="0.70" CC="0" TAGREFS=""/>
            <SP HPOS="1008" ID="SP_616.6.5.14" VPOS="1067" WIDTH="24"/>
            <String CONTENT="defendant" HEIGHT="35" HPOS="1032" ID="ST_616.6.5.15" STYLEREFS="Style_4" VPOS="1067" WIDTH="190" WC="0.83" CC="000000000" TAGREFS=""/>
            <SP HPOS="1222" ID="SP_616.6.5.16" VPOS="1067" WIDTH="24"/>
            <String CONTENT="with" HEIGHT="34" HPOS="1246" ID="ST_616.6.5.17" STYLEREFS="Style_4" VPOS="1067" WIDTH="83" WC="0.89" CC="0000" TAGREFS=""/>
            <SP HPOS="1329" ID="SP_616.6.5.18" VPOS="1068" WIDTH="24"/>
            <String CONTENT="language" HEIGHT="42" HPOS="1353" ID="ST_616.6.5.19" STYLEREFS="Style_4" VPOS="1068" WIDTH="172" WC="0.98" CC="00000000" TAGREFS=""/>
          </TextLine>
          <TextLine HEIGHT="45" HPOS="311" ID="TL_616.6.6" VPOS="1116" WIDTH="1213">
            <String CONTENT="difficulties," HEIGHT="40" HPOS="311" ID="ST_616.6.6.1" STYLEREFS="Style_4" VPOS="1118" WIDTH="207" WC="0.83" CC="0000000000000" TAGREFS=""/>
            <SP HPOS="518" ID="SP_616.6.6.2" VPOS="1118" WIDTH="12"/>
            <String CONTENT="for" HEIGHT="34" HPOS="530" ID="ST_616.6.6.3" STYLEREFS="Style_4" VPOS="1118" WIDTH="55" WC="0.99" CC="000" TAGREFS=""/>
            <SP HPOS="585" ID="SP_616.6.6.4" VPOS="1118" WIDTH="10"/>
            <String CONTENT="example," HEIGHT="43" HPOS="595" ID="ST_616.6.6.5" STYLEREFS="Style_4" VPOS="1118" WIDTH="169" WC="0.87" CC="00000000" TAGREFS=""/>
            <SP HPOS="764" ID="SP_616.6.6.6" VPOS="1128" WIDTH="12"/>
            <String CONTENT="may" HEIGHT="33" HPOS="776" ID="ST_616.6.6.7" STYLEREFS="Style_4" VPOS="1128" WIDTH="82" WC="0.72" CC="000" TAGREFS=""/>
            <SP HPOS="858" ID="SP_616.6.6.8" VPOS="1122" WIDTH="10"/>
            <String CONTENT="not" HEIGHT="29" HPOS="868" ID="ST_616.6.6.9" STYLEREFS="Style_4" VPOS="1122" WIDTH="60" WC="0.61" CC="000" TAGREFS=""/>
            <SP HPOS="928" ID="SP_616.6.6.10" VPOS="1117" WIDTH="11"/>
            <String CONTENT="eschew" HEIGHT="35" HPOS="939" ID="ST_616.6.6.11" STYLEREFS="Style_4" VPOS="1117" WIDTH="134" WC="0.71" CC="000000" TAGREFS=""/>
            <SP HPOS="1073" ID="SP_616.6.6.12" VPOS="1116" WIDTH="10"/>
            <String CONTENT="diligence" HEIGHT="44" HPOS="1083" ID="ST_616.6.6.13" STYLEREFS="Style_4" VPOS="1116" WIDTH="170" WC="0.76" CC="000000000" TAGREFS=""/>
            <SP HPOS="1253" ID="SP_616.6.6.14" VPOS="1116" WIDTH="11"/>
            <String CONTENT="and" HEIGHT="35" HPOS="1264" ID="ST_616.6.6.15" STYLEREFS="Style_4" VPOS="1116" WIDTH="68" WC="0.60" CC="000" TAGREFS=""/>
            <SP HPOS="1332" ID="SP_616.6.6.16" VPOS="1117" WIDTH="13"/>
            <String CONTENT="wait" HEIGHT="34" HPOS="1345" ID="ST_616.6.6.17" STYLEREFS="Style_4" VPOS="1117" WIDTH="81" WC="0.72" CC="0000" TAGREFS=""/>
            <SP HPOS="1426" ID="SP_616.6.6.18" VPOS="1116" WIDTH="11"/>
            <String CONTENT="until" HEIGHT="35" HPOS="1437" ID="ST_616.6.6.19" STYLEREFS="Style_4" VPOS="1116" WIDTH="87" WC="0.68" CC="00000" TAGREFS=""/>
          </TextLine>
          <TextLine HEIGHT="45" HPOS="311" ID="TL_616.6.7" VPOS="1166" WIDTH="1212">
            <String CONTENT="the" HEIGHT="35" HPOS="311" ID="ST_616.6.7.1" STYLEREFS="Style_4" VPOS="1168" WIDTH="59" WC="0.87" CC="000" TAGREFS=""/>
            <SP HPOS="370" ID="SP_616.6.7.2" VPOS="1167" WIDTH="22"/>
            <String CONTENT="morning" HEIGHT="44" HPOS="392" ID="ST_616.6.7.3" STYLEREFS="Style_4" VPOS="1167" WIDTH="158" WC="0.93" CC="0000000" TAGREFS=""/>
            <SP HPOS="550" ID="SP_616.6.7.4" VPOS="1167" WIDTH="23"/>
            <String CONTENT="of" HEIGHT="35" HPOS="573" ID="ST_616.6.7.5" STYLEREFS="Style_4" VPOS="1167" WIDTH="39" WC="1.00" CC="00" TAGREFS=""/>
            <SP HPOS="612" ID="SP_616.6.7.6" VPOS="1167" WIDTH="19"/>
            <String CONTENT="trial" HEIGHT="35" HPOS="631" ID="ST_616.6.7.7" STYLEREFS="Style_4" VPOS="1167" WIDTH="79" WC="0.94" CC="00000" TAGREFS=""/>
            <SP HPOS="710" ID="SP_616.6.7.8" VPOS="1173" WIDTH="23"/>
            <String CONTENT="to" HEIGHT="29" HPOS="733" ID="ST_616.6.7.9" STYLEREFS="Style_4" VPOS="1173" WIDTH="35" WC="1.00" CC="00" TAGREFS=""/>
            <SP HPOS="768" ID="SP_616.6.7.10" VPOS="1167" WIDTH="22"/>
            <String CONTENT="seek" HEIGHT="35" HPOS="790" ID="ST_616.6.7.11" STYLEREFS="Style_4" VPOS="1167" WIDTH="81" WC="0.93" CC="0000" TAGREFS=""/>
            <SP HPOS="871" ID="SP_616.6.7.12" VPOS="1167" WIDTH="21"/>
            <String CONTENT="the" HEIGHT="35" HPOS="892" ID="ST_616.6.7.13" STYLEREFS="Style_4" VPOS="1167" WIDTH="59" WC="0.93" CC="000" TAGREFS=""/>
            <SP HPOS="951" ID="SP_616.6.7.14" VPOS="1167" WIDTH="22"/>
            <String CONTENT="assistance" HEIGHT="35" HPOS="973" ID="ST_616.6.7.15" STYLEREFS="Style_4" VPOS="1167" WIDTH="189" WC="0.95" CC="0000000000" TAGREFS=""/>
            <SP HPOS="1162" ID="SP_616.6.7.16" VPOS="1167" WIDTH="21"/>
            <String CONTENT="of" HEIGHT="34" HPOS="1183" ID="ST_616.6.7.17" STYLEREFS="Style_4" VPOS="1167" WIDTH="40" WC="1.00" CC="00" TAGREFS=""/>
            <SP HPOS="1223" ID="SP_616.6.7.18" VPOS="1177" WIDTH="19"/>
            <String CONTENT="an" HEIGHT="24" HPOS="1242" ID="ST_616.6.7.19" STYLEREFS="Style_4" VPOS="1177" WIDTH="44" WC="0.66" CC="00" TAGREFS=""/>
            <SP HPOS="1286" ID="SP_616.6.7.20" VPOS="1166" WIDTH="23"/>
            <String CONTENT="interpreter." HEIGHT="45" HPOS="1309" ID="ST_616.6.7.21" STYLEREFS="Style_4" VPOS="1166" WIDTH="214" WC="0.95" CC="000000000000" TAGREFS=""/>
          </TextLine>
          <TextLine HEIGHT="46" HPOS="311" ID="TL_616.6.8" VPOS="1216" WIDTH="1214">
            <String CONTENT="Figeroa" HEIGHT="42" HPOS="311" ID="ST_616.6.8.1" STYLEREFS="Style_5" VPOS="1220" WIDTH="149" WC="0.93" CC="0000000" TAGREFS=""/>
            <SP HPOS="460" ID="SP_616.6.8.2" VPOS="1229" WIDTH="15"/>
            <String CONTENT="v." HEIGHT="22" HPOS="475" ID="ST_616.6.8.3" STYLEREFS="Style_4" VPOS="1229" WIDTH="31" WC="0.86" CC="00" TAGREFS=""/>
            <SP HPOS="506" ID="SP_616.6.8.4" VPOS="1218" WIDTH="17"/>
            <String CONTENT="State," HEIGHT="40" HPOS="523" ID="ST_616.6.8.5" STYLEREFS="Style_5" VPOS="1218" WIDTH="113" WC="0.89" CC="000000" TAGREFS=""/>
            <SP HPOS="636" ID="SP_616.6.8.6" VPOS="1218" WIDTH="19"/>
            <String CONTENT="244" HEIGHT="33" HPOS="655" ID="ST_616.6.8.7" STYLEREFS="Style_4" VPOS="1218" WIDTH="68" WC="0.84" CC="000" TAGREFS=""/>
            <SP HPOS="723" ID="SP_616.6.8.8" VPOS="1218" WIDTH="17"/>
            <String CONTENT="Ark." HEIGHT="34" HPOS="740" ID="ST_616.6.8.9" STYLEREFS="Style_4" VPOS="1218" WIDTH="84" WC="0.96" CC="0000" TAGREFS=""/>
            <SP HPOS="824" ID="SP_616.6.8.10" VPOS="1218" WIDTH="19"/>
            <String CONTENT="457," HEIGHT="39" HPOS="843" ID="ST_616.6.8.11" STYLEREFS="Style_4" VPOS="1218" WIDTH="79" WC="1.00" CC="0000" TAGREFS=""/>
            <SP HPOS="922" ID="SP_616.6.8.12" VPOS="1218" WIDTH="19"/>
            <String CONTENT="425" HEIGHT="33" HPOS="941" ID="ST_616.6.8.13" STYLEREFS="Style_4" VPOS="1218" WIDTH="66" WC="0.99" CC="000" TAGREFS=""/>
            <SP HPOS="1007" ID="SP_616.6.8.14" VPOS="1217" WIDTH="19"/>
            <String CONTENT="S.W.2d" HEIGHT="35" HPOS="1026" ID="ST_616.6.8.15" STYLEREFS="Style_4" VPOS="1217" WIDTH="144" WC="0.82" CC="000000" TAGREFS=""/>
            <SP HPOS="1170" ID="SP_616.6.8.16" VPOS="1217" WIDTH="19"/>
            <String CONTENT="516" HEIGHT="34" HPOS="1189" ID="ST_616.6.8.17" STYLEREFS="Style_4" VPOS="1217" WIDTH="66" WC="1.00" CC="000" TAGREFS=""/>
            <SP HPOS="1255" ID="SP_616.6.8.18" VPOS="1216" WIDTH="20"/>
            <String CONTENT="(1968)." HEIGHT="43" HPOS="1275" ID="ST_616.6.8.19" STYLEREFS="Style_4" VPOS="1216" WIDTH="138" WC="0.77" CC="0000000" TAGREFS=""/>
            <SP HPOS="1413" ID="SP_616.6.8.20" VPOS="1217" WIDTH="18"/>
            <String CONTENT="Even" HEIGHT="34" HPOS="1431" ID="ST_616.6.8.21" STYLEREFS="Style_4" VPOS="1217" WIDTH="94" WC="0.81" CC="0000" TAGREFS=""/>
          </TextLine>
          <TextLine HEIGHT="44" HPOS="312" ID="TL_616.6.9" VPOS="1266" WIDTH="1211">
            <String CONTENT="defendants" HEIGHT="35" HPOS="312" ID="ST_616.6.9.1" STYLEREFS="Style_4" VPOS="1267" WIDTH="206" WC="1.00" CC="0000000000" TAGREFS=""/>
            <SP HPOS="518" ID="SP_616.6.9.2" VPOS="1279" WIDTH="19"/>
            <String CONTENT="are" HEIGHT="23" HPOS="537" ID="ST_616.6.9.3" STYLEREFS="Style_4" VPOS="1279" WIDTH="59" WC="1.00" CC="000" TAGREFS=""/>
            <SP HPOS="596" ID="SP_616.6.9.4" VPOS="1267" WIDTH="17"/>
            <String CONTENT="subject" HEIGHT="43" HPOS="613" ID="ST_616.6.9.5" STYLEREFS="Style_4" VPOS="1267" WIDTH="134" WC="0.97" CC="0000000" TAGREFS=""/>
            <SP HPOS="747" ID="SP_616.6.9.6" VPOS="1273" WIDTH="18"/>
            <String CONTENT="to" HEIGHT="29" HPOS="765" ID="ST_616.6.9.7" STYLEREFS="Style_4" VPOS="1273" WIDTH="35" WC="1.00" CC="00" TAGREFS=""/>
            <SP HPOS="800" ID="SP_616.6.9.8" VPOS="1267" WIDTH="18"/>
            <String CONTENT="the" HEIGHT="34" HPOS="818" ID="ST_616.6.9.9" STYLEREFS="Style_4" VPOS="1267" WIDTH="60" WC="1.00" CC="000" TAGREFS=""/>
            <SP HPOS="878" ID="SP_616.6.9.10" VPOS="1268" WIDTH="17"/>
            <String CONTENT="rules" HEIGHT="34" HPOS="895" ID="ST_616.6.9.11" STYLEREFS="Style_4" VPOS="1268" WIDTH="90" WC="0.96" CC="00000" TAGREFS=""/>
            <SP HPOS="985" ID="SP_616.6.9.12" VPOS="1266" WIDTH="18"/>
            <String CONTENT="of" HEIGHT="35" HPOS="1003" ID="ST_616.6.9.13" STYLEREFS="Style_4" VPOS="1266" WIDTH="39" WC="0.96" CC="00" TAGREFS=""/>
            <SP HPOS="1042" ID="SP_616.6.9.14" VPOS="1267" WIDTH="15"/>
            <String CONTENT="procedure" HEIGHT="43" HPOS="1057" ID="ST_616.6.9.15" STYLEREFS="Style_4" VPOS="1267" WIDTH="190" WC="0.99" CC="000000000" TAGREFS=""/>
            <SP HPOS="1247" ID="SP_616.6.9.16" VPOS="1266" WIDTH="17"/>
            <String CONTENT="and" HEIGHT="35" HPOS="1264" ID="ST_616.6.9.17" STYLEREFS="Style_4" VPOS="1266" WIDTH="69" WC="0.81" CC="000" TAGREFS=""/>
            <SP HPOS="1333" ID="SP_616.6.9.18" VPOS="1266" WIDTH="18"/>
            <String CONTENT="evidence," HEIGHT="41" HPOS="1351" ID="ST_616.6.9.19" STYLEREFS="Style_4" VPOS="1266" WIDTH="172" WC="0.95" CC="000000000" TAGREFS=""/>
          </TextLine>
          <TextLine HEIGHT="45" HPOS="311" ID="TL_616.6.10" VPOS="1316" WIDTH="1212">
            <String CONTENT="such" HEIGHT="34" HPOS="311" ID="ST_616.6.10.1" STYLEREFS="Style_4" VPOS="1318" WIDTH="85" WC="0.65" CC="0000" TAGREFS=""/>
            <SP HPOS="396" ID="SP_616.6.10.2" VPOS="1328" WIDTH="14"/>
            <String CONTENT="as" HEIGHT="23" HPOS="410" ID="ST_616.6.10.3" STYLEREFS="Style_4" VPOS="1328" WIDTH="38" WC="0.79" CC="00" TAGREFS=""/>
            <SP HPOS="448" ID="SP_616.6.10.4" VPOS="1317" WIDTH="14"/>
            <String CONTENT="hearsay," HEIGHT="44" HPOS="462" ID="ST_616.6.10.5" STYLEREFS="Style_4" VPOS="1317" WIDTH="156" WC="0.62" CC="00000000" TAGREFS=""/>
            <SP HPOS="618" ID="SP_616.6.10.6" VPOS="1328" WIDTH="16"/>
            <String CONTENT="or" HEIGHT="23" HPOS="634" ID="ST_616.6.10.7" STYLEREFS="Style_4" VPOS="1328" WIDTH="38" WC="0.75" CC="00" TAGREFS=""/>
            <SP HPOS="672" ID="SP_616.6.10.8" VPOS="1318" WIDTH="13"/>
            <String CONTENT="other" HEIGHT="33" HPOS="685" ID="ST_616.6.10.9" STYLEREFS="Style_4" VPOS="1318" WIDTH="98" WC="0.75" CC="00000" TAGREFS=""/>
            <SP HPOS="783" ID="SP_616.6.10.10" VPOS="1317" WIDTH="13"/>
            <String CONTENT="instances" HEIGHT="34" HPOS="796" ID="ST_616.6.10.11" STYLEREFS="Style_4" VPOS="1317" WIDTH="173" WC="0.78" CC="000000000" TAGREFS=""/>
            <SP HPOS="969" ID="SP_616.6.10.12" VPOS="1316" WIDTH="14"/>
            <String CONTENT="of" HEIGHT="35" HPOS="983" ID="ST_616.6.10.13" STYLEREFS="Style_4" VPOS="1316" WIDTH="39" WC="0.84" CC="00" TAGREFS=""/>
            <SP HPOS="1022" ID="SP_616.6.10.14" VPOS="1316" WIDTH="11"/>
            <String CONTENT="evidentiary" HEIGHT="44" HPOS="1033" ID="ST_616.6.10.15" STYLEREFS="Style_4" VPOS="1316" WIDTH="213" WC="0.81" CC="00000000000" TAGREFS=""/>
            <SP HPOS="1246" ID="SP_616.6.10.16" VPOS="1316" WIDTH="13"/>
            <String CONTENT="exclusion," HEIGHT="41" HPOS="1259" ID="ST_616.6.10.17" STYLEREFS="Style_4" VPOS="1316" WIDTH="185" WC="0.79" CC="0000000000" TAGREFS=""/>
            <SP HPOS="1444" ID="SP_616.6.10.18" VPOS="1326" WIDTH="16"/>
            <String CONTENT="e.g." HEIGHT="33" HPOS="1460" ID="ST_616.6.10.19" STYLEREFS="Style_4" VPOS="1326" WIDTH="63" WC="0.63" CC="0000" TAGREFS=""/>
          </TextLine>
          <TextLine HEIGHT="44" HPOS="312" ID="TL_616.6.11" VPOS="1366" WIDTH="1212">
            <String CONTENT="evidence" HEIGHT="35" HPOS="312" ID="ST_616.6.11.1" STYLEREFS="Style_4" VPOS="1367" WIDTH="161" WC="1.00" CC="00000000" TAGREFS=""/>
            <SP HPOS="473" ID="SP_616.6.11.2" VPOS="1366" WIDTH="11"/>
            <String CONTENT="that" HEIGHT="36" HPOS="484" ID="ST_616.6.11.3" STYLEREFS="Style_4" VPOS="1366" WIDTH="76" WC="0.98" CC="0000" TAGREFS=""/>
            <SP HPOS="560" ID="SP_616.6.11.4" VPOS="1367" WIDTH="10"/>
            <String CONTENT="is" HEIGHT="34" HPOS="570" ID="ST_616.6.11.5" STYLEREFS="Style_4" VPOS="1367" WIDTH="27" WC="1.00" CC="00" TAGREFS=""/>
            <SP HPOS="597" ID="SP_616.6.11.6" VPOS="1366" WIDTH="11"/>
            <String CONTENT="prejudicial," HEIGHT="44" HPOS="608" ID="ST_616.6.11.7" STYLEREFS="Style_4" VPOS="1366" WIDTH="214" WC="0.99" CC="000000000000" TAGREFS=""/>
            <SP HPOS="822" ID="SP_616.6.11.8" VPOS="1366" WIDTH="11"/>
            <String CONTENT="confusing," HEIGHT="44" HPOS="833" ID="ST_616.6.11.9" STYLEREFS="Style_4" VPOS="1366" WIDTH="194" WC="0.96" CC="0000000000" TAGREFS=""/>
            <SP HPOS="1027" ID="SP_616.6.11.10" VPOS="1366" WIDTH="11"/>
            <String CONTENT="misleading," HEIGHT="43" HPOS="1038" ID="ST_616.6.11.11" STYLEREFS="Style_4" VPOS="1366" WIDTH="216" WC="0.96" CC="00000000000" TAGREFS=""/>
            <SP HPOS="1254" ID="SP_616.6.11.12" VPOS="1366" WIDTH="12"/>
            <String CONTENT="cumulative" HEIGHT="35" HPOS="1266" ID="ST_616.6.11.13" STYLEREFS="Style_4" VPOS="1366" WIDTH="211" WC="1.00" CC="0000000000" TAGREFS=""/>
            <SP HPOS="1477" ID="SP_616.6.11.14" VPOS="1376" WIDTH="9"/>
            <String CONTENT="or" HEIGHT="24" HPOS="1486" ID="ST_616.6.11.15" STYLEREFS="Style_4" VPOS="1376" WIDTH="38" WC="1.00" CC="00" TAGREFS=""/>
          </TextLine>
          <TextLine HEIGHT="42" HPOS="311" ID="TL_616.6.12" VPOS="1417" WIDTH="318">
            <String CONTENT="time" HEIGHT="34" HPOS="311" ID="ST_616.6.12.1" STYLEREFS="Style_4" VPOS="1417" WIDTH="85" WC="1.00" CC="0000" TAGREFS=""/>
            <SP HPOS="396" ID="SP_616.6.12.2" VPOS="1417" WIDTH="19"/>
            <String CONTENT="consuming." HEIGHT="42" HPOS="415" ID="ST_616.6.12.3" STYLEREFS="Style_4" VPOS="1417" WIDTH="214" WC="0.88" CC="0000000000" TAGREFS=""/>
          </TextLine>
        </TextBlock>
        <TextBlock HEIGHT="292.0" HPOS="310.0" ID="BL_616.7" TAGREFS="b616-9" VPOS="1491.0" WIDTH="1215.0">
          <TextLine HEIGHT="45" HPOS="403" ID="TL_616.7.1" VPOS="1491" WIDTH="1122">
            <String CONTENT="In" HEIGHT="33" HPOS="403" ID="ST_616.7.1.1" STYLEREFS="Style_4" VPOS="1493" WIDTH="39" WC="1.00" CC="00" TAGREFS=""/>
            <SP HPOS="442" ID="SP_616.7.1.2" VPOS="1491" WIDTH="19"/>
            <String CONTENT="Greenfield" HEIGHT="44" HPOS="461" ID="ST_616.7.1.3" STYLEREFS="Style_5" VPOS="1491" WIDTH="199" WC="1.00" CC="0000000000" TAGREFS=""/>
            <SP HPOS="660" ID="SP_616.7.1.4" VPOS="1503" WIDTH="13"/>
            <String CONTENT="v." HEIGHT="23" HPOS="673" ID="ST_616.7.1.5" STYLEREFS="Style_4" VPOS="1503" WIDTH="30" WC="1.00" CC="00" TAGREFS=""/>
            <SP HPOS="703" ID="SP_616.7.1.6" VPOS="1491" WIDTH="18"/>
            <String CONTENT="Robinson," HEIGHT="41" HPOS="721" ID="ST_616.7.1.7" STYLEREFS="Style_5" VPOS="1491" WIDTH="192" WC="0.94" CC="000000000" TAGREFS=""/>
            <SP HPOS="913" ID="SP_616.7.1.8" VPOS="1493" WIDTH="18"/>
            <String CONTENT="413" HEIGHT="33" HPOS="931" ID="ST_616.7.1.9" STYLEREFS="Style_4" VPOS="1493" WIDTH="67" WC="0.93" CC="099" TAGREFS=""/>
            <SP HPOS="998" ID="SP_616.7.1.10" VPOS="1493" WIDTH="20"/>
            <String CONTENT="F." HEIGHT="33" HPOS="1018" ID="ST_616.7.1.11" STYLEREFS="Style_4" VPOS="1493" WIDTH="36" WC="1.00" CC="00" TAGREFS=""/>
            <SP HPOS="1054" ID="SP_616.7.1.12" VPOS="1491" WIDTH="19"/>
            <String CONTENT="Supp." HEIGHT="45" HPOS="1073" ID="ST_616.7.1.13" STYLEREFS="Style_4" VPOS="1491" WIDTH="107" WC="0.93" CC="00000" TAGREFS=""/>
            <SP HPOS="1180" ID="SP_616.7.1.14" VPOS="1493" WIDTH="23"/>
            <String CONTENT="1113" HEIGHT="33" HPOS="1203" ID="ST_616.7.1.15" STYLEREFS="Style_4" VPOS="1493" WIDTH="86" WC="1.00" CC="9990" TAGREFS=""/>
            <SP HPOS="1289" ID="SP_616.7.1.16" VPOS="1491" WIDTH="22"/>
            <String CONTENT="(1976)," HEIGHT="43" HPOS="1311" ID="ST_616.7.1.17" STYLEREFS="Style_4" VPOS="1491" WIDTH="137" WC="0.97" CC="0000000" TAGREFS=""/>
            <SP HPOS="1448" ID="SP_616.7.1.18" VPOS="1491" WIDTH="18"/>
            <String CONTENT="the" HEIGHT="34" HPOS="1466" ID="ST_616.7.1.19" STYLEREFS="Style_4" VPOS="1491" WIDTH="59" WC="1.00" CC="000" TAGREFS=""/>
          </TextLine>
          <TextLine HEIGHT="44" HPOS="311" ID="TL_616.7.2" VPOS="1541" WIDTH="1213">
            <String CONTENT="same" HEIGHT="23" HPOS="311" ID="ST_616.7.2.1" STYLEREFS="Style_4" VPOS="1553" WIDTH="96" WC="1.00" CC="0000" TAGREFS=""/>
            <SP HPOS="407" ID="SP_616.7.2.2" VPOS="1547" WIDTH="9"/>
            <String CONTENT="argument" HEIGHT="37" HPOS="416" ID="ST_616.7.2.3" STYLEREFS="Style_4" VPOS="1547" WIDTH="183" WC="0.97" CC="00000000" TAGREFS=""/>
            <SP HPOS="599" ID="SP_616.7.2.4" VPOS="1552" WIDTH="10"/>
            <String CONTENT="was" HEIGHT="24" HPOS="609" ID="ST_616.7.2.5" STYLEREFS="Style_4" VPOS="1552" WIDTH="69" WC="1.00" CC="000" TAGREFS=""/>
            <SP HPOS="678" ID="SP_616.7.2.6" VPOS="1541" WIDTH="11"/>
            <String CONTENT="made" HEIGHT="35" HPOS="689" ID="ST_616.7.2.7" STYLEREFS="Style_4" VPOS="1541" WIDTH="102" WC="0.98" CC="0000" TAGREFS=""/>
            <SP HPOS="791" ID="SP_616.7.2.8" VPOS="1541" WIDTH="11"/>
            <String CONTENT="by" HEIGHT="44" HPOS="802" ID="ST_616.7.2.9" STYLEREFS="Style_4" VPOS="1541" WIDTH="45" WC="0.90" CC="00" TAGREFS=""/>
            <SP HPOS="847" ID="SP_616.7.2.10" VPOS="1552" WIDTH="9"/>
            <String CONTENT="a" HEIGHT="24" HPOS="856" ID="ST_616.7.2.11" STYLEREFS="Style_4" VPOS="1552" WIDTH="20" WC="1.00" CC="0" TAGREFS=""/>
            <SP HPOS="876" ID="SP_616.7.2.12" VPOS="1541" WIDTH="10"/>
            <String CONTENT="defendant" HEIGHT="35" HPOS="886" ID="ST_616.7.2.13" STYLEREFS="Style_4" VPOS="1541" WIDTH="190" WC="0.90" CC="000000000" TAGREFS=""/>
            <SP HPOS="1076" ID="SP_616.7.2.14" VPOS="1541" WIDTH="10"/>
            <String CONTENT="who" HEIGHT="35" HPOS="1086" ID="ST_616.7.2.15" STYLEREFS="Style_4" VPOS="1541" WIDTH="76" WC="0.85" CC="000" TAGREFS=""/>
            <SP HPOS="1162" ID="SP_616.7.2.16" VPOS="1541" WIDTH="10"/>
            <String CONTENT="had" HEIGHT="35" HPOS="1172" ID="ST_616.7.2.17" STYLEREFS="Style_4" VPOS="1541" WIDTH="69" WC="0.65" CC="000" TAGREFS=""/>
            <SP HPOS="1241" ID="SP_616.7.2.18" VPOS="1552" WIDTH="10"/>
            <String CONTENT="no" HEIGHT="23" HPOS="1251" ID="ST_616.7.2.19" STYLEREFS="Style_4" VPOS="1552" WIDTH="44" WC="0.86" CC="00" TAGREFS=""/>
            <SP HPOS="1295" ID="SP_616.7.2.20" VPOS="1541" WIDTH="10"/>
            <String CONTENT="recollection" HEIGHT="35" HPOS="1305" ID="ST_616.7.2.21" STYLEREFS="Style_4" VPOS="1541" WIDTH="219" WC="0.82" CC="000000000000" TAGREFS=""/>
          </TextLine>
          <TextLine HEIGHT="44" HPOS="311" ID="TL_616.7.3" VPOS="1590" WIDTH="1213">
            <String CONTENT="of" HEIGHT="34" HPOS="311" ID="ST_616.7.3.1" STYLEREFS="Style_4" VPOS="1592" WIDTH="39" WC="1.00" CC="00" TAGREFS=""/>
            <SP HPOS="350" ID="SP_616.7.3.2" VPOS="1592" WIDTH="12"/>
            <String CONTENT="the" HEIGHT="34" HPOS="362" ID="ST_616.7.3.3" STYLEREFS="Style_4" VPOS="1592" WIDTH="59" WC="1.00" CC="000" TAGREFS=""/>
            <SP HPOS="421" ID="SP_616.7.3.4" VPOS="1591" WIDTH="13"/>
            <String CONTENT="crime," HEIGHT="41" HPOS="434" ID="ST_616.7.3.5" STYLEREFS="Style_4" VPOS="1591" WIDTH="118" WC="0.94" CC="000000" TAGREFS=""/>
            <SP HPOS="552" ID="SP_616.7.3.6" VPOS="1602" WIDTH="15"/>
            <String CONTENT="a" HEIGHT="23" HPOS="567" ID="ST_616.7.3.7" STYLEREFS="Style_4" VPOS="1602" WIDTH="20" WC="1.00" CC="0" TAGREFS=""/>
            <SP HPOS="587" ID="SP_616.7.3.8" VPOS="1590" WIDTH="16"/>
            <String CONTENT="murder." HEIGHT="36" HPOS="603" ID="ST_616.7.3.9" STYLEREFS="Style_4" VPOS="1590" WIDTH="149" WC="0.99" CC="0000000" TAGREFS=""/>
            <SP HPOS="752" ID="SP_616.7.3.10" VPOS="1592" WIDTH="18"/>
            <String CONTENT="He" HEIGHT="33" HPOS="770" ID="ST_616.7.3.11" STYLEREFS="Style_4" VPOS="1592" WIDTH="56" WC="0.79" CC="00" TAGREFS=""/>
            <SP HPOS="826" ID="SP_616.7.3.12" VPOS="1591" WIDTH="14"/>
            <String CONTENT="argued" HEIGHT="43" HPOS="840" ID="ST_616.7.3.13" STYLEREFS="Style_4" VPOS="1591" WIDTH="130" WC="0.90" CC="000000" TAGREFS=""/>
            <SP HPOS="970" ID="SP_616.7.3.14" VPOS="1591" WIDTH="15"/>
            <String CONTENT="that" HEIGHT="35" HPOS="985" ID="ST_616.7.3.15" STYLEREFS="Style_4" VPOS="1591" WIDTH="76" WC="1.00" CC="0000" TAGREFS=""/>
            <SP HPOS="1061" ID="SP_616.7.3.16" VPOS="1591" WIDTH="15"/>
            <String CONTENT="hypnotic" HEIGHT="43" HPOS="1076" ID="ST_616.7.3.17" STYLEREFS="Style_4" VPOS="1591" WIDTH="164" WC="0.98" CC="00000000" TAGREFS=""/>
            <SP HPOS="1240" ID="SP_616.7.3.18" VPOS="1590" WIDTH="14"/>
            <String CONTENT="testimony" HEIGHT="44" HPOS="1254" ID="ST_616.7.3.19" STYLEREFS="Style_4" VPOS="1590" WIDTH="186" WC="0.95" CC="000000000" TAGREFS=""/>
            <SP HPOS="1440" ID="SP_616.7.3.20" VPOS="1601" WIDTH="14"/>
            <String CONTENT="was" HEIGHT="24" HPOS="1454" ID="ST_616.7.3.21" STYLEREFS="Style_4" VPOS="1601" WIDTH="70" WC="1.00" CC="000" TAGREFS=""/>
          </TextLine>
          <TextLine HEIGHT="44" HPOS="311" ID="TL_616.7.4" VPOS="1640" WIDTH="1212">
            <String CONTENT="the" HEIGHT="34" HPOS="311" ID="ST_616.7.4.1" STYLEREFS="Style_4" VPOS="1641" WIDTH="59" WC="1.00" CC="000" TAGREFS=""/>
            <SP HPOS="370" ID="SP_616.7.4.2" VPOS="1641" WIDTH="12"/>
            <String CONTENT="only" HEIGHT="43" HPOS="382" ID="ST_616.7.4.3" STYLEREFS="Style_4" VPOS="1641" WIDTH="80" WC="0.81" CC="0000" TAGREFS=""/>
            <SP HPOS="462" ID="SP_616.7.4.4" VPOS="1640" WIDTH="13"/>
            <String CONTENT="evidence" HEIGHT="35" HPOS="475" ID="ST_616.7.4.5" STYLEREFS="Style_4" VPOS="1640" WIDTH="161" WC="0.96" CC="00000000" TAGREFS=""/>
            <SP HPOS="636" ID="SP_616.7.4.6" VPOS="1640" WIDTH="12"/>
            <String CONTENT="he" HEIGHT="34" HPOS="648" ID="ST_616.7.4.7" STYLEREFS="Style_4" VPOS="1640" WIDTH="44" WC="0.82" CC="00" TAGREFS=""/>
            <SP HPOS="692" ID="SP_616.7.4.8" VPOS="1640" WIDTH="11"/>
            <String CONTENT="could" HEIGHT="35" HPOS="703" ID="ST_616.7.4.9" STYLEREFS="Style_4" VPOS="1640" WIDTH="102" WC="0.97" CC="00000" TAGREFS=""/>
            <SP HPOS="805" ID="SP_616.7.4.10" VPOS="1640" WIDTH="12"/>
            <String CONTENT="offer" HEIGHT="35" HPOS="817" ID="ST_616.7.4.11" STYLEREFS="Style_4" VPOS="1640" WIDTH="88" WC="1.00" CC="00000" TAGREFS=""/>
            <SP HPOS="905" ID="SP_616.7.4.12" VPOS="1640" WIDTH="13"/>
            <String CONTENT="in" HEIGHT="35" HPOS="918" ID="ST_616.7.4.13" STYLEREFS="Style_4" VPOS="1640" WIDTH="34" WC="0.85" CC="00" TAGREFS=""/>
            <SP HPOS="952" ID="SP_616.7.4.14" VPOS="1641" WIDTH="13"/>
            <String CONTENT="his" HEIGHT="34" HPOS="965" ID="ST_616.7.4.15" STYLEREFS="Style_4" VPOS="1641" WIDTH="52" WC="0.87" CC="000" TAGREFS=""/>
            <SP HPOS="1017" ID="SP_616.7.4.16" VPOS="1640" WIDTH="12"/>
            <String CONTENT="defense," HEIGHT="41" HPOS="1029" ID="ST_616.7.4.17" STYLEREFS="Style_4" VPOS="1640" WIDTH="152" WC="0.90" CC="00000000" TAGREFS=""/>
            <SP HPOS="1181" ID="SP_616.7.4.18" VPOS="1641" WIDTH="14"/>
            <String CONTENT="that" HEIGHT="34" HPOS="1195" ID="ST_616.7.4.19" STYLEREFS="Style_4" VPOS="1641" WIDTH="76" WC="0.98" CC="0000" TAGREFS=""/>
            <SP HPOS="1271" ID="SP_616.7.4.20" VPOS="1640" WIDTH="13"/>
            <String CONTENT="it" HEIGHT="34" HPOS="1284" ID="ST_616.7.4.21" STYLEREFS="Style_4" VPOS="1640" WIDTH="26" WC="1.00" CC="00" TAGREFS=""/>
            <SP HPOS="1310" ID="SP_616.7.4.22" VPOS="1640" WIDTH="12"/>
            <String CONTENT="would" HEIGHT="35" HPOS="1322" ID="ST_616.7.4.23" STYLEREFS="Style_4" VPOS="1640" WIDTH="114" WC="0.99" CC="00000" TAGREFS=""/>
            <SP HPOS="1436" ID="SP_616.7.4.24" VPOS="1640" WIDTH="12"/>
            <String CONTENT="be" HEIGHT="34" HPOS="1448" ID="ST_616.7.4.25" STYLEREFS="Style_4" VPOS="1640" WIDTH="43" WC="1.00" CC="00" TAGREFS=""/>
            <SP HPOS="1491" ID="SP_616.7.4.26" VPOS="1651" WIDTH="12"/>
            <String CONTENT="a" HEIGHT="23" HPOS="1503" ID="ST_616.7.4.27" STYLEREFS="Style_4" VPOS="1651" WIDTH="20" WC="1.00" CC="0" TAGREFS=""/>
          </TextLine>
          <TextLine HEIGHT="45" HPOS="310" ID="TL_616.7.5" VPOS="1689" WIDTH="1215">
            <String CONTENT="violation" HEIGHT="35" HPOS="310" ID="ST_616.7.5.1" STYLEREFS="Style_4" VPOS="1690" WIDTH="165" WC="0.97" CC="000000000" TAGREFS=""/>
            <SP HPOS="475" ID="SP_616.7.5.2" VPOS="1690" WIDTH="20"/>
            <String CONTENT="of" HEIGHT="35" HPOS="495" ID="ST_616.7.5.3" STYLEREFS="Style_4" VPOS="1690" WIDTH="40" WC="1.00" CC="00" TAGREFS=""/>
            <SP HPOS="535" ID="SP_616.7.5.4" VPOS="1690" WIDTH="18"/>
            <String CONTENT="his" HEIGHT="35" HPOS="553" ID="ST_616.7.5.5" STYLEREFS="Style_4" VPOS="1690" WIDTH="51" WC="0.86" CC="000" TAGREFS=""/>
            <SP HPOS="604" ID="SP_616.7.5.6" VPOS="1690" WIDTH="21"/>
            <String CONTENT="constitutional" HEIGHT="35" HPOS="625" ID="ST_616.7.5.7" STYLEREFS="Style_4" VPOS="1690" WIDTH="260" WC="0.93" CC="00000000000000" TAGREFS=""/>
            <SP HPOS="885" ID="SP_616.7.5.8" VPOS="1689" WIDTH="21"/>
            <String CONTENT="rights" HEIGHT="44" HPOS="906" ID="ST_616.7.5.9" STYLEREFS="Style_4" VPOS="1689" WIDTH="109" WC="1.00" CC="000000" TAGREFS=""/>
            <SP HPOS="1015" ID="SP_616.7.5.10" VPOS="1695" WIDTH="21"/>
            <String CONTENT="to" HEIGHT="29" HPOS="1036" ID="ST_616.7.5.11" STYLEREFS="Style_4" VPOS="1695" WIDTH="36" WC="1.00" CC="00" TAGREFS=""/>
            <SP HPOS="1072" ID="SP_616.7.5.12" VPOS="1689" WIDTH="20"/>
            <String CONTENT="deny" HEIGHT="45" HPOS="1092" ID="ST_616.7.5.13" STYLEREFS="Style_4" VPOS="1689" WIDTH="90" WC="0.80" CC="0000" TAGREFS=""/>
            <SP HPOS="1182" ID="SP_616.7.5.14" VPOS="1690" WIDTH="21"/>
            <String CONTENT="him" HEIGHT="34" HPOS="1203" ID="ST_616.7.5.15" STYLEREFS="Style_4" VPOS="1690" WIDTH="73" WC="0.80" CC="000" TAGREFS=""/>
            <SP HPOS="1276" ID="SP_616.7.5.16" VPOS="1689" WIDTH="21"/>
            <String CONTENT="the" HEIGHT="35" HPOS="1297" ID="ST_616.7.5.17" STYLEREFS="Style_4" VPOS="1689" WIDTH="59" WC="0.90" CC="000" TAGREFS=""/>
            <SP HPOS="1356" ID="SP_616.7.5.18" VPOS="1690" WIDTH="21"/>
            <String CONTENT="right" HEIGHT="43" HPOS="1377" ID="ST_616.7.5.19" STYLEREFS="Style_4" VPOS="1690" WIDTH="92" WC="0.92" CC="00000" TAGREFS=""/>
            <SP HPOS="1469" ID="SP_616.7.5.20" VPOS="1695" WIDTH="20"/>
            <String CONTENT="to" HEIGHT="29" HPOS="1489" ID="ST_616.7.5.21" STYLEREFS="Style_4" VPOS="1695" WIDTH="36" WC="1.00" CC="00" TAGREFS=""/>
          </TextLine>
          <TextLine HEIGHT="45" HPOS="312" ID="TL_616.7.6" VPOS="1738" WIDTH="1210">
            <String CONTENT="testify," HEIGHT="43" HPOS="312" ID="ST_616.7.6.1" STYLEREFS="Style_4" VPOS="1740" WIDTH="128" WC="0.90" CC="00000000" TAGREFS=""/>
            <SP HPOS="440" ID="SP_616.7.6.2" VPOS="1740" WIDTH="20"/>
            <String CONTENT="citing" HEIGHT="43" HPOS="460" ID="ST_616.7.6.3" STYLEREFS="Style_4" VPOS="1740" WIDTH="107" WC="0.67" CC="000000" TAGREFS=""/>
            <SP HPOS="567" ID="SP_616.7.6.4" VPOS="1739" WIDTH="21"/>
            <String CONTENT="Chambers" HEIGHT="36" HPOS="588" ID="ST_616.7.6.5" STYLEREFS="Style_5" VPOS="1739" WIDTH="194" WC="0.88" CC="00000000" TAGREFS=""/>
            <SP HPOS="782" ID="SP_616.7.6.6" VPOS="1751" WIDTH="18"/>
            <String CONTENT="v." HEIGHT="23" HPOS="800" ID="ST_616.7.6.7" STYLEREFS="Style_4" VPOS="1751" WIDTH="29" WC="0.84" CC="00" TAGREFS=""/>
            <SP HPOS="829" ID="SP_616.7.6.8" VPOS="1741" WIDTH="21"/>
            <String CONTENT="Mississippi," HEIGHT="42" HPOS="850" ID="ST_616.7.6.9" STYLEREFS="Style_5" VPOS="1741" WIDTH="230" WC="0.90" CC="000000000000" TAGREFS=""/>
            <SP HPOS="1080" ID="SP_616.7.6.10" VPOS="1740" WIDTH="22"/>
            <String CONTENT="410" HEIGHT="34" HPOS="1102" ID="ST_616.7.6.11" STYLEREFS="Style_4" VPOS="1740" WIDTH="69" WC="0.72" CC="000" TAGREFS=""/>
            <SP HPOS="1171" ID="SP_616.7.6.12" VPOS="1739" WIDTH="20"/>
            <String CONTENT="U.S." HEIGHT="35" HPOS="1191" ID="ST_616.7.6.13" STYLEREFS="Style_4" VPOS="1739" WIDTH="82" WC="1.00" CC="0000" TAGREFS=""/>
            <SP HPOS="1273" ID="SP_616.7.6.14" VPOS="1740" WIDTH="22"/>
            <String CONTENT="284" HEIGHT="34" HPOS="1295" ID="ST_616.7.6.15" STYLEREFS="Style_4" VPOS="1740" WIDTH="69" WC="0.73" CC="000" TAGREFS=""/>
            <SP HPOS="1364" ID="SP_616.7.6.16" VPOS="1738" WIDTH="22"/>
            <String CONTENT="(1973)." HEIGHT="44" HPOS="1386" ID="ST_616.7.6.17" STYLEREFS="Style_4" VPOS="1738" WIDTH="136" WC="0.86" CC="0000000" TAGREFS=""/>
          </TextLine>
        </TextBlock>
        <TextBlock HEIGHT="295.0" HPOS="302.0" ID="BL_616.8" TAGREFS="b616-10" VPOS="1814.0" WIDTH="1223.0">
          <TextLine HEIGHT="45" HPOS="402" ID="TL_616.8.1" VPOS="1814" WIDTH="1122">
            <String CONTENT="The" HEIGHT="34" HPOS="402" ID="ST_616.8.1.1" STYLEREFS="Style_4" VPOS="1816" WIDTH="74" WC="0.79" CC="000" TAGREFS=""/>
            <SP HPOS="476" ID="SP_616.8.1.2" VPOS="1826" WIDTH="12"/>
            <String CONTENT="cases" HEIGHT="24" HPOS="488" ID="ST_616.8.1.3" STYLEREFS="Style_4" VPOS="1826" WIDTH="95" WC="1.00" CC="00000" TAGREFS=""/>
            <SP HPOS="583" ID="SP_616.8.1.4" VPOS="1826" WIDTH="13"/>
            <String CONTENT="are" HEIGHT="24" HPOS="596" ID="ST_616.8.1.5" STYLEREFS="Style_4" VPOS="1826" WIDTH="59" WC="1.00" CC="000" TAGREFS=""/>
            <SP HPOS="655" ID="SP_616.8.1.6" VPOS="1816" WIDTH="11"/>
            <String CONTENT="easily" HEIGHT="43" HPOS="666" ID="ST_616.8.1.7" STYLEREFS="Style_4" VPOS="1816" WIDTH="107" WC="0.84" CC="000000" TAGREFS=""/>
            <SP HPOS="773" ID="SP_616.8.1.8" VPOS="1815" WIDTH="11"/>
            <String CONTENT="distinguishable," HEIGHT="43" HPOS="784" ID="ST_616.8.1.9" STYLEREFS="Style_4" VPOS="1815" WIDTH="298" WC="0.96" CC="0000000000000000" TAGREFS=""/>
            <SP HPOS="1082" ID="SP_616.8.1.10" VPOS="1826" WIDTH="13"/>
            <String CONTENT="as" HEIGHT="23" HPOS="1095" ID="ST_616.8.1.11" STYLEREFS="Style_4" VPOS="1826" WIDTH="38" WC="1.00" CC="00" TAGREFS=""/>
            <SP HPOS="1133" ID="SP_616.8.1.12" VPOS="1816" WIDTH="12"/>
            <String CONTENT="the" HEIGHT="34" HPOS="1145" ID="ST_616.8.1.13" STYLEREFS="Style_4" VPOS="1816" WIDTH="60" WC="1.00" CC="000" TAGREFS=""/>
            <SP HPOS="1205" ID="SP_616.8.1.14" VPOS="1814" WIDTH="12"/>
            <String CONTENT="Greenfield" HEIGHT="44" HPOS="1217" ID="ST_616.8.1.15" STYLEREFS="Style_5" VPOS="1814" WIDTH="199" WC="0.98" CC="0000000000" TAGREFS=""/>
            <SP HPOS="1416" ID="SP_616.8.1.16" VPOS="1820" WIDTH="10"/>
            <String CONTENT="court" HEIGHT="29" HPOS="1426" ID="ST_616.8.1.17" STYLEREFS="Style_4" VPOS="1820" WIDTH="98" WC="0.94" CC="00000" TAGREFS=""/>
          </TextLine>
          <TextLine HEIGHT="45" HPOS="311" ID="TL_616.8.2" VPOS="1864" WIDTH="1212">
            <String CONTENT="found." HEIGHT="35" HPOS="311" ID="ST_616.8.2.1" STYLEREFS="Style_4" VPOS="1865" WIDTH="119" WC="0.90" CC="000000" TAGREFS=""/>
            <SP HPOS="430" ID="SP_616.8.2.2" VPOS="1865" WIDTH="22"/>
            <String CONTENT="Chambers" HEIGHT="36" HPOS="452" ID="ST_616.8.2.3" STYLEREFS="Style_5" VPOS="1865" WIDTH="193" WC="0.96" CC="00000000" TAGREFS=""/>
            <SP HPOS="645" ID="SP_616.8.2.4" VPOS="1865" WIDTH="17"/>
            <String CONTENT="primarily" HEIGHT="44" HPOS="662" ID="ST_616.8.2.5" STYLEREFS="Style_4" VPOS="1865" WIDTH="178" WC="0.96" CC="000000000" TAGREFS=""/>
            <SP HPOS="840" ID="SP_616.8.2.6" VPOS="1865" WIDTH="18"/>
            <String CONTENT="found" HEIGHT="35" HPOS="858" ID="ST_616.8.2.7" STYLEREFS="Style_4" VPOS="1865" WIDTH="108" WC="0.88" CC="00000" TAGREFS=""/>
            <SP HPOS="966" ID="SP_616.8.2.8" VPOS="1876" WIDTH="19"/>
            <String CONTENT="a" HEIGHT="24" HPOS="985" ID="ST_616.8.2.9" STYLEREFS="Style_4" VPOS="1876" WIDTH="20" WC="0.76" CC="0" TAGREFS=""/>
            <SP HPOS="1005" ID="SP_616.8.2.10" VPOS="1864" WIDTH="18"/>
            <String CONTENT="hearsay" HEIGHT="45" HPOS="1023" ID="ST_616.8.2.11" STYLEREFS="Style_4" VPOS="1864" WIDTH="147" WC="0.94" CC="0000000" TAGREFS=""/>
            <SP HPOS="1170" ID="SP_616.8.2.12" VPOS="1865" WIDTH="18"/>
            <String CONTENT="exception" HEIGHT="44" HPOS="1188" ID="ST_616.8.2.13" STYLEREFS="Style_4" VPOS="1865" WIDTH="180" WC="0.96" CC="000000000" TAGREFS=""/>
            <SP HPOS="1368" ID="SP_616.8.2.14" VPOS="1865" WIDTH="17"/>
            <String CONTENT="for" HEIGHT="34" HPOS="1385" ID="ST_616.8.2.15" STYLEREFS="Style_4" VPOS="1865" WIDTH="54" WC="1.00" CC="000" TAGREFS=""/>
            <SP HPOS="1439" ID="SP_616.8.2.16" VPOS="1865" WIDTH="18"/>
            <String CONTENT="evi-" HEIGHT="34" HPOS="1457" ID="ST_616.8.2.17" STYLEREFS="Style_4" VPOS="1865" WIDTH="66" WC="0.93" CC="0000" TAGREFS=""/>
          </TextLine>
          <TextLine HEIGHT="45" HPOS="311" ID="TL_616.8.3" VPOS="1914" WIDTH="1214">
            <String CONTENT="dence" HEIGHT="35" HPOS="311" ID="ST_616.8.3.1" STYLEREFS="Style_4" VPOS="1915" WIDTH="108" WC="0.87" CC="00000" TAGREFS=""/>
            <SP HPOS="419" ID="SP_616.8.3.2" VPOS="1915" WIDTH="16"/>
            <String CONTENT="offered" HEIGHT="35" HPOS="435" ID="ST_616.8.3.3" STYLEREFS="Style_4" VPOS="1915" WIDTH="131" WC="0.94" CC="0000000" TAGREFS=""/>
            <SP HPOS="566" ID="SP_616.8.3.4" VPOS="1915" WIDTH="17"/>
            <String CONTENT="by" HEIGHT="44" HPOS="583" ID="ST_616.8.3.5" STYLEREFS="Style_4" VPOS="1915" WIDTH="45" WC="1.00" CC="00" TAGREFS=""/>
            <SP HPOS="628" ID="SP_616.8.3.6" VPOS="1915" WIDTH="16"/>
            <String CONTENT="the" HEIGHT="34" HPOS="644" ID="ST_616.8.3.7" STYLEREFS="Style_4" VPOS="1915" WIDTH="59" WC="0.99" CC="000" TAGREFS=""/>
            <SP HPOS="703" ID="SP_616.8.3.8" VPOS="1915" WIDTH="15"/>
            <String CONTENT="defense" HEIGHT="35" HPOS="718" ID="ST_616.8.3.9" STYLEREFS="Style_4" VPOS="1915" WIDTH="142" WC="0.89" CC="0000000" TAGREFS=""/>
            <SP HPOS="860" ID="SP_616.8.3.10" VPOS="1915" WIDTH="16"/>
            <String CONTENT="because" HEIGHT="35" HPOS="876" ID="ST_616.8.3.11" STYLEREFS="Style_4" VPOS="1915" WIDTH="149" WC="0.93" CC="0000000" TAGREFS=""/>
            <SP HPOS="1025" ID="SP_616.8.3.12" VPOS="1914" WIDTH="16"/>
            <String CONTENT="of" HEIGHT="35" HPOS="1041" ID="ST_616.8.3.13" STYLEREFS="Style_4" VPOS="1914" WIDTH="39" WC="1.00" CC="00" TAGREFS=""/>
            <SP HPOS="1080" ID="SP_616.8.3.14" VPOS="1915" WIDTH="13"/>
            <String CONTENT="reliability." HEIGHT="43" HPOS="1093" ID="ST_616.8.3.15" STYLEREFS="Style_4" VPOS="1915" WIDTH="196" WC="0.95" CC="000000000000" TAGREFS=""/>
            <SP HPOS="1289" ID="SP_616.8.3.16" VPOS="1914" WIDTH="17"/>
            <String CONTENT="The" HEIGHT="36" HPOS="1306" ID="ST_616.8.3.17" STYLEREFS="Style_4" VPOS="1914" WIDTH="75" WC="0.91" CC="000" TAGREFS=""/>
            <SP HPOS="1381" ID="SP_616.8.3.18" VPOS="1916" WIDTH="17"/>
            <String CONTENT="Green-" HEIGHT="33" HPOS="1398" ID="ST_616.8.3.19" STYLEREFS="Style_5" VPOS="1916" WIDTH="127" WC="0.97" CC="000000" TAGREFS=""/>
          </TextLine>
          <TextLine HEIGHT="45" HPOS="302" ID="TL_616.8.4" VPOS="1964" WIDTH="1221">
            <String CONTENT="field" HEIGHT="44" HPOS="302" ID="ST_616.8.4.1" STYLEREFS="Style_5" VPOS="1964" WIDTH="95" WC="0.97" CC="00000" TAGREFS=""/>
            <SP HPOS="397" ID="SP_616.8.4.2" VPOS="1970" WIDTH="10"/>
            <String CONTENT="court" HEIGHT="29" HPOS="407" ID="ST_616.8.4.3" STYLEREFS="Style_4" VPOS="1970" WIDTH="98" WC="0.99" CC="00000" TAGREFS=""/>
            <SP HPOS="505" ID="SP_616.8.4.4" VPOS="1964" WIDTH="12"/>
            <String CONTENT="pointed" HEIGHT="45" HPOS="517" ID="ST_616.8.4.5" STYLEREFS="Style_4" VPOS="1964" WIDTH="140" WC="0.90" CC="0000000" TAGREFS=""/>
            <SP HPOS="657" ID="SP_616.8.4.6" VPOS="1970" WIDTH="12"/>
            <String CONTENT="out" HEIGHT="30" HPOS="669" ID="ST_616.8.4.7" STYLEREFS="Style_4" VPOS="1970" WIDTH="60" WC="1.00" CC="000" TAGREFS=""/>
            <SP HPOS="729" ID="SP_616.8.4.8" VPOS="1965" WIDTH="12"/>
            <String CONTENT="it" HEIGHT="35" HPOS="741" ID="ST_616.8.4.9" STYLEREFS="Style_4" VPOS="1965" WIDTH="26" WC="0.76" CC="00" TAGREFS=""/>
            <SP HPOS="767" ID="SP_616.8.4.10" VPOS="1976" WIDTH="12"/>
            <String CONTENT="was" HEIGHT="23" HPOS="779" ID="ST_616.8.4.11" STYLEREFS="Style_4" VPOS="1976" WIDTH="70" WC="1.00" CC="000" TAGREFS=""/>
            <SP HPOS="849" ID="SP_616.8.4.12" VPOS="1964" WIDTH="13"/>
            <String CONTENT="excluding" HEIGHT="44" HPOS="862" ID="ST_616.8.4.13" STYLEREFS="Style_4" VPOS="1964" WIDTH="183" WC="0.86" CC="000000000" TAGREFS=""/>
            <SP HPOS="1045" ID="SP_616.8.4.14" VPOS="1964" WIDTH="12"/>
            <String CONTENT="the" HEIGHT="35" HPOS="1057" ID="ST_616.8.4.15" STYLEREFS="Style_4" VPOS="1964" WIDTH="59" WC="0.84" CC="000" TAGREFS=""/>
            <SP HPOS="1116" ID="SP_616.8.4.16" VPOS="1964" WIDTH="12"/>
            <String CONTENT="hypnotically" HEIGHT="45" HPOS="1128" ID="ST_616.8.4.17" STYLEREFS="Style_4" VPOS="1964" WIDTH="235" WC="0.79" CC="000000000000" TAGREFS=""/>
            <SP HPOS="1363" ID="SP_616.8.4.18" VPOS="1964" WIDTH="12"/>
            <String CONTENT="induced" HEIGHT="35" HPOS="1375" ID="ST_616.8.4.19" STYLEREFS="Style_4" VPOS="1964" WIDTH="148" WC="0.73" CC="0000000" TAGREFS=""/>
          </TextLine>
          <TextLine HEIGHT="44" HPOS="310" ID="TL_616.8.5" VPOS="2014" WIDTH="1213">
            <String CONTENT="testimony" HEIGHT="43" HPOS="310" ID="ST_616.8.5.1" STYLEREFS="Style_4" VPOS="2015" WIDTH="186" WC="0.98" CC="000000000" TAGREFS=""/>
            <SP HPOS="496" ID="SP_616.8.5.2" VPOS="2014" WIDTH="28"/>
            <String CONTENT="for" HEIGHT="35" HPOS="524" ID="ST_616.8.5.3" STYLEREFS="Style_4" VPOS="2014" WIDTH="53" WC="1.00" CC="000" TAGREFS=""/>
            <SP HPOS="577" ID="SP_616.8.5.4" VPOS="2014" WIDTH="27"/>
            <String CONTENT="the" HEIGHT="35" HPOS="604" ID="ST_616.8.5.5" STYLEREFS="Style_4" VPOS="2014" WIDTH="59" WC="0.86" CC="000" TAGREFS=""/>
            <SP HPOS="663" ID="SP_616.8.5.6" VPOS="2025" WIDTH="26"/>
            <String CONTENT="very" HEIGHT="33" HPOS="689" ID="ST_616.8.5.7" STYLEREFS="Style_4" VPOS="2025" WIDTH="81" WC="0.85" CC="0000" TAGREFS=""/>
            <SP HPOS="770" ID="SP_616.8.5.8" VPOS="2025" WIDTH="28"/>
            <String CONTENT="reason" HEIGHT="24" HPOS="798" ID="ST_616.8.5.9" STYLEREFS="Style_4" VPOS="2025" WIDTH="122" WC="1.00" CC="000000" TAGREFS=""/>
            <SP HPOS="920" ID="SP_616.8.5.10" VPOS="2015" WIDTH="28"/>
            <String CONTENT="that" HEIGHT="34" HPOS="948" ID="ST_616.8.5.11" STYLEREFS="Style_4" VPOS="2015" WIDTH="77" WC="1.00" CC="0000" TAGREFS=""/>
            <SP HPOS="1025" ID="SP_616.8.5.12" VPOS="2014" WIDTH="27"/>
            <String CONTENT="it" HEIGHT="35" HPOS="1052" ID="ST_616.8.5.13" STYLEREFS="Style_4" VPOS="2014" WIDTH="26" WC="1.00" CC="00" TAGREFS=""/>
            <SP HPOS="1078" ID="SP_616.8.5.14" VPOS="2025" WIDTH="28"/>
            <String CONTENT="was" HEIGHT="24" HPOS="1106" ID="ST_616.8.5.15" STYLEREFS="Style_4" VPOS="2025" WIDTH="70" WC="1.00" CC="000" TAGREFS=""/>
            <SP HPOS="1176" ID="SP_616.8.5.16" VPOS="2014" WIDTH="27"/>
            <String CONTENT="unreliable," HEIGHT="41" HPOS="1203" ID="ST_616.8.5.17" STYLEREFS="Style_4" VPOS="2014" WIDTH="202" WC="0.87" CC="00000000000" TAGREFS=""/>
            <SP HPOS="1405" ID="SP_616.8.5.18" VPOS="2014" WIDTH="28"/>
            <String CONTENT="after" HEIGHT="35" HPOS="1433" ID="ST_616.8.5.19" STYLEREFS="Style_4" VPOS="2014" WIDTH="90" WC="1.00" CC="00000" TAGREFS=""/>
          </TextLine>
          <TextLine HEIGHT="45" HPOS="311" ID="TL_616.8.6" VPOS="2064" WIDTH="1210">
            <String CONTENT="reviewing" HEIGHT="43" HPOS="311" ID="ST_616.8.6.1" STYLEREFS="Style_4" VPOS="2064" WIDTH="181" WC="0.98" CC="000000000" TAGREFS=""/>
            <SP HPOS="492" ID="SP_616.8.6.2" VPOS="2069" WIDTH="15"/>
            <String CONTENT="expert" HEIGHT="40" HPOS="507" ID="ST_616.8.6.3" STYLEREFS="Style_4" VPOS="2069" WIDTH="118" WC="1.00" CC="000000" TAGREFS=""/>
            <SP HPOS="625" ID="SP_616.8.6.4" VPOS="2064" WIDTH="14"/>
            <String CONTENT="opinion" HEIGHT="44" HPOS="639" ID="ST_616.8.6.5" STYLEREFS="Style_4" VPOS="2064" WIDTH="139" WC="0.94" CC="0000000" TAGREFS=""/>
            <SP HPOS="778" ID="SP_616.8.6.6" VPOS="2075" WIDTH="13"/>
            <String CONTENT="on" HEIGHT="24" HPOS="791" ID="ST_616.8.6.7" STYLEREFS="Style_4" VPOS="2075" WIDTH="44" WC="0.82" CC="00" TAGREFS=""/>
            <SP HPOS="835" ID="SP_616.8.6.8" VPOS="2064" WIDTH="15"/>
            <String CONTENT="the" HEIGHT="35" HPOS="850" ID="ST_616.8.6.9" STYLEREFS="Style_4" VPOS="2064" WIDTH="60" WC="0.97" CC="000" TAGREFS=""/>
            <SP HPOS="910" ID="SP_616.8.6.10" VPOS="2064" WIDTH="13"/>
            <String CONTENT="issue." HEIGHT="35" HPOS="923" ID="ST_616.8.6.11" STYLEREFS="Style_4" VPOS="2064" WIDTH="101" WC="0.98" CC="000000" TAGREFS=""/>
            <SP HPOS="1024" ID="SP_616.8.6.12" VPOS="2064" WIDTH="15"/>
            <String CONTENT="The" HEIGHT="34" HPOS="1039" ID="ST_616.8.6.13" STYLEREFS="Style_4" VPOS="2064" WIDTH="75" WC="0.81" CC="000" TAGREFS=""/>
            <SP HPOS="1114" ID="SP_616.8.6.14" VPOS="2069" WIDTH="13"/>
            <String CONTENT="court" HEIGHT="30" HPOS="1127" ID="ST_616.8.6.15" STYLEREFS="Style_4" VPOS="2069" WIDTH="98" WC="0.85" CC="00000" TAGREFS=""/>
            <SP HPOS="1225" ID="SP_616.8.6.16" VPOS="2069" WIDTH="14"/>
            <String CONTENT="went" HEIGHT="29" HPOS="1239" ID="ST_616.8.6.17" STYLEREFS="Style_4" VPOS="2069" WIDTH="91" WC="0.95" CC="0000" TAGREFS=""/>
            <SP HPOS="1330" ID="SP_616.8.6.18" VPOS="2075" WIDTH="13"/>
            <String CONTENT="on" HEIGHT="24" HPOS="1343" ID="ST_616.8.6.19" STYLEREFS="Style_4" VPOS="2075" WIDTH="45" WC="0.61" CC="00" TAGREFS=""/>
            <SP HPOS="1388" ID="SP_616.8.6.20" VPOS="2069" WIDTH="14"/>
            <String CONTENT="to" HEIGHT="30" HPOS="1402" ID="ST_616.8.6.21" STYLEREFS="Style_4" VPOS="2069" WIDTH="35" WC="1.00" CC="00" TAGREFS=""/>
            <SP HPOS="1437" ID="SP_616.8.6.22" VPOS="2075" WIDTH="13"/>
            <String CONTENT="say:" HEIGHT="32" HPOS="1450" ID="ST_616.8.6.23" STYLEREFS="Style_4" VPOS="2075" WIDTH="71" WC="1.00" CC="0000" TAGREFS=""/>
          </TextLine>
        </TextBlock>
        <TextBlock HEIGHT="293.0" HPOS="434.0" ID="BL_616.9" TAGREFS="b616-11" VPOS="2140.0" WIDTH="1093.0">
          <TextLine HEIGHT="45" HPOS="434" ID="TL_616.9.1" VPOS="2140" WIDTH="1090">
            <String CONTENT="This" HEIGHT="34" HPOS="434" ID="ST_616.9.1.1" STYLEREFS="Style_4" VPOS="2141" WIDTH="83" WC="0.90" CC="0000" TAGREFS=""/>
            <SP HPOS="517" ID="SP_616.9.1.2" VPOS="2146" WIDTH="12"/>
            <String CONTENT="court" HEIGHT="30" HPOS="529" ID="ST_616.9.1.3" STYLEREFS="Style_4" VPOS="2146" WIDTH="98" WC="0.98" CC="00000" TAGREFS=""/>
            <SP HPOS="627" ID="SP_616.9.1.4" VPOS="2141" WIDTH="12"/>
            <String CONTENT="knows" HEIGHT="35" HPOS="639" ID="ST_616.9.1.5" STYLEREFS="Style_4" VPOS="2141" WIDTH="116" WC="0.92" CC="00000" TAGREFS=""/>
            <SP HPOS="755" ID="SP_616.9.1.6" VPOS="2141" WIDTH="12"/>
            <String CONTENT="of" HEIGHT="35" HPOS="767" ID="ST_616.9.1.7" STYLEREFS="Style_4" VPOS="2141" WIDTH="39" WC="1.00" CC="00" TAGREFS=""/>
            <SP HPOS="806" ID="SP_616.9.1.8" VPOS="2151" WIDTH="8"/>
            <String CONTENT="no" HEIGHT="24" HPOS="814" ID="ST_616.9.1.9" STYLEREFS="Style_4" VPOS="2151" WIDTH="44" WC="0.81" CC="00" TAGREFS=""/>
            <SP HPOS="858" ID="SP_616.9.1.10" VPOS="2140" WIDTH="12"/>
            <String CONTENT="rule" HEIGHT="36" HPOS="870" ID="ST_616.9.1.11" STYLEREFS="Style_4" VPOS="2140" WIDTH="74" WC="0.81" CC="0000" TAGREFS=""/>
            <SP HPOS="944" ID="SP_616.9.1.12" VPOS="2141" WIDTH="12"/>
            <String CONTENT="that" HEIGHT="35" HPOS="956" ID="ST_616.9.1.13" STYLEREFS="Style_4" VPOS="2141" WIDTH="76" WC="1.00" CC="0000" TAGREFS=""/>
            <SP HPOS="1032" ID="SP_616.9.1.14" VPOS="2140" WIDTH="12"/>
            <String CONTENT="requires" HEIGHT="45" HPOS="1044" ID="ST_616.9.1.15" STYLEREFS="Style_4" VPOS="2140" WIDTH="152" WC="0.94" CC="00000000" TAGREFS=""/>
            <SP HPOS="1196" ID="SP_616.9.1.16" VPOS="2152" WIDTH="12"/>
            <String CONTENT="a" HEIGHT="23" HPOS="1208" ID="ST_616.9.1.17" STYLEREFS="Style_4" VPOS="2152" WIDTH="20" WC="1.00" CC="0" TAGREFS=""/>
            <SP HPOS="1228" ID="SP_616.9.1.18" VPOS="2140" WIDTH="8"/>
            <String CONTENT="judge" HEIGHT="44" HPOS="1236" ID="ST_616.9.1.19" STYLEREFS="Style_4" VPOS="2140" WIDTH="109" WC="0.92" CC="00000" TAGREFS=""/>
            <SP HPOS="1345" ID="SP_616.9.1.20" VPOS="2146" WIDTH="11"/>
            <String CONTENT="to" HEIGHT="30" HPOS="1356" ID="ST_616.9.1.21" STYLEREFS="Style_4" VPOS="2146" WIDTH="36" WC="1.00" CC="00" TAGREFS=""/>
            <SP HPOS="1392" ID="SP_616.9.1.22" VPOS="2145" WIDTH="11"/>
            <String CONTENT="accept" HEIGHT="39" HPOS="1403" ID="ST_616.9.1.23" STYLEREFS="Style_4" VPOS="2145" WIDTH="121" WC="1.00" CC="000000" TAGREFS=""/>
          </TextLine>
          <TextLine HEIGHT="44" HPOS="434" ID="TL_616.9.2" VPOS="2190" WIDTH="1088">
            <String CONTENT="evidence" HEIGHT="36" HPOS="434" ID="ST_616.9.2.1" STYLEREFS="Style_4" VPOS="2190" WIDTH="162" WC="0.95" CC="00000000" TAGREFS=""/>
            <SP HPOS="596" ID="SP_616.9.2.2" VPOS="2190" WIDTH="22"/>
            <String CONTENT="of" HEIGHT="36" HPOS="618" ID="ST_616.9.2.3" STYLEREFS="Style_4" VPOS="2190" WIDTH="40" WC="0.97" CC="00" TAGREFS=""/>
            <SP HPOS="658" ID="SP_616.9.2.4" VPOS="2191" WIDTH="19"/>
            <String CONTENT="uncertain" HEIGHT="35" HPOS="677" ID="ST_616.9.2.5" STYLEREFS="Style_4" VPOS="2191" WIDTH="181" WC="0.88" CC="000000000" TAGREFS=""/>
            <SP HPOS="858" ID="SP_616.9.2.6" VPOS="2190" WIDTH="22"/>
            <String CONTENT="value" HEIGHT="36" HPOS="880" ID="ST_616.9.2.7" STYLEREFS="Style_4" VPOS="2190" WIDTH="102" WC="0.79" CC="00000" TAGREFS=""/>
            <SP HPOS="982" ID="SP_616.9.2.8" VPOS="2196" WIDTH="22"/>
            <String CONTENT="to" HEIGHT="29" HPOS="1004" ID="ST_616.9.2.9" STYLEREFS="Style_4" VPOS="2196" WIDTH="35" WC="1.00" CC="00" TAGREFS=""/>
            <SP HPOS="1039" ID="SP_616.9.2.10" VPOS="2201" WIDTH="23"/>
            <String CONTENT="go" HEIGHT="33" HPOS="1062" ID="ST_616.9.2.11" STYLEREFS="Style_4" VPOS="2201" WIDTH="44" WC="1.00" CC="00" TAGREFS=""/>
            <SP HPOS="1106" ID="SP_616.9.2.12" VPOS="2195" WIDTH="23"/>
            <String CONTENT="to" HEIGHT="31" HPOS="1129" ID="ST_616.9.2.13" STYLEREFS="Style_4" VPOS="2195" WIDTH="36" WC="1.00" CC="00" TAGREFS=""/>
            <SP HPOS="1165" ID="SP_616.9.2.14" VPOS="2202" WIDTH="23"/>
            <String CONTENT="a" HEIGHT="24" HPOS="1188" ID="ST_616.9.2.15" STYLEREFS="Style_4" VPOS="2202" WIDTH="20" WC="1.00" CC="0" TAGREFS=""/>
            <SP HPOS="1208" ID="SP_616.9.2.16" VPOS="2190" WIDTH="23"/>
            <String CONTENT="defense" HEIGHT="35" HPOS="1231" ID="ST_616.9.2.17" STYLEREFS="Style_4" VPOS="2190" WIDTH="142" WC="0.92" CC="0000000" TAGREFS=""/>
            <SP HPOS="1373" ID="SP_616.9.2.18" VPOS="2191" WIDTH="22"/>
            <String CONTENT="that" HEIGHT="34" HPOS="1395" ID="ST_616.9.2.19" STYLEREFS="Style_4" VPOS="2191" WIDTH="77" WC="1.00" CC="0000" TAGREFS=""/>
            <SP HPOS="1472" ID="SP_616.9.2.20" VPOS="2190" WIDTH="23"/>
            <String CONTENT="is" HEIGHT="35" HPOS="1495" ID="ST_616.9.2.21" STYLEREFS="Style_4" VPOS="2190" WIDTH="27" WC="1.00" CC="00" TAGREFS=""/>
          </TextLine>
          <TextLine HEIGHT="44" HPOS="434" ID="TL_616.9.3" VPOS="2240" WIDTH="1089">
            <String CONTENT="otherwise" HEIGHT="34" HPOS="434" ID="ST_616.9.3.1" STYLEREFS="Style_4" VPOS="2241" WIDTH="181" WC="0.95" CC="000000000" TAGREFS=""/>
            <SP HPOS="615" ID="SP_616.9.3.2" VPOS="2241" WIDTH="8"/>
            <String CONTENT="completely" HEIGHT="43" HPOS="623" ID="ST_616.9.3.3" STYLEREFS="Style_4" VPOS="2241" WIDTH="206" WC="1.00" CC="0000000000" TAGREFS=""/>
            <SP HPOS="829" ID="SP_616.9.3.4" VPOS="2240" WIDTH="8"/>
            <String CONTENT="uncorroborated." HEIGHT="35" HPOS="837" ID="ST_616.9.3.5" STYLEREFS="Style_4" VPOS="2240" WIDTH="304" WC="0.93" CC="000000000000000" TAGREFS=""/>
            <SP HPOS="1141" ID="SP_616.9.3.6" VPOS="2241" WIDTH="10"/>
            <String CONTENT="The" HEIGHT="34" HPOS="1151" ID="ST_616.9.3.7" STYLEREFS="Style_4" VPOS="2241" WIDTH="75" WC="0.97" CC="000" TAGREFS=""/>
            <SP HPOS="1226" ID="SP_616.9.3.8" VPOS="2251" WIDTH="7"/>
            <String CONTENT="mere" HEIGHT="24" HPOS="1233" ID="ST_616.9.3.9" STYLEREFS="Style_4" VPOS="2251" WIDTH="95" WC="1.00" CC="0000" TAGREFS=""/>
            <SP HPOS="1328" ID="SP_616.9.3.10" VPOS="2240" WIDTH="9"/>
            <String CONTENT="fact" HEIGHT="35" HPOS="1337" ID="ST_616.9.3.11" STYLEREFS="Style_4" VPOS="2240" WIDTH="72" WC="1.00" CC="0000" TAGREFS=""/>
            <SP HPOS="1409" ID="SP_616.9.3.12" VPOS="2241" WIDTH="8"/>
            <String CONTENT="that" HEIGHT="34" HPOS="1417" ID="ST_616.9.3.13" STYLEREFS="Style_4" VPOS="2241" WIDTH="77" WC="1.00" CC="0000" TAGREFS=""/>
            <SP HPOS="1494" ID="SP_616.9.3.14" VPOS="2251" WIDTH="8"/>
            <String CONTENT="a" HEIGHT="23" HPOS="1502" ID="ST_616.9.3.15" STYLEREFS="Style_4" VPOS="2251" WIDTH="21" WC="1.00" CC="0" TAGREFS=""/>
          </TextLine>
          <TextLine HEIGHT="44" HPOS="434" ID="TL_616.9.4" VPOS="2290" WIDTH="1089">
            <String CONTENT="crime" HEIGHT="35" HPOS="434" ID="ST_616.9.4.1" STYLEREFS="Style_4" VPOS="2290" WIDTH="108" WC="0.89" CC="00000" TAGREFS=""/>
            <SP HPOS="542" ID="SP_616.9.4.2" VPOS="2290" WIDTH="23"/>
            <String CONTENT="has" HEIGHT="34" HPOS="565" ID="ST_616.9.4.3" STYLEREFS="Style_4" VPOS="2290" WIDTH="62" WC="0.81" CC="000" TAGREFS=""/>
            <SP HPOS="627" ID="SP_616.9.4.4" VPOS="2300" WIDTH="24"/>
            <String CONTENT="no" HEIGHT="24" HPOS="651" ID="ST_616.9.4.5" STYLEREFS="Style_4" VPOS="2300" WIDTH="44" WC="1.00" CC="00" TAGREFS=""/>
            <SP HPOS="695" ID="SP_616.9.4.6" VPOS="2290" WIDTH="23"/>
            <String CONTENT="eyewitnesses" HEIGHT="44" HPOS="718" ID="ST_616.9.4.7" STYLEREFS="Style_4" VPOS="2290" WIDTH="238" WC="0.89" CC="000000000000" TAGREFS=""/>
            <SP HPOS="956" ID="SP_616.9.4.8" VPOS="2301" WIDTH="24"/>
            <String CONTENT="or" HEIGHT="23" HPOS="980" ID="ST_616.9.4.9" STYLEREFS="Style_4" VPOS="2301" WIDTH="38" WC="1.00" CC="00" TAGREFS=""/>
            <SP HPOS="1018" ID="SP_616.9.4.10" VPOS="2290" WIDTH="23"/>
            <String CONTENT="direct" HEIGHT="35" HPOS="1041" ID="ST_616.9.4.11" STYLEREFS="Style_4" VPOS="2290" WIDTH="110" WC="0.96" CC="000000" TAGREFS=""/>
            <SP HPOS="1151" ID="SP_616.9.4.12" VPOS="2290" WIDTH="23"/>
            <String CONTENT="evidence" HEIGHT="34" HPOS="1174" ID="ST_616.9.4.13" STYLEREFS="Style_4" VPOS="2290" WIDTH="162" WC="0.91" CC="00000000" TAGREFS=""/>
            <SP HPOS="1336" ID="SP_616.9.4.14" VPOS="2290" WIDTH="23"/>
            <String CONTENT="does" HEIGHT="34" HPOS="1359" ID="ST_616.9.4.15" STYLEREFS="Style_4" VPOS="2290" WIDTH="81" WC="1.00" CC="0000" TAGREFS=""/>
            <SP HPOS="1440" ID="SP_616.9.4.16" VPOS="2294" WIDTH="24"/>
            <String CONTENT="not" HEIGHT="30" HPOS="1464" ID="ST_616.9.4.17" STYLEREFS="Style_4" VPOS="2294" WIDTH="59" WC="0.75" CC="000" TAGREFS=""/>
          </TextLine>
          <TextLine HEIGHT="44" HPOS="435" ID="TL_616.9.5" VPOS="2339" WIDTH="1089">
            <String CONTENT="warrant" HEIGHT="29" HPOS="435" ID="ST_616.9.5.1" STYLEREFS="Style_4" VPOS="2345" WIDTH="150" WC="0.94" CC="0000000" TAGREFS=""/>
            <SP HPOS="585" ID="SP_616.9.5.2" VPOS="2351" WIDTH="12"/>
            <String CONTENT="a" HEIGHT="23" HPOS="597" ID="ST_616.9.5.3" STYLEREFS="Style_4" VPOS="2351" WIDTH="20" WC="1.00" CC="0" TAGREFS=""/>
            <SP HPOS="617" ID="SP_616.9.5.4" VPOS="2344" WIDTH="12"/>
            <String CONTENT="court" HEIGHT="30" HPOS="629" ID="ST_616.9.5.5" STYLEREFS="Style_4" VPOS="2344" WIDTH="98" WC="0.93" CC="00000" TAGREFS=""/>
            <SP HPOS="727" ID="SP_616.9.5.6" VPOS="2345" WIDTH="12"/>
            <String CONTENT="to" HEIGHT="29" HPOS="739" ID="ST_616.9.5.7" STYLEREFS="Style_4" VPOS="2345" WIDTH="36" WC="1.00" CC="00" TAGREFS=""/>
            <SP HPOS="775" ID="SP_616.9.5.8" VPOS="2344" WIDTH="11"/>
            <String CONTENT="accept" HEIGHT="39" HPOS="786" ID="ST_616.9.5.9" STYLEREFS="Style_4" VPOS="2344" WIDTH="121" WC="0.98" CC="000000" TAGREFS=""/>
            <SP HPOS="907" ID="SP_616.9.5.10" VPOS="2340" WIDTH="12"/>
            <String CONTENT="evidence" HEIGHT="34" HPOS="919" ID="ST_616.9.5.11" STYLEREFS="Style_4" VPOS="2340" WIDTH="163" WC="0.98" CC="00000000" TAGREFS=""/>
            <SP HPOS="1082" ID="SP_616.9.5.12" VPOS="2339" WIDTH="11"/>
            <String CONTENT="that" HEIGHT="35" HPOS="1093" ID="ST_616.9.5.13" STYLEREFS="Style_4" VPOS="2339" WIDTH="76" WC="1.00" CC="0000" TAGREFS=""/>
            <SP HPOS="1169" ID="SP_616.9.5.14" VPOS="2351" WIDTH="12"/>
            <String CONTENT="may" HEIGHT="32" HPOS="1181" ID="ST_616.9.5.15" STYLEREFS="Style_4" VPOS="2351" WIDTH="81" WC="1.00" CC="000" TAGREFS=""/>
            <SP HPOS="1262" ID="SP_616.9.5.16" VPOS="2339" WIDTH="11"/>
            <String CONTENT="be" HEIGHT="35" HPOS="1273" ID="ST_616.9.5.17" STYLEREFS="Style_4" VPOS="2339" WIDTH="44" WC="0.81" CC="00" TAGREFS=""/>
            <SP HPOS="1317" ID="SP_616.9.5.18" VPOS="2340" WIDTH="11"/>
            <String CONTENT="able" HEIGHT="34" HPOS="1328" ID="ST_616.9.5.19" STYLEREFS="Style_4" VPOS="2340" WIDTH="79" WC="0.81" CC="0000" TAGREFS=""/>
            <SP HPOS="1407" ID="SP_616.9.5.20" VPOS="2345" WIDTH="10"/>
            <String CONTENT="to" HEIGHT="29" HPOS="1417" ID="ST_616.9.5.21" STYLEREFS="Style_4" VPOS="2345" WIDTH="36" WC="1.00" CC="00" TAGREFS=""/>
            <SP HPOS="1453" ID="SP_616.9.5.22" VPOS="2339" WIDTH="11"/>
            <String CONTENT="tell" HEIGHT="35" HPOS="1464" ID="ST_616.9.5.23" STYLEREFS="Style_4" VPOS="2339" WIDTH="60" WC="0.87" CC="0000" TAGREFS=""/>
          </TextLine>
          <TextLine HEIGHT="45" HPOS="434" ID="TL_616.9.6" VPOS="2388" WIDTH="1093">
            <String CONTENT="the" HEIGHT="34" HPOS="434" ID="ST_616.9.6.1" STYLEREFS="Style_4" VPOS="2389" WIDTH="59" WC="1.00" CC="000" TAGREFS=""/>
            <SP HPOS="493" ID="SP_616.9.6.2" VPOS="2389" WIDTH="12"/>
            <String CONTENT="trier" HEIGHT="35" HPOS="505" ID="ST_616.9.6.3" STYLEREFS="Style_4" VPOS="2389" WIDTH="82" WC="0.94" CC="00000" TAGREFS=""/>
            <SP HPOS="587" ID="SP_616.9.6.4" VPOS="2389" WIDTH="13"/>
            <String CONTENT="of" HEIGHT="35" HPOS="600" ID="ST_616.9.6.5" STYLEREFS="Style_4" VPOS="2389" WIDTH="40" WC="1.00" CC="00" TAGREFS=""/>
            <SP HPOS="640" ID="SP_616.9.6.6" VPOS="2389" WIDTH="8"/>
            <String CONTENT="fact" HEIGHT="34" HPOS="648" ID="ST_616.9.6.7" STYLEREFS="Style_4" VPOS="2389" WIDTH="73" WC="1.00" CC="0000" TAGREFS=""/>
            <SP HPOS="721" ID="SP_616.9.6.8" VPOS="2389" WIDTH="13"/>
            <String CONTENT="something" HEIGHT="43" HPOS="734" ID="ST_616.9.6.9" STYLEREFS="Style_4" VPOS="2389" WIDTH="194" WC="0.91" CC="000000000" TAGREFS=""/>
            <SP HPOS="928" ID="SP_616.9.6.10" VPOS="2389" WIDTH="14"/>
            <String CONTENT="about" HEIGHT="35" HPOS="942" ID="ST_616.9.6.11" STYLEREFS="Style_4" VPOS="2389" WIDTH="107" WC="0.89" CC="00000" TAGREFS=""/>
            <SP HPOS="1049" ID="SP_616.9.6.12" VPOS="2389" WIDTH="12"/>
            <String CONTENT="the" HEIGHT="34" HPOS="1061" ID="ST_616.9.6.13" STYLEREFS="Style_4" VPOS="2389" WIDTH="59" WC="0.69" CC="000" TAGREFS=""/>
            <SP HPOS="1120" ID="SP_616.9.6.14" VPOS="2389" WIDTH="12"/>
            <String CONTENT="crime," HEIGHT="41" HPOS="1132" ID="ST_616.9.6.15" STYLEREFS="Style_4" VPOS="2389" WIDTH="118" WC="0.77" CC="000000" TAGREFS=""/>
            <SP HPOS="1250" ID="SP_616.9.6.16" VPOS="2389" WIDTH="15"/>
            <String CONTENT="but" HEIGHT="34" HPOS="1265" ID="ST_616.9.6.17" STYLEREFS="Style_4" VPOS="2389" WIDTH="61" WC="1.00" CC="000" TAGREFS=""/>
            <SP HPOS="1326" ID="SP_616.9.6.18" VPOS="2400" WIDTH="12"/>
            <String CONTENT="may" HEIGHT="33" HPOS="1338" ID="ST_616.9.6.19" STYLEREFS="Style_4" VPOS="2400" WIDTH="81" WC="0.91" CC="000" TAGREFS=""/>
            <SP HPOS="1419" ID="SP_616.9.6.20" VPOS="2389" WIDTH="14"/>
            <String CONTENT="be" HEIGHT="34" HPOS="1433" ID="ST_616.9.6.21" STYLEREFS="Style_4" VPOS="2389" WIDTH="42" WC="0.72" CC="00" TAGREFS=""/>
            <SP HPOS="1475" ID="SP_616.9.6.22" VPOS="2388" WIDTH="12"/>
            <String CONTENT="of" HEIGHT="35" HPOS="1487" ID="ST_616.9.6.23" STYLEREFS="Style_4" VPOS="2388" WIDTH="40" WC="1.00" CC="00" TAGREFS=""/>
          </TextLine>
        </TextBlock>
      </PrintSpace>
    </Page>
  </Layout>
</alto>
