1632 2696
114 408 73 34 also
204 408 35 35 in
255 408 60 33 the
331 407 230 44 penitentiary
577 406 68 35 and
662 406 82 35 does
761 411 59 29 not
835 406 196 34 contribute
1046 411 36 29 to
1098 405 61 35 her
1175 409 152 40 support.

115 457 71 35 She
196 457 28 35 is
235 457 51 35 six
296 468 98 33 years
404 456 39 35 of
450 467 65 33 age
525 456 69 35 and
604 457 63 34 has
677 456 87 35 been
775 456 34 34 in
819 467 20 24 a
850 455 107 35 foster
967 456 103 34 home
1079 455 54 34 for
1143 455 46 34 all
1199 454 63 35 but
1270 459 59 32 ten

115 508 140 35 months
275 507 40 34 of
331 507 61 34 her
412 506 70 35 life.

1262 264 63 33 113

207 593 76 35 The
294 593 178 44 dynamics
485 593 39 34 of
533 593 60 35 the
605 592 122 44 family
739 592 60 35 life
811 592 112 34 which
935 591 55 35 led
1003 597 35 29 to
1050 591 69 35 this
1131 602 79 25 case
1222 602 59 23 are
1292 601 38 24 as

117 643 143 36 follows.
278 644 39 34 In
332 643 152 35 October
503 644 100 39 1977,
619 642 116 35 Social
750 642 155 35 Services
920 641 155 35 received
1091 652 20 24 a
1126 646 114 39 report
1254 640 77 35 that

117 694 178 43 appellant
309 693 68 34 and
390 693 65 34 five
468 693 99 34 other
580 692 156 35 children
749 703 90 23 were
851 692 165 34 destitute
1029 691 69 35 and
1112 692 100 34 alone
1225 691 34 35 in
1273 690 59 35 the

118 744 104 34 home
232 743 39 34 of
279 743 204 44 appellant’s
494 743 147 34 mother.
653 743 104 43 Upon
768 742 254 43 investigating,
1034 752 20 24 a
1065 740 267 45 representative

118 793 40 35 of
170 793 60 35 the
244 803 132 33 agency
391 792 107 35 found
514 792 188 44 appellant,
718 792 82 35 then
815 792 160 40 thirteen,
990 791 84 34 with
1089 791 61 35 her
1164 790 167 41 brothers,

119 844 128 40 sisters,
265 842 68 35 and
350 843 60 34 her
426 853 75 24 own
519 853 65 24 one
600 853 82 33 year
698 842 56 34 old
771 841 103 41 child,
891 841 133 41 Tichia,
1041 841 35 34 in
1093 841 60 34 her
1169 840 164 35 mother’s

120 893 108 34 house
237 893 145 34 without
391 903 72 32 gas,
473 898 118 35 water,
601 903 39 23 or
649 891 93 35 food.
752 893 49 33 At
811 891 58 35 the
878 891 95 41 time,
984 891 205 44 appellant’s
1199 890 135 37 mother

120 954 70 23 was
207 942 246 36 incarcerated.
471 943 119 33 Foster
606 942 196 44 placement
816 952 70 24 was
901 940 156 41 ordered,
1073 940 73 41 but,
1161 940 99 34 when
1276 940 59 36 the

121 993 136 34 mother
280 1003 70 23 was
373 992 153 34 released
549 992 92 34 from
659 991 75 43 jail,
758 991 176 44 appellant
957 990 68 35 and
1048 990 61 35 her
1131 989 93 35 child
1246 1000 89 27 were

122 1042 163 35 returned
305 1047 36 29 to
361 1041 205 44 appellant’s
587 1041 146 35 mother.
755 1041 39 34 In
816 1040 187 44 February,
1028 1041 99 40 1978,
1148 1039 186 45 appellant,

122 1092 83 34 then
215 1091 169 41 fourteen,
394 1091 68 35 and
472 1091 61 34 her
542 1090 93 35 child
645 1102 89 23 were
743 1090 144 35 ordered
896 1089 122 45 placed
1028 1090 35 34 in
1072 1089 107 35 foster
1187 1100 90 25 care.
1286 1090 49 34 At

122 1142 78 35 that
217 1142 95 40 time,
330 1141 26 35 it
372 1152 69 24 was
460 1141 140 35 learned
617 1141 77 34 that
711 1140 176 45 appellant
904 1140 69 35 and
989 1139 123 35 Tichia
1129 1139 83 35 both
1229 1138 69 36 had
1315 1150 21 24 a

123 1192 106 34 social
242 1191 144 41 disease,
399 1191 68 35 and
479 1191 78 34 that
569 1191 177 44 appellant
758 1201 69 24 was
840 1190 102 43 again
955 1195 180 39 pregnant.
1148 1189 189 45 Appellant

122 1252 71 24 was
203 1241 123 44 placed
335 1241 34 34 in
378 1241 59 35 the
446 1241 165 34 Florence
620 1240 205 35 Crittenden
836 1241 115 33 Home
959 1240 54 34 for
1022 1239 134 35 Unwed
1166 1239 169 35 Mothers.

123 1292 72 34 She
204 1302 83 24 soon
297 1302 62 23 ran
369 1302 97 32 away
476 1291 91 35 from
576 1291 60 34 the
645 1291 113 34 home.
768 1290 140 43 Shortly
917 1289 201 41 thereafter,
1128 1290 61 34 she
1198 1288 140 36 entered

123 1341 61 35 the
200 1341 198 43 University
415 1341 156 34 Medical
588 1341 140 40 Center,
745 1340 114 34 where
875 1340 83 34 Visa
974 1350 71 24 was
1061 1339 97 35 born.
1175 1340 74 33 Her
1265 1339 73 34 first

124 1391 105 40 child,
240 1391 133 40 Tichia,
383 1402 70 23 was
463 1391 84 34 then
557 1390 123 44 placed
691 1390 34 35 in
736 1401 65 24 one
811 1389 106 35 foster
927 1389 114 41 home,
1052 1389 101 34 while
1163 1388 176 45 appellant

124 1441 70 35 and
211 1441 84 34 Visa
311 1451 89 24 were
415 1440 122 44 placed
554 1440 35 34 in
605 1440 156 34 another.
778 1439 189 44 Appellant
982 1439 83 34 took
1080 1439 61 34 her
1157 1450 74 23 new
1247 1438 92 43 baby

125 1490 69 35 and
208 1502 62 23 ran
283 1501 108 33 away.
405 1490 74 35 The
491 1490 93 44 baby
596 1501 71 23 was
679 1490 88 34 later
780 1489 135 35 located
928 1489 69 36 and
1009 1488 163 35 returned
1184 1494 36 29 to
1233 1488 106 37 foster

125 1551 91 25 care.

217 1627 199 44 Appellant,
432 1626 77 35 who
523 1626 46 44 by
584 1626 68 35 this
667 1626 86 34 time
766 1636 70 24 was
855 1626 41 34 14
911 1636 99 33 years
1025 1625 68 41 old,
1109 1625 111 43 began
1235 1624 104 44 living

125 1677 84 35 with
226 1688 20 23 a
265 1678 41 33 33
325 1688 82 32 year
423 1676 56 35 old
496 1687 83 24 man
595 1676 46 43 by
657 1676 115 34 whom
788 1676 60 34 she
864 1686 83 24 soon
964 1675 70 35 had
1050 1675 61 34 her
1127 1674 93 35 third
1235 1674 104 41 child,

127 1727 107 42 Mary
253 1727 92 33 Ann.

218 1812 75 33 The
305 1811 161 34 evidence
477 1811 113 34 which
602 1811 252 34 demonstrates
866 1810 59 34 the
937 1810 159 43 inability
1107 1809 39 35 of
1155 1809 59 35 the
1225 1809 114 44 appel-

127 1861 75 36 lant
211 1866 36 29 to
256 1866 92 30 meet
358 1861 59 34 the
426 1860 104 35 needs
540 1860 40 35 of
586 1860 60 35 the
655 1860 155 36 children
820 1860 27 34 is
857 1859 234 36 summarized
1101 1870 38 24 as
1148 1859 142 35 follows.
1301 1859 40 35 In

132 1912 101 40 1980,
245 1911 116 35 Social
373 1911 154 34 Services
540 1910 194 44 attempted
746 1915 35 30 to
793 1910 158 35 stabilize
961 1910 60 34 the
1033 1909 122 44 family
1167 1909 174 35 situation.

129 1961 158 43 Custody
297 1960 40 35 of
344 1961 59 36 the
412 1966 68 29 two
490 1960 96 35 older
596 1960 156 35 children
762 1971 70 23 was
843 1959 162 35 returned
1016 1960 36 34 to
1062 1959 187 44 appellant,
1260 1958 83 35 with

128 2011 61 34 the
212 2021 132 33 agency
368 2010 171 43 retaining
562 2010 216 44 supervisory
802 2009 154 44 custody.
981 2010 50 33 At
1054 2009 77 34 that
1154 2008 106 44 point,
1284 2008 59 34 the

129 2061 178 45 appellant
336 2060 68 35 had
433 2065 60 30 not
522 2060 66 35 lost
616 2059 145 45 custody
789 2059 39 36 of
853 2059 60 35 the
941 2064 169 39 youngest
1138 2058 102 35 child.
1269 2058 75 36 The

129 2116 246 38 arrangement
384 2121 82 24 soon
476 2121 87 33 gave
571 2110 60 34 the
639 2110 195 44 employees
843 2109 39 35 of
888 2109 116 35 Social
1013 2109 156 34 Services
1178 2119 104 24 cause
1290 2108 54 34 for

130 2161 262 44 apprehension.
420 2160 78 36 One
522 2160 162 40 testified,
710 2160 98 34 “The
832 2159 165 43 on-going
1023 2158 113 44 safety
1161 2158 39 35 of
1222 2168 123 34 proper

130 2211 213 43 supervision
354 2221 70 23 was
436 2210 39 34 of
483 2215 99 38 great
594 2220 147 24 concern
753 2215 36 28 to
801 2220 66 23 me.
879 2210 60 33 No
951 2214 145 29 amount
1107 2208 39 34 of
1155 2208 190 34 discussion

130 2260 84 34 with
236 2260 181 34 Ernestine
443 2259 219 44 [appellant’s
684 2258 149 43 mother]
859 2269 38 24 or
919 2259 94 34 Irma
1039 2257 203 45 [appellant]
1268 2268 76 33 pro-

130 2310 113 34 duced
253 2321 68 32 any
329 2310 72 34 real
409 2310 151 42 changes
569 2309 54 35 for
631 2309 60 34 the
699 2309 146 34 better.”
854 2308 75 35 The
938 2319 132 32 agency
1078 2307 268 44 representative

131 2359 181 35 described
332 2370 95 24 some
446 2359 39 34 of
501 2359 60 35 the
580 2369 121 24 causes
721 2358 54 35 for
795 2369 157 24 concern:
973 2358 72 34 She
1063 2357 70 35 had
1152 2356 193 45 purchased

131 2409 114 43 safety
255 2415 97 37 gates
362 2409 53 34 for
424 2409 60 34 the
493 2409 139 34 kitchen
642 2408 69 35 and
721 2408 178 34 stairwells
909 2408 94 34 since
1011 2408 99 33 there
1118 2418 90 23 were
1216 2406 130 35 several
