1648 2688
299 250 66 33 362

387 1313 97 35 Brad
513 1315 31 33 J.
578 1315 150 32 Beavers
760 1313 68 34 and
865 1314 46 33 W.
945 1313 118 34 Frank
1095 1312 194 44 Morledge,
1323 1314 94 38 P.A.,
1451 1312 54 34 for

297 1363 185 42 appellant.

386 1437 104 34 Steve
508 1437 119 40 Clark,
645 1437 99 43 Att’y
760 1437 100 40 Gen.,
879 1436 54 44 by:
951 1436 81 34 Joel
1049 1437 38 33 O.
1106 1438 172 41 Huggins,
1295 1437 93 33 Asst.
1406 1436 99 43 Att’y

296 1487 100 40 Gen.,
418 1486 53 34 for
491 1486 164 44 appellee.

387 1561 139 35 Steele
538 1563 113 39 Hays,
663 1561 140 35 Justice.

816 1561 56 34 On
883 1561 59 35 the
952 1561 143 43 evening
1106 1560 39 35 of
1153 1560 135 44 Friday,
1300 1561 138 42 August
1452 1562 52 39 12,

301 1612 98 40 1983,
413 1611 59 34 the
484 1611 91 34 nude
587 1611 90 43 body
689 1611 39 34 of
738 1611 110 34 Linda
862 1611 114 34 Cruce
987 1622 69 23 was
1069 1610 108 35 found
1190 1611 34 33 in
1237 1621 20 23 a
1270 1611 93 34 rural
1376 1621 80 23 area
1469 1610 40 34 of

296 1661 51 34 St.
367 1661 139 34 Francis
524 1661 148 43 County.
691 1660 74 35 The
781 1660 148 35 sheriff’s
946 1661 99 33 office
1061 1660 112 43 began
1191 1671 44 23 an
1252 1660 251 43 investigation,

296 1710 178 43 obtaining
493 1710 223 34 information
734 1710 76 34 that
829 1710 59 34 the
906 1710 186 44 appellant,
1112 1710 70 35 Jim
1201 1710 101 34 Duke
1320 1709 183 41 Roderick,

296 1759 69 35 had
380 1760 85 34 been
480 1771 79 23 seen
574 1759 81 35 with
671 1759 111 36 Linda
797 1760 114 34 Cruce
925 1759 130 35 several
1069 1759 101 35 times
1185 1759 137 43 leading
1336 1770 46 33 up
1396 1764 35 30 to
1445 1759 60 34 the

295 1810 176 44 discovery
491 1809 39 35 of
547 1810 58 34 the
625 1809 100 44 body.

386 1886 56 34 On
461 1886 157 44 Monday
636 1886 154 44 evening,
809 1887 138 43 August
969 1887 52 40 15,
1040 1886 126 44 having
1183 1886 107 35 heard
1308 1886 59 35 the
1384 1886 123 35 sheriff

294 1936 136 34 wanted
449 1941 35 29 to
502 1937 73 33 talk
592 1941 36 30 to
646 1936 83 41 him,
749 1936 173 35 Roderick
939 1947 100 23 came
1056 1941 36 29 to
1110 1936 59 34 the
1186 1936 147 34 sheriff’s
1351 1936 99 34 office
1467 1941 37 29 at

295 1986 106 34 about
422 1987 79 33 7:00
521 1986 131 34 o’clock
670 1986 114 34 where
804 1986 43 34 he
866 1997 70 23 was
956 1986 164 40 arrested,
1140 1986 99 42 given
1259 1986 59 34 the
1337 1985 166 35 Miranda

295 2035 170 43 warnings
484 2035 68 34 and
570 2035 122 43 placed
710 2035 35 34 in
763 2046 20 23 a
798 2035 63 43 jail
879 2035 75 34 cell.
973 2035 192 35 Sometime
1182 2035 132 34 around
1332 2035 172 43 midnight

295 2084 173 35 Roderick
493 2090 76 29 sent
595 2084 93 35 word
714 2085 76 34 that
817 2085 43 34 he
885 2084 137 35 wanted
1048 2089 35 30 to
1110 2085 73 34 talk
1208 2084 68 35 and
1303 2084 43 35 he
1371 2095 86 32 gave
1482 2095 20 24 a

295 2139 186 30 statement
493 2134 111 35 which
617 2134 199 44 implicated
829 2135 72 34 him
914 2135 34 34 in
961 2135 59 34 the
1032 2134 149 35 murder.
1196 2136 55 32 He
1263 2134 74 35 said
1349 2134 99 34 when
1460 2134 43 34 he

295 2183 68 35 and
374 2184 111 34 Linda
496 2184 62 34 left
568 2184 59 34 the
637 2184 206 34 Razorback
852 2195 44 23 on
906 2184 182 43 Thursday
1099 2184 142 42 evening
1252 2184 60 34 she
1322 2183 135 35 wanted
1468 2189 35 29 to

294 2244 44 32 go
350 2238 35 30 to
398 2234 59 33 the
469 2234 129 42 Legion
612 2233 103 41 Club;
727 2233 99 34 when
839 2233 44 34 he
894 2233 73 35 told
979 2233 61 34 her
1052 2233 44 34 he
1108 2233 110 34 didn’t
1230 2233 87 34 have
1329 2244 67 32 any
1408 2244 95 23 more

294 2294 125 32 money
435 2283 60 34 she
511 2282 110 35 called
638 2283 73 34 him
727 2294 20 24 a
764 2283 67 34 “no
847 2282 89 44 good
953 2283 118 35 bum.”
1089 2284 56 33 He
1160 2282 75 35 said
1251 2283 44 34 he
1310 2283 117 34 struck
1442 2282 61 35 her

294 2333 82 34 with
391 2333 59 34 the
464 2333 76 34 heel
554 2332 39 35 of
604 2333 52 34 his
672 2332 92 35 hand
778 2343 44 24 on
838 2333 60 34 her
912 2333 87 34 neck
1014 2332 68 35 and
1096 2333 61 34 she
1171 2332 157 44 slumped
1342 2343 89 24 over.
1448 2333 56 34 He

294 2382 104 34 drove
413 2387 35 30 to
464 2393 20 24 a
500 2382 161 35 secluded
677 2388 86 38 spot,
780 2382 160 35 removed
956 2382 61 35 her
1032 2382 130 34 clothes
1178 2382 69 34 and
1263 2382 68 34 had
1347 2393 59 23 sex
1421 2382 82 34 with
