1648 2680
521 410 42 33 he
577 409 29 34 is
621 409 33 33 in
670 409 127 33 breach
812 408 39 34 of
863 419 84 32 your
962 412 157 30 contract
1133 407 68 34 and
1216 418 67 32 you
1298 407 87 34 have
1399 412 58 37 got
1472 417 44 23 an

521 458 213 43 assignment
754 458 90 34 from
866 457 139 44 Crystal
1026 457 69 34 and
1116 457 59 34 the
1195 456 75 34 well
1292 456 27 34 is
1340 456 34 34 in
1400 455 112 44 [your]

521 517 113 32 name,
644 508 82 34 then
736 518 66 33 you
808 507 73 44 just
889 512 58 39 get
956 518 20 24 a
986 506 136 35 freefall
1131 506 35 35 in
1175 506 68 35 this
1252 506 110 34 whole
1371 506 108 43 thing,
1489 505 27 35 is

521 559 76 34 that
604 558 94 44 just?
713 559 32 34 Is
756 558 76 35 that
843 557 88 35 fair?
946 558 64 34 For
1021 568 67 33 you
1099 562 36 29 to
1145 562 57 38 get
1213 556 195 43 something
1418 556 98 34 when

521 619 67 33 you
608 609 88 34 have
715 613 59 38 got
794 608 143 43 nothing
958 608 34 34 in
1013 607 26 35 it
1059 612 122 39 except
1201 618 44 23 an
1266 607 233 43 assignment?

306 270 65 34 538

430 685 112 33 Dews:
592 685 14 33 I
627 683 113 35 would
761 695 60 32 say
842 683 29 35 if
889 684 15 34 I
925 694 58 24 am
1003 682 81 45 paid
1105 683 15 34 I
1141 682 67 35 feel
1228 682 78 34 like.
1334 710 6 6 .
1369 709 6 7 .

429 759 43 42 Q:
521 758 92 34 That
633 758 27 34 is
681 763 60 29 not
761 769 58 32 my
839 758 168 43 question.

431 833 111 33 Dews:
591 833 59 33 No
670 832 56 40 sir,
748 832 76 34 that
844 831 28 34 is
892 836 60 29 not
972 831 77 34 fair.

396 906 75 35 The
479 906 155 44 appellee
643 905 209 44 companies,
862 905 35 34 in
906 904 89 44 good
1004 904 100 41 faith,
1114 904 197 44 performed
1320 904 145 34 services
1474 914 44 23 on

306 956 59 35 the
378 956 86 34 well.
479 957 50 33 As
543 956 59 34 the
615 966 114 24 owner
743 955 39 34 of
792 955 59 34 the
865 954 162 44 majority
1040 954 39 34 of
1089 954 59 34 the
1161 954 153 43 working
1329 954 141 34 interest
1483 953 35 34 in

306 1007 59 33 the
381 1006 190 44 producing
587 1005 87 41 well,
692 1006 101 33 Dews
810 1005 62 34 has
889 1004 165 44 accepted
1071 1003 68 36 and
1156 1003 84 35 used
1256 1004 89 34 their
1362 1003 155 35 services.

306 1056 74 34 The
400 1056 209 43 companies,
631 1055 172 34 therefore
823 1066 81 32 may
924 1065 137 24 recover
1081 1054 92 34 from
1192 1054 83 34 him.

453 1139 44 33 II.
518 1138 292 35 STATUTORY
823 1139 102 33 AND
944 1137 270 43 EQUITABLE
1233 1136 142 34 LIENS

398 1214 74 34 The
493 1213 196 35 chancellor
710 1212 155 45 imposed
887 1217 172 38 statutory
1080 1211 85 35 liens
1187 1216 168 39 pursuant
1376 1216 36 29 to
1432 1211 86 34 Ark.

307 1264 89 35 Stat.
409 1265 91 33 Ann.
515 1264 17 42 §
539 1264 17 42 §
570 1265 39 33 51
616 1264 85 34 -701
701 1264 47 34 —
748 1264 133 34 51-714
894 1262 116 44 (Repl.
1027 1261 104 44 1971)
1145 1261 53 35 for
1209 1261 46 35 all
1266 1261 62 35 but
1339 1271 65 25 one
1414 1260 39 36 of
1461 1261 59 34 the

307 1314 193 34 claimants.
518 1314 74 34 The
608 1318 98 30 court
723 1312 107 35 found
847 1313 76 34 that
939 1312 98 35 those
1052 1312 184 34 claimants
1252 1311 80 35 filed
1349 1311 170 34 affidavits

308 1363 53 34 for
373 1364 67 33 lien
452 1374 38 23 as
503 1363 158 43 required
674 1363 44 43 by
730 1363 179 33 Arkansas
920 1362 65 34 law
997 1361 119 34 within
1129 1361 59 34 the
1199 1361 85 34 time
1295 1361 69 34 and
1376 1371 144 24 manner

308 1412 158 44 required
483 1413 45 42 by
544 1412 76 40 law,
637 1412 207 43 adequately
860 1411 195 42 describing
1071 1411 59 34 the
1146 1410 93 41 land,
1256 1410 68 34 and
1341 1410 178 42 attaching

307 1467 204 29 statements
525 1461 39 34 of
575 1466 148 29 account
737 1466 35 28 to
786 1461 59 33 the
859 1461 95 33 liens.
971 1461 65 33 We
1049 1460 157 42 disagree
1220 1459 68 34 and
1302 1459 146 34 dissolve
1461 1459 60 34 the

308 1511 95 33 liens.

538 1584 179 35 Arkansas
733 1584 89 34 Stat.
841 1584 91 34 Ann.
953 1583 17 43 §
991 1584 161 33 51-608.1
1175 1582 123 44 (Supp.
1321 1581 104 44 1985)
1444 1593 75 33 pro­

307 1634 94 35 vides
415 1634 76 35 that
505 1645 44 23 no
562 1634 68 34 lien
643 1645 82 32 may
738 1634 43 34 be
794 1633 164 44 acquired
972 1633 109 34 under
1095 1633 59 34 the
1167 1632 195 44 applicable
1374 1637 146 29 statutes

308 1684 114 35 unless
437 1684 59 35 the
511 1695 114 23 owner
640 1694 38 24 or
693 1684 53 34 his
761 1683 203 35 authorized
980 1688 104 38 agent
1098 1682 63 35 has
1177 1682 155 34 received
1347 1693 21 23 a
1383 1692 87 33 copy
1484 1681 39 34 of

308 1734 113 34 notice
440 1734 40 34 of
496 1745 44 23 an
561 1734 109 34 intent
690 1739 35 29 to
745 1733 56 34 file
821 1744 20 24 a
861 1733 68 34 lien
949 1733 91 44 prior
1060 1737 35 30 to
1115 1732 59 35 the
1193 1732 195 43 furnishing
1407 1731 39 35 of
1462 1731 59 34 the

308 1784 170 34 material.
489 1784 59 34 All
558 1784 59 34 the
626 1783 184 34 claimants
820 1782 201 35 contracted
1031 1782 146 43 directly
1186 1782 83 34 with
1280 1782 153 43 Massey,
1444 1781 76 34 who

308 1844 69 24 was
389 1833 133 34 neither
534 1844 44 23 an
589 1844 114 23 owner
714 1832 39 35 of
761 1833 59 34 the
830 1831 186 41 leasehold,
1028 1842 61 24 nor
1100 1842 45 24 an
1156 1831 203 35 authorized
1371 1835 103 39 agent
1484 1830 40 35 of

308 1883 59 34 the
379 1894 124 23 owner.
516 1884 48 33 At
577 1883 45 34 all
634 1882 101 35 times
747 1882 101 34 while
859 1882 95 34 work
964 1892 70 24 was
1046 1881 102 43 being
1160 1880 208 45 performed,
1382 1880 138 43 Crystal

308 1944 70 23 was
399 1933 60 34 the
479 1943 114 24 owner
615 1932 39 35 of
672 1932 59 34 the
752 1931 185 35 leasehold.
960 1932 59 33 No
1040 1931 114 34 notice
1175 1941 69 24 was
1266 1941 78 24 ever
1365 1930 99 43 given
1485 1935 35 29 to

309 1983 139 43 Crystal
460 1993 38 24 or
510 1987 35 30 to
558 1982 168 44 Crystal’s
738 1981 203 35 authorized
953 1986 115 38 agent,
1081 1982 113 33 Dews.
1207 1980 76 35 Our
1295 1980 68 35 lien
1375 1985 145 29 statutes

309 2043 59 24 are
384 2032 132 43 strictly
532 2031 184 35 construed
733 2032 93 34 since
842 2031 82 44 they
939 2031 140 44 provide
1095 2042 45 23 an
1156 2030 261 43 extraordinary
1433 2040 87 24 rem­

309 2082 75 43 edy.
406 2082 121 43 Valley
542 2081 117 35 Metal
678 2081 132 39 Works,
827 2082 70 33 Inc.
914 2092 31 23 v.
960 2081 87 34 A.O.
1064 2079 272 40 Smith-Inland,
1354 2081 81 39 Inc.,
1452 2080 68 33 264

309 2132 84 34 Ark.
409 2133 78 39 341,
502 2132 67 34 572
581 2131 143 34 S.W.2d
741 2132 62 33 138
820 2130 137 44 (1978).
970 2130 75 34 The
1056 2130 97 41 liens,
1165 2129 184 41 therefore,
1361 2140 89 23 were
1462 2134 59 29 not

309 2182 159 43 properly
488 2181 187 44 perfected.

399 2256 75 34 The
487 2255 175 44 equitable
675 2255 85 34 liens
773 2265 92 34 upon
879 2255 45 34 all
938 2254 103 35 funds
1055 2254 80 34 held
1148 2254 45 43 by
1206 2265 68 32 any
1286 2253 187 44 purchaser
1486 2252 39 35 of

309 2306 59 34 the
381 2306 45 34 oil
440 2316 38 24 or
492 2316 61 32 gas
568 2304 174 45 produced
756 2304 91 35 from
861 2304 59 35 the
933 2304 76 35 well
1023 2304 73 34 also
1110 2308 93 30 must
1216 2303 72 34 fail.
1303 2304 50 33 At
1366 2303 59 34 the
1438 2303 84 34 time

309 2356 59 34 the
380 2356 95 34 work
487 2366 70 24 was
570 2354 197 45 performed
780 2355 45 43 by
838 2354 59 35 the
909 2354 195 41 claimants,
1118 2354 102 34 Dews
1233 2352 59 35 did
1306 2358 59 29 not
1378 2352 87 35 have
1477 2363 44 24 an

310 2406 141 33 interest
470 2405 34 34 in
523 2405 59 34 the
602 2404 204 44 production
825 2404 91 34 from
934 2404 60 34 the
1011 2404 87 34 well.
1118 2404 90 34 Now
1228 2403 76 34 that
1322 2403 60 34 the
1399 2402 76 35 well
1494 2402 27 34 is
