1676 2704
1295 281 65 33 313

240 422 172 33 Pursuant
434 427 34 28 to
489 420 138 35 Anders
647 432 31 23 v.
703 420 208 44 California,
936 421 66 34 386
1025 421 84 34 U.S.
1133 421 66 34 738
1225 420 137 43 (1967),

148 471 206 43 appellant’s
370 471 138 34 counsel
525 470 62 35 has
603 470 80 35 filed
699 482 20 23 a
735 470 131 35 motion
881 476 36 29 to
933 471 43 34 be
991 471 147 34 relieved
1154 470 69 35 and
1238 482 20 23 a
1275 471 92 34 brief

148 521 130 43 stating
292 520 97 34 there
402 521 27 34 is
443 532 44 23 no
500 520 102 35 merit
616 525 36 30 to
665 521 59 34 the
737 521 134 43 appeal.
885 520 191 45 Appellant
1089 532 69 23 was
1172 520 141 35 notified
1327 521 39 34 of

149 570 53 34 his
219 571 93 43 right
328 575 36 29 to
380 570 57 35 file
453 582 20 23 a
487 581 68 33 pro
571 581 38 24 se
625 570 93 35 brief
731 570 120 34 within
869 572 44 33 30
931 569 96 44 days.
1043 571 69 34 See
1128 570 107 35 Rules
1252 570 38 35 of
1304 571 60 34 the

149 620 172 44 Supreme
338 620 109 35 Court
464 619 69 36 and
550 620 111 34 Court
678 620 40 35 of
731 620 163 44 Appeals.
914 620 91 35 Rule
1025 622 36 32 11
1085 620 68 43 (h),
1170 620 85 34 Ark.
1273 621 89 34 Stat.

149 671 92 33 Ann.
261 670 76 34 Vol.
358 671 55 33 3A
432 670 123 44 (Supp.
579 669 117 44 1985).
717 671 56 34 He
790 670 58 34 did
866 676 59 29 not
943 670 57 35 file
1017 681 21 24 a
1056 670 99 35 brief.
1173 670 75 35 The
1265 671 100 34 State

149 730 145 25 concurs
315 720 76 34 that
411 720 58 35 the
489 720 125 44 appeal
634 720 63 35 has
718 730 43 25 no
782 720 111 35 merit.

242 798 40 33 In
295 796 53 35 his
361 797 91 34 Rule
466 799 41 33 37
524 797 156 43 petition,
694 797 112 34 which
819 797 192 35 concerned
1024 797 53 35 his
1087 798 81 43 jury
1181 797 79 35 trial
1273 798 91 43 only,

150 847 177 43 appellant
343 847 124 43 sought
482 846 102 36 relief
595 857 44 24 on
655 847 78 35 four
748 847 161 43 grounds:
928 846 53 44 (1)
1000 848 56 33 He
1070 858 70 24 was
1156 852 59 30 not
1230 847 99 43 given
1344 859 20 23 a

150 896 197 35 bifurcated
370 896 77 35 trial
470 908 38 23 as
530 896 160 44 required
712 897 45 43 by
779 897 59 34 the
859 897 158 35 habitual
1039 897 156 35 offender
1217 902 67 36 act;
1309 897 53 43 (2)

149 946 164 35 evidence
324 946 39 34 of
371 946 52 35 his
434 952 77 38 past
523 946 159 35 criminal
693 946 192 36 conviction
897 958 70 24 was
978 947 182 43 presented
1172 952 35 29 to
1218 947 59 35 the
1284 947 81 44 jury

149 1007 80 23 over
245 996 168 35 counsel’s
429 996 174 44 objection
618 997 92 43 prior
725 1001 36 30 to
777 997 59 34 the
847 997 110 44 jury’s
972 996 228 36 deliberation
1215 997 39 34 of
1267 998 98 42 guilt;

152 1046 54 42 (3)
222 1046 139 35 counsel
374 1046 106 35 failed
493 1052 36 29 to
541 1057 100 24 move
654 1046 53 35 for
720 1057 20 24 a
753 1046 153 35 directed
918 1046 143 42 verdict;
1074 1047 69 35 and
1158 1046 53 43 (4)
1226 1048 139 34 counsel

150 1095 108 35 failed
267 1102 36 29 to
312 1096 57 34 file
378 1107 19 23 a
408 1097 112 34 notice
529 1096 40 34 of
575 1097 124 43 appeal
708 1097 133 43 despite
850 1097 206 44 appellant’s
1065 1097 112 35 desire
1185 1102 36 29 to
1230 1098 133 43 appeal.

243 1174 154 34 Because
406 1174 59 34 the
474 1174 74 34 first
558 1174 98 34 three
665 1174 216 35 contentions
891 1185 90 24 were
989 1174 129 44 clearly
1128 1174 236 35 contradicted

149 1223 46 43 by
222 1224 61 34 the
309 1223 80 34 trial
416 1223 132 41 record,
577 1224 178 43 appellant
781 1224 106 34 relied
915 1230 36 29 at
978 1224 61 34 the
1065 1225 143 42 hearing
1236 1235 43 23 on
1306 1225 60 34 the

150 1273 217 35 contentions
380 1273 76 35 that
468 1274 52 34 his
534 1278 159 39 attorney
706 1284 69 24 was
788 1274 195 34 ineffective
996 1274 148 35 because
1156 1275 44 33 he
1211 1274 106 35 failed
1329 1280 36 29 to

150 1323 119 34 advise
278 1322 72 35 him
360 1323 39 34 of
406 1323 58 35 the
473 1333 107 33 range
589 1323 40 35 of
635 1329 178 29 sentences
823 1324 112 34 which
944 1324 103 34 could
1057 1324 43 34 be
1109 1324 155 44 imposed
1273 1335 92 33 upon

150 1372 194 36 conviction
365 1373 68 34 and
453 1372 107 36 failed
580 1378 36 29 to
636 1384 128 33 pursue
783 1384 45 24 an
848 1373 134 45 appeal.

383 1450 57 34 On
466 1450 136 44 appeal,
628 1462 52 23 we
706 1450 113 35 affirm
845 1451 59 34 the
930 1451 80 35 trial
1036 1452 128 34 court’s
1190 1451 114 35 denial
1330 1452 39 34 of

151 1500 271 43 postconviction
432 1499 101 36 relief
539 1500 115 34 unless
664 1501 26 34 it
700 1501 27 34 is
737 1500 127 44 clearly
873 1501 137 43 against
1019 1501 60 34 the
1087 1501 280 44 preponderance

150 1549 40 33 of
210 1549 60 34 the
292 1549 171 35 evidence.
487 1549 295 44 Knappenberger
802 1561 30 23 v.
855 1551 113 39 State,
993 1551 67 33 283
1084 1551 85 34 Ark.
1194 1552 79 39 210,
1298 1552 68 33 672

150 1598 145 34 S.W.2d
316 1599 44 33 54
381 1598 137 43 (1984).
540 1599 75 34 The
633 1599 80 34 trial
733 1600 126 33 court’s
879 1599 132 43 finding
1030 1600 40 33 of
1085 1605 225 39 competency
1329 1600 39 34 of

150 1648 140 34 counsel
311 1658 69 23 was
401 1653 59 29 not
480 1648 129 43 clearly
629 1649 136 42 against
785 1648 59 34 the
863 1648 281 44 preponderance
1163 1649 40 33 of
1219 1649 59 34 the
1298 1649 66 34 evi­

151 1696 119 35 dence.
292 1697 199 35 Ineffective
510 1697 190 35 assistance
718 1697 39 36 of
772 1699 140 34 counsel
931 1699 28 34 is
978 1699 183 34 evaluated
1180 1698 109 35 under
1307 1699 59 35 the

151 1746 167 36 standard
332 1747 206 36 enunciated
551 1748 35 34 in
598 1747 210 36 Strickland
817 1760 30 23 v.
866 1748 237 45 Washington,
1117 1749 68 35 466
1199 1749 83 35 U.S.
1298 1750 66 34 668

153 1797 138 44 (1984).
320 1798 38 34 In
383 1798 218 42 Strickland,
627 1799 60 35 the
711 1804 98 30 court
835 1799 79 35 held
940 1799 77 35 that
1042 1799 59 35 the
1126 1799 161 36 criterion
1312 1800 54 35 for

147 1848 148 44 judging
319 1859 20 24 a
362 1849 104 35 claim
488 1848 39 36 of
548 1849 159 35 effective
729 1849 189 36 assistance
940 1849 39 36 of
999 1851 140 34 counsel
1162 1850 27 35 is
1212 1850 153 36 whether

151 1899 170 34 counsel’s
339 1899 148 35 conduct
504 1910 37 24 so
559 1899 228 36 undermined
804 1900 59 35 the
880 1910 123 34 proper
1020 1900 217 44 functioning
1255 1900 39 35 of
1307 1901 59 35 the

151 1948 211 35 adversarial
382 1959 136 33 process
538 1949 77 35 that
635 1950 60 34 the
714 1950 176 43 appellant
909 1961 70 24 was
999 1950 200 43 prejudiced
1219 1950 69 35 and
1308 1951 59 34 the

151 1999 107 34 result
273 1998 40 35 of
324 1998 59 35 the
398 1998 207 44 proceeding
619 2010 70 24 was
705 1999 144 44 thereby
863 2000 168 34 rendered
1045 2000 201 35 unreliable.
1264 2001 102 34 From

151 2048 59 34 the
220 2048 90 35 facts
321 2048 34 34 in
365 2049 59 34 the
434 2048 131 42 record,
576 2060 51 23 we
637 2054 128 30 cannot
774 2060 61 33 say
845 2050 76 34 that
931 2050 206 43 appellant’s
1147 2050 139 35 counsel
1295 2061 70 24 was

150 2098 207 35 ineffective.

242 2175 190 44 Appellant
443 2175 194 35 contended
649 2176 44 34 he
704 2186 70 24 was
786 2176 55 34 led
853 2182 35 29 to
900 2176 131 35 believe
1041 2177 77 34 that
1130 2177 44 34 he
1184 2177 102 34 could
1298 2177 69 34 still

151 2230 123 38 accept
291 2225 59 33 the
366 2226 118 34 state’s
501 2225 87 35 offer
605 2225 40 35 of
659 2237 20 23 a
697 2226 77 44 plea
792 2226 144 43 bargain
953 2226 31 33 if
997 2226 60 34 the
1069 2226 81 44 jury
1166 2226 163 35 returned
1346 2238 20 23 a

151 2274 111 43 guilty
269 2274 132 34 verdict
409 2279 37 30 at
454 2275 60 34 the
522 2274 67 34 end
598 2274 39 35 of
642 2275 60 34 the
710 2276 74 33 first
793 2280 98 38 stage
899 2275 39 35 of
943 2275 53 35 his
1005 2275 197 35 bifurcated
1210 2275 90 35 trial.
1311 2277 57 33 He

152 2323 73 34 also
238 2323 135 42 alleged
384 2324 77 34 that
473 2324 44 34 he
528 2323 155 35 believed
696 2325 44 33 he
751 2324 113 34 would
877 2324 132 34 receive
1020 2330 68 28 two
1100 2329 159 39 separate
1271 2325 96 34 trials

151 2372 84 34 with
247 2377 160 39 separate
414 2373 119 42 juries,
546 2383 66 24 one
623 2378 35 29 to
670 2373 192 35 determine
873 2374 88 42 guilt
972 2373 69 34 and
1053 2384 66 23 one
1130 2379 35 29 to
1177 2373 191 35 determine

151 2422 234 43 punishment.
401 2423 56 33 He
469 2422 135 35 further
616 2422 194 35 contended
823 2423 77 34 that
912 2423 140 34 counsel
1065 2423 72 34 told
1150 2422 73 35 him
1236 2423 76 34 that
1325 2423 44 34 he
