1661 2696
129 410 196 43 completed
339 410 67 33 and
421 410 27 34 is
463 409 201 45 producing,
680 411 102 34 Dews
795 411 80 43 only
889 410 148 35 receives
1051 422 21 23 a
1086 415 206 39 percentage
1305 409 39 36 of

130 459 60 34 the
210 460 130 43 profits,
361 460 81 34 with
464 460 59 35 the
543 460 196 35 remainder
759 460 103 43 going
883 466 36 29 to
940 459 138 44 Crystal
1100 466 35 29 to
1155 460 122 44 satisfy
1298 460 42 35 its

130 508 143 35 interest
285 509 33 35 in
331 509 59 34 the
400 510 85 34 well.
497 510 52 34 To
560 509 100 35 allow
672 510 59 34 the
741 509 183 36 claimants
936 514 35 30 to
983 510 144 43 impress
1138 520 21 24 a
1170 510 68 34 lien
1248 520 93 34 upon

130 558 47 34 all
186 558 40 35 of
233 559 59 34 the
301 558 102 35 funds
412 559 113 34 would
535 559 53 40 be,
599 559 34 34 in
643 560 114 39 effect,
767 564 35 29 to
811 564 101 38 grant
922 559 96 34 them
1027 570 21 24 a
1057 564 135 38 greater
1201 559 141 35 interest

131 608 34 34 in
179 609 59 34 the
250 609 75 34 well
338 608 83 35 than
434 609 77 34 that
522 609 121 34 owned
656 609 45 44 by
713 609 112 35 Dews.
838 609 104 35 Since
954 620 20 23 a
986 609 150 35 creditor
1147 609 82 34 with
1241 620 21 23 a
1274 609 67 35 lien

131 668 92 33 upon
234 663 160 39 property
404 658 26 34 is
440 658 144 35 entitled
593 663 36 30 at
638 670 20 23 a
668 669 123 34 proper
799 659 84 34 time
892 664 35 30 to
936 658 88 35 have
1032 659 59 35 the
1100 664 160 39 property
1268 658 74 36 sold

131 708 70 34 and
213 708 60 34 the
286 708 162 44 proceeds
461 707 85 36 used
560 708 53 34 for
626 713 165 39 payment
802 708 40 35 of
851 709 59 34 the
922 708 94 41 debt,
1030 708 150 45 Crystal,
1193 709 149 44 through

133 768 44 24 no
187 758 89 35 fault
285 758 39 35 of
330 758 43 34 its
382 769 86 30 own,
478 758 223 44 conceivably
709 758 101 35 could
819 759 71 34 lose
898 759 43 34 its
950 758 93 43 right
1051 764 36 29 to
1096 758 118 44 profits
1223 758 90 35 from
1322 769 20 25 a

132 807 192 44 producing
344 808 86 41 well,
451 807 123 36 should
595 808 26 34 it
641 808 43 34 be
704 808 73 35 sold
797 813 35 30 to
852 808 122 44 satisfy
995 808 113 35 Dews’
1129 808 108 35 debts.

1272 269 67 35 539

343 895 253 41 Furthermore,
621 895 60 35 the
704 895 259 43 Crystal-Dews
988 900 200 38 agreement
1212 896 131 43 specifi­

133 945 91 43 cally
240 944 162 45 provided
419 945 76 35 that
510 946 103 34 Dews
629 944 113 36 would
758 945 80 34 hold
855 945 138 44 Crystal
1010 945 167 35 harmless
1193 945 90 35 from
1299 945 46 36 all

134 994 105 34 losses
257 995 68 34 and
342 994 119 35 claims
478 995 129 43 arising
624 1001 60 29 out
700 994 40 36 of
753 995 43 34 its
812 995 195 44 operations
1023 1006 45 24 on
1085 1006 67 33 any
1168 996 86 34 well.
1271 996 74 34 The

133 1044 145 44 validity
301 1044 40 35 of
361 1044 67 35 this
453 1050 200 38 agreement
677 1045 63 35 has
764 1050 59 29 not
847 1045 87 35 been
958 1045 214 44 challenged,
1197 1056 61 24 nor
1282 1046 62 34 has

134 1093 141 44 Crystal
287 1095 86 34 been
385 1094 102 35 made
499 1106 20 23 a
531 1099 101 39 party
643 1100 36 29 to
690 1094 68 35 this
770 1095 124 35 action.
908 1095 168 44 Crystal’s
1088 1096 142 34 interest
1241 1095 34 35 in
1286 1096 59 34 the

135 1144 88 41 well,
239 1143 183 42 therefore,
439 1144 27 35 is
482 1144 178 44 protected
675 1145 46 44 by
737 1144 43 35 its
795 1149 156 31 contract
966 1145 83 34 with
1065 1146 112 34 Dews.
1194 1145 151 35 Accord­

135 1194 105 43 ingly,
262 1205 51 24 we
333 1204 131 25 reverse
484 1195 59 34 the
563 1194 117 35 award
701 1194 39 35 of
757 1195 174 43 equitable
951 1194 95 35 liens.

436 1290 61 34 III.
519 1291 222 34 DEFAULT
756 1291 294 34 JUDGMENTS
1078 1319 4 4 .

229 1378 101 34 Dews
346 1377 80 34 filed
442 1388 20 24 a
478 1377 300 44 cross-complaint
793 1377 136 43 against
944 1382 68 30 two
1027 1377 40 35 of
1079 1378 59 38 the
1153 1377 193 41 claimants,

137 1426 117 34 Decca
282 1426 148 43 Drilling
458 1427 62 34 Co.
549 1426 69 35 and
645 1427 187 41 Tri-State,
860 1438 44 24 on
931 1427 100 44 April
1063 1429 52 40 14,
1148 1428 97 34 1983.
1273 1428 74 34 The

136 1476 199 44 companies
353 1487 88 24 were
458 1476 119 35 served
594 1487 44 24 on
655 1476 101 45 April
778 1478 40 33 14
836 1477 68 35 and
921 1477 100 44 April
1043 1479 52 40 19,
1114 1478 231 44 respectively.

137 1526 117 36 Decca
269 1526 175 36 answered
457 1538 44 24 on
516 1527 88 44 May
619 1528 161 41 23,1983
797 1527 60 44 (39
872 1527 86 45 days
971 1527 104 44 later)
1091 1527 68 36 and
1172 1528 177 35 Tri-State

137 1577 177 34 answered
338 1587 44 24 on
406 1578 154 42 January
588 1579 52 39 11,
670 1578 88 34 1984
784 1577 84 43 (266
892 1578 85 43 days
1002 1578 115 43 later).
1143 1578 101 34 Dews
1268 1577 80 36 filed

136 1627 150 34 motions
305 1632 35 29 to
359 1627 105 34 strike
482 1627 59 34 the
559 1638 150 23 answers
728 1627 68 34 and
815 1627 54 34 for
887 1626 134 36 default
1036 1627 201 44 judgments
1255 1628 94 34 since

136 1676 82 42 they
229 1687 89 23 were
330 1681 58 29 not
399 1676 79 34 filed
489 1676 120 34 within
622 1677 44 33 30
677 1676 85 44 days
773 1676 39 34 of
819 1677 138 34 service.
970 1677 85 33 Ark.
1068 1677 43 34 R.
1123 1676 75 34 Civ.
1210 1677 35 33 P.
1259 1677 90 34 Rule

140 1724 112 43 12(a).
263 1725 75 35 The
347 1725 79 34 trial
436 1731 99 29 court
544 1724 126 36 denied
679 1726 60 34 the
748 1726 148 34 motions
906 1725 129 44 stating
1044 1726 78 35 that
1131 1725 60 35 the
1200 1736 149 25 answers

137 1774 81 34 filed
232 1775 45 43 by
291 1775 59 35 the
363 1775 98 34 other
474 1775 185 35 claimants
673 1775 121 35 inured
808 1781 35 29 to
856 1776 90 34 their
959 1775 138 35 benefit.
1113 1777 101 33 Dews
1229 1776 120 35 claims

137 1824 44 35 he
197 1825 28 34 is
242 1825 143 35 entitled
402 1830 35 30 to
453 1836 20 24 a
489 1824 135 36 defaült
636 1825 185 44 judgment
837 1837 38 23 as
890 1831 37 29 to
942 1826 99 34 those
1056 1831 68 30 two
1140 1826 207 44 companies.

345 1912 75 35 The
436 1913 79 34 trial
532 1918 99 29 court
648 1924 70 23 was
736 1912 174 44 following
927 1913 60 35 the
1004 1913 111 35 Court
1131 1912 40 35 of
1184 1913 163 44 Appeals’

138 1961 153 35 decision
304 1962 35 35 in
350 1963 180 34 Firestone
546 1964 78 33 Tire
639 1964 31 33 &
685 1962 144 35 Rubber
842 1963 60 34 Co.
915 1974 31 23 v.
959 1962 117 42 Little,
1090 1964 67 34 269
1171 1963 84 35 Ark.
1270 1964 79 39 636,

139 2012 67 33 599
228 2011 143 35 S.W.2d
392 2013 67 33 756
482 2012 101 43 (Ark.
605 2013 91 43 App.
722 2012 103 42 1980)
848 2012 111 35 which
980 2012 80 34 held
1080 2013 76 34 that
1176 2023 21 24 a
1216 2012 134 35 default

133 2060 187 43 judgment
338 2061 122 34 should
479 2067 59 29 not
557 2061 43 34 be
618 2061 146 43 granted
783 2061 105 34 based
906 2072 44 24 on
969 2072 44 23 an
1032 2061 168 43 untimely
1218 2072 131 24 answer

137 2110 100 34 when
261 2121 44 23 an
328 2110 114 34 action
465 2110 28 34 is
516 2110 137 42 against
675 2111 130 34 several
827 2110 207 35 defendants
1053 2110 126 44 jointly
1201 2111 68 33 and
1291 2111 59 34 the

138 2158 143 36 defense
294 2160 195 43 interposed
503 2160 45 44 by
562 2170 45 24 an
620 2159 193 44 answering
826 2159 190 36 defendant
1029 2160 28 34 is
1071 2166 60 29 not
1144 2161 157 43 personal
1315 2166 36 29 to

138 2208 74 35 him
231 2210 62 34 but
312 2210 28 34 is
358 2220 160 25 common
537 2214 36 30 to
592 2210 143 35 himself
750 2210 68 34 and
837 2210 277 44 non-answering
1133 2209 216 36 defendants.

139 2260 106 40 Here,
261 2260 45 34 all
321 2259 39 35 of
371 2260 59 34 the
443 2260 184 35 claimants
642 2271 60 24 are
715 2260 140 43 seeking
869 2261 260 42 compensation
1144 2260 90 34 from
1248 2261 101 34 Dews

138 2308 54 34 for
201 2310 95 33 work
305 2309 195 44 performed
510 2320 45 24 on
564 2310 59 34 the
631 2320 97 24 same
736 2310 76 34 well
822 2310 68 34 and
900 2309 109 35 under
1018 2310 59 34 the
1086 2320 96 24 same
1190 2310 158 34 theories.

139 2359 58 33 An
209 2369 132 24 answer
353 2358 80 34 filed
444 2359 45 43 by
501 2369 65 24 one
577 2364 101 38 party
689 2358 113 35 would
814 2359 43 34 be
867 2369 161 24 common
1040 2364 36 29 to
1087 2359 46 34 all
1145 2359 127 43 parties
1284 2359 34 34 in
1330 2369 20 24 a

139 2407 133 35 similar
292 2407 157 44 position.
470 2408 75 34 The
564 2408 79 34 trial
664 2408 127 34 court’s
812 2408 112 43 ruling
944 2417 70 25 was
1034 2413 142 30 correct.
