1676 2700
128 385 145 35 without
294 396 19 24 a
335 386 151 43 hearing.

1270 247 67 34 639

219 460 180 35 Affirmed.

220 536 159 39 Purtle,
401 536 41 40 J.,
464 540 59 30 not
543 536 256 43 participating.

260 810 130 35 Fabian
412 810 237 36 COSTILLO
670 822 28 23 v.
720 810 89 35 John
830 811 250 41 GOODSON,
1101 812 112 42 Judge

131 884 65 34 CR
218 885 107 34 86-20

1021 888 67 33 707
1110 887 142 34 S.W.2d
1273 888 67 33 776

458 960 171 42 Supreme
650 960 110 35 Court
780 960 38 34 of
835 961 177 34 Arkansas

410 1009 152 43 Opinion
582 1009 172 35 delivered
774 1010 99 43 April
894 1011 55 40 28,
974 1011 88 34 1986

223 1665 199 43 Appellant,
440 1676 67 32 pro
526 1676 48 23 se.

223 1738 59 34 No
302 1738 92 35 brief
410 1738 80 35 filed
511 1738 45 44 by
576 1739 218 44 respondent.

223 1814 75 33 Per
314 1813 162 35 Curiam.

492 1813 188 36 Petitioner
694 1825 69 24 was
778 1814 177 36 convicted
970 1826 44 23 on
1028 1815 90 35 June
1132 1817 55 39 23,
1207 1816 82 34 1981
1308 1815 39 35 of

132 1863 212 43 aggravated
356 1863 145 44 robbery
512 1864 69 34 and
592 1865 185 34 sentenced
788 1870 35 29 to
835 1866 42 33 75
890 1876 99 33 years
1001 1865 271 44 imprisonment.
1284 1866 59 34 No

131 1913 125 42 appeal
274 1924 70 23 was
362 1913 113 34 taken.
495 1913 57 35 On
569 1915 90 33 June
680 1915 53 39 19,
755 1915 100 39 1984,
872 1915 183 43 petitioner
1072 1915 81 34 filed
1170 1915 35 33 in
1222 1915 122 34 circuit

132 1967 99 28 court
246 1972 20 23 a
277 1973 69 31 pro
359 1973 38 23 se
410 1963 144 41 petition
569 1968 169 37 pursuant
752 1968 36 29 to
803 1963 169 34 Criminal
987 1964 194 33 Procedure
1195 1964 90 34 Rule
1300 1965 42 32 37

131 2010 113 34 which
266 2010 28 34 is
315 2010 68 34 still
405 2011 149 43 pending
575 2011 133 44 despite
729 2012 59 34 the
808 2012 115 43 elapse
943 2012 40 34 of
1000 2013 125 33 almost
1146 2018 67 29 two
1234 2023 108 33 years.

131 2059 189 35 Petitioner
339 2060 62 34 has
420 2060 81 35 filed
520 2071 21 23 a
560 2060 146 44 petition
725 2061 54 35 for
797 2061 77 35 writ
893 2061 38 35 of
947 2061 209 36 mandamus
1174 2062 83 35 with
1277 2062 67 35 this

132 2109 122 42 Court,
268 2110 139 44 seeking
420 2121 44 24 an
477 2110 113 36 Order
603 2116 35 30 to
651 2111 134 45 compel
798 2112 58 35 the
868 2112 123 35 circuit
999 2112 108 44 judge
1119 2118 36 30 to
1167 2118 56 30 act
1235 2124 44 24 on
1291 2113 52 35 his

132 2160 156 44 petition.

224 2236 75 35 The
317 2237 143 43 petition
479 2237 54 35 for
551 2238 76 34 writ
646 2237 40 35 of
701 2238 207 35 mandamus
927 2238 28 35 is
974 2239 156 43 granted.
1151 2239 112 34 When
1282 2250 62 24 our

132 2286 159 35 criminal
306 2297 80 24 case
399 2287 218 34 coordinator
631 2287 75 35 first
720 2288 182 34 contacted
917 2288 59 34 the
990 2288 122 34 circuit
1126 2294 98 29 court
1238 2289 106 34 about

133 2336 59 33 the
209 2335 151 44 pending
378 2336 153 43 petition,
550 2337 61 34 she
627 2347 71 23 was
716 2337 171 34 informed
904 2337 77 34 that
998 2338 59 33 the
1074 2338 185 43 transcript
1275 2348 69 24 was

133 2384 103 44 being
247 2385 169 44 prepared
428 2385 52 35 for
491 2385 59 35 the
561 2391 98 29 court
670 2391 36 29 to
717 2386 132 35 review.
862 2387 74 34 The
946 2386 102 44 delay
1059 2386 34 35 in
1105 2387 116 42 acting
1232 2398 43 23 on
1287 2387 59 34 the
