1671 2705
273 402 118 34 within
406 402 58 34 the
477 412 121 24 course
612 402 68 35 and
694 413 102 33 scope
809 402 39 35 of
858 402 52 34 his
925 402 234 44 employment
1173 402 67 34 and
1255 402 34 34 in
1302 402 60 35 the

273 451 239 44 performance
532 451 40 35 of
588 452 53 34 his
661 452 125 34 official
807 452 123 34 duties.

1293 262 66 34 399

333 526 74 34 The
422 526 176 44 appellant
614 531 81 30 next
710 525 165 36 contends
891 526 76 34 that
983 537 84 24 even
1083 526 30 34 if
1125 526 182 44 appellees,
1324 537 37 24 as

149 576 206 44 employees,
371 576 86 34 have
470 576 165 44 qualified
650 576 195 44 immunity,
860 576 82 43 they
956 587 59 24 are
1029 581 60 29 not
1103 576 154 34 immune
1271 576 90 35 from

149 626 147 44 liability
314 625 53 35 for
384 625 179 35 malicious
581 632 86 35 acts,
684 626 68 34 and
770 626 76 35 that
863 626 89 35 their
969 630 74 31 acts
1061 626 35 34 in
1112 626 68 35 this
1197 626 165 35 situation

149 686 90 24 were
259 675 120 35 willful
401 676 67 34 and
490 681 149 29 wanton.
661 676 74 34 The
755 681 130 30 statute
905 676 197 43 conferring
1123 676 183 44 immunity
1327 681 35 30 to

148 725 134 35 officers
302 725 67 35 and
388 727 195 43 employees
601 726 82 35 does
702 731 59 30 not
779 731 133 39 protect
930 726 97 35 them
1045 726 30 34 if
1090 726 81 44 they
1189 731 57 29 act
1264 726 97 35 mali­

148 775 142 44 ciously.
302 776 177 41 However,
490 775 59 35 the
558 776 176 44 appellant
743 776 62 35 has
815 776 106 35 failed
930 781 35 30 to
974 776 112 43 allege
1094 776 89 35 facts
1192 776 170 35 sufficient

149 830 36 29 to
201 830 143 39 support
360 826 58 34 the
433 825 104 36 claim
553 825 38 35 of
605 826 180 35 malicious
801 826 159 35 conduct.
977 828 34 33 A
1026 826 85 35 bare
1126 826 185 43 allegation
1327 825 39 36 of

149 875 122 35 willful
285 875 68 35 and
366 881 137 29 wanton
517 876 150 35 conduct
680 876 68 34 will
761 882 60 29 not
834 876 128 35 suffice.
976 877 69 34 See
1057 876 125 35 Miller
1192 887 30 23 v.
1236 878 124 38 Ensco,

148 926 84 40 Inc.,
254 926 67 34 286
342 925 84 35 Ark.
448 926 80 40 458,
550 926 68 34 692
638 926 144 35 S.W.2d
803 927 66 34 615
893 926 137 43 (1985).

241 1000 180 35 Affirmed.

241 1075 159 41 Purtle,
421 1076 42 41 J.,
485 1080 60 30 not
565 1075 256 44 participating.

157 1349 119 34 Karen
297 1349 315 35 CARNATHAN
634 1361 28 23 v.
684 1350 140 35 FARM
845 1350 202 35 BUREAU
1067 1351 290 35 INSURANCE

634 1399 247 36 COMPANY

151 1474 130 34 85-287

1043 1477 66 33 705
1131 1476 143 35 S.W.2d
1295 1478 66 33 885

479 1548 171 44 Supreme
670 1549 111 35 Court
800 1550 39 34 of
856 1550 179 35 Arkansas

416 1598 151 44 Opinion
588 1598 172 35 delivered
781 1600 127 34 March
929 1601 56 40 24,
1011 1601 87 34 1986
