1670 2705
152 396 72 34 her.
238 395 215 35 Afterwards
468 395 43 34 he
523 395 150 35 realized
687 396 60 34 she
760 407 69 24 was
843 401 59 29 not
915 396 195 43 breathing,
1123 407 38 23 so
1174 396 43 35 he
1229 395 62 35 left
1304 396 61 34 her

152 445 92 44 body
255 445 129 44 nearby
394 445 68 35 and
473 445 108 35 threw
592 446 61 34 her
663 446 131 34 clothes
804 445 69 36 and
884 456 102 33 purse
996 446 34 34 in
1041 445 59 35 the
1110 446 88 34 river
1208 456 82 24 near
1302 446 63 43 Big

154 495 138 35 Eddie’s
315 495 82 34 Hill.

1296 256 66 33 363

245 571 174 35 Roderick
431 583 69 23 was
514 572 100 41 tried,
628 572 179 35 convicted
820 572 69 35 and
902 572 186 35 sentenced
1101 577 36 30 to
1150 572 60 35 life
1222 572 145 35 without

153 622 129 43 parole,
295 621 112 35 which
420 621 116 43 brings
549 622 68 34 this
630 622 135 43 appeal.
779 623 56 34 He
847 627 154 38 presents
1014 633 20 24 a
1047 622 146 35 number
1205 621 39 36 of
1254 622 112 44 points

154 671 38 34 of
219 681 105 30 error,
353 682 64 23 one
445 671 38 34 of
508 672 113 34 which
650 671 28 34 is
707 671 195 44 persuasive
930 672 69 34 and
1028 672 152 43 requires
1208 672 158 35 reversal.

155 721 175 34 Roderick
340 732 122 32 argues
473 721 77 34 that
560 721 150 35 because
720 721 97 35 there
826 732 70 24 was
907 732 44 24 no
962 721 166 45 probable
1138 732 104 25 cause
1251 721 53 35 for
1315 722 52 34 his

155 775 110 30 arrest
277 770 52 35 his
341 776 186 30 statement
539 770 123 36 should
674 771 88 35 have
773 772 86 34 been
871 771 215 44 suppressed.
1099 772 75 34 The
1185 777 182 37 argument

155 826 93 30 must
269 820 42 35 be
331 821 186 34 sustained.

340 898 170 35 Probable
521 909 104 24 cause
637 903 35 29 to
684 903 109 30 arrest
804 898 145 35 without
961 910 20 23 a
993 904 151 29 warrant
1155 899 103 35 exists
1269 899 99 34 when

156 948 59 34 the
227 948 90 34 facts
330 948 68 34 and
411 948 269 35 circumstances
693 948 119 35 within
825 948 58 35 the
895 948 145 35 officers’
1053 949 176 35 collective
1241 948 126 35 knowl­

156 997 87 43 edge
254 997 69 34 and
334 997 39 35 of
381 997 111 35 which
504 998 82 43 they
597 998 88 35 have
696 998 203 44 reasonably
911 999 223 43 trustworthy
1145 999 223 35 information

156 1058 60 23 are
240 1047 171 35 sufficient
434 1048 34 34 in
492 1047 207 35 themselves
722 1053 37 29 to
781 1054 151 29 warrant
957 1060 20 23 a
1001 1059 83 24 man
1108 1048 39 35 of
1168 1049 202 35 reasonable

156 1098 141 33 caution
313 1097 34 34 in
362 1098 59 34 the
435 1097 108 35 belief
555 1098 77 34 that
648 1108 44 24 an
708 1098 131 35 offense
853 1098 62 34 has
931 1098 87 35 been
1033 1098 203 36 committed
1252 1098 44 44 by
1311 1099 59 34 the

156 1157 124 33 person
293 1152 36 29 to
343 1147 42 34 be
397 1147 164 35 arrested.
578 1147 110 35 Coble
699 1159 30 23 v.
742 1148 113 40 State,
870 1149 68 33 274
951 1149 85 34 Ark.
1055 1149 76 40 134,
1146 1149 67 34 624
1226 1148 143 35 S.W.2d

156 1198 65 33 421
248 1196 138 43 (1981);
406 1199 170 42 Brinegar
593 1209 31 23 v.
648 1197 128 35 United
793 1198 131 41 States,
947 1199 65 34 338
1035 1198 83 35 U.S.
1144 1199 65 34 160
1231 1198 137 44 (1949);

159 1246 142 36 Carroll
313 1258 31 23 v.
363 1247 125 35 United
501 1248 132 40 States,
650 1248 66 34 267
733 1248 84 34 U.S.
837 1249 65 33 132
919 1247 137 44 (1925).
1072 1249 191 34 A.R.Cr.P.
1279 1249 91 34 Rule

157 1298 68 33 4.1.
240 1298 31 33 It
284 1296 61 35 has
358 1297 86 35 been
457 1297 79 34 held
549 1303 60 29 not
622 1303 35 29 to
669 1298 136 43 require
817 1297 75 36 that
904 1298 126 43 degree
1041 1297 40 35 of
1090 1298 102 44 proof
1200 1298 170 35 sufficient

156 1352 37 29 to
213 1347 132 34 sustain
365 1358 20 23 a
406 1347 203 35 conviction.
630 1348 173 34 McGuire
821 1359 30 23 v.
872 1348 113 41 State,
1007 1349 66 33 265
1095 1349 84 34 Ark.
1202 1349 78 40 621,
1303 1350 67 33 580

157 1396 144 35 S.W.2d
324 1398 62 33 198
408 1396 137 43 (1979).
566 1398 48 34 Its
632 1397 267 35 determination
918 1398 27 34 is
964 1397 107 35 based
1089 1409 44 23 on
1151 1398 132 35 factual
1301 1398 68 35 and

158 1446 166 43 practical
348 1446 271 35 considerations
642 1446 40 34 of
702 1447 147 43 prudent
872 1458 80 23 men
975 1447 117 35 rather
1115 1448 85 34 than
1222 1447 40 34 of
1281 1448 90 43 legal

158 1495 223 35 technicians.
401 1495 157 36 Sanders
576 1508 30 22 v.
626 1496 113 41 State,
760 1497 67 34 259
847 1497 84 34 Ark.
954 1498 78 40 329,
1054 1498 67 33 532
1140 1497 142 35 S.W.2d
1302 1499 68 32 752

159 1544 138 44 (1976).
315 1546 178 41 However,
510 1557 20 23 a
546 1557 95 24 mere
656 1546 172 45 suspicion
844 1546 27 35 is
886 1552 60 29 not
961 1547 147 43 enough.
1129 1548 108 44 Wong
1248 1547 77 35 Sun
1338 1558 31 24 v.

159 1595 129 36 United
302 1597 131 41 States,
454 1597 63 33 371
539 1597 84 34 U.S.
643 1597 64 34 471
732 1596 136 44 (1963).
888 1598 93 34 Even
999 1609 21 23 a
1039 1597 140 44 “strong
1196 1608 121 25 reason
1335 1603 36 30 to

157 1646 173 44 suspect,”
348 1646 68 34 will
434 1651 59 30 not
511 1647 129 34 suffice.
657 1648 121 42 Henry
794 1658 30 23 v.
846 1647 128 34 United
987 1648 132 40 States,
1139 1649 63 34 361
1223 1647 83 35 U.S.
1326 1649 42 33 98

159 1695 138 42 (1959).

249 1771 97 34 With
357 1772 76 34 that
443 1772 236 43 background,
691 1783 51 24 we
752 1773 70 34 find
833 1773 166 44 probable
1009 1784 104 24 cause
1123 1773 35 34 in
1168 1774 67 34 this
1246 1784 79 24 case
1335 1779 35 29 to

157 1820 44 35 be
227 1821 130 43 plainly
384 1821 148 43 lacking.
559 1822 115 34 Three
700 1822 133 35 officers
860 1822 160 35 testified:
1048 1822 132 35 Sheriff
1205 1823 166 43 Coolidge

158 1870 142 41 Conlee,
313 1870 106 35 Chief
428 1872 139 42 Deputy
578 1872 96 34 Evan
687 1872 144 42 Hughes
842 1871 69 35 and
922 1873 141 43 Deputy
1074 1872 124 35 Chuck
1208 1872 161 35 Thomas.

157 1920 106 34 Their
272 1920 109 43 proof,
391 1921 194 43 separately
594 1932 38 23 or
641 1921 194 42 combined,
845 1921 107 35 failed
961 1927 35 29 to
1006 1921 68 35 add
1083 1932 47 34 up
1139 1927 35 29 to
1183 1932 95 25 more
1286 1922 84 35 than

157 1981 21 23 a
198 1970 84 35 bare
300 1970 182 44 suspicion.
503 1971 75 34 The
596 1971 186 35 substance
800 1971 39 35 of
855 1971 89 35 their
963 1972 224 35 information
1206 1983 69 24 was
1294 1972 77 35 that

158 2020 185 41 Roderick,
374 2021 76 35 who
479 2032 70 23 was
578 2021 128 43 having
736 2022 138 35 marital
904 2022 185 44 problems,
1119 2033 70 24 was
1219 2033 79 24 seen
1327 2033 44 24 on

159 2070 221 44 Wednesday
390 2070 68 35 and
468 2071 183 44 Thursday
661 2071 115 43 nights
786 2072 160 43 drinking
957 2072 81 35 beer
1047 2072 83 34 with
1140 2073 59 34 the
1207 2072 118 35 victim
1335 2077 36 30 at

157 2120 60 34 the
229 2121 115 42 Crazy
356 2122 112 33 Horse
478 2120 129 35 Saloon
618 2121 69 34 and
699 2126 36 29 at
746 2121 59 34 the
815 2122 208 34 Razorback
1033 2122 102 34 Club.
1148 2122 112 34 There
1270 2133 69 23 was
1350 2133 21 23 a

157 2174 116 39 report
294 2170 76 34 that
390 2170 81 43 they
492 2181 89 23 were
602 2170 190 44 “shacking
812 2171 81 43 up.”
914 2171 75 34 The
1009 2177 67 28 two
1096 2182 89 23 were
1205 2172 66 34 last
1291 2182 80 23 seen

158 2219 159 43 together
331 2219 134 44 leaving
479 2220 60 34 the
553 2220 208 35 Razorback
774 2226 36 29 at
824 2220 107 35 about
946 2222 80 33 9:00
1040 2231 38 24 or
1093 2222 79 33 9:30
1187 2232 44 24 on
1244 2221 128 34 Thurs-

158 2269 69 44 day
237 2269 155 44 evening,
403 2271 138 42 August
555 2272 51 33 11.
619 2271 56 34 On
685 2270 60 35 the
755 2270 143 44 evening
908 2270 39 35 of
954 2272 139 42 August
1106 2272 42 33 12
1158 2271 59 35 the
1224 2270 148 36 victim’s

158 2319 92 45 body
269 2330 70 24 was
359 2319 108 36 found
486 2320 53 34 off
556 2321 140 34 Barrow
716 2321 73 34 Hill
809 2320 101 36 Road
930 2332 83 24 near
1033 2321 95 34 Lake
1147 2321 51 35 St.
1221 2321 150 35 Francis.

390 2398 66 33 We
469 2397 101 34 think
582 2397 61 34 the
656 2397 224 35 information
895 2397 39 34 of
944 2397 61 35 the
1018 2397 133 35 officers
1167 2403 36 29 at
1216 2397 59 35 the
1289 2397 85 35 time
