1636 2695
331 258 43 34 80

454 398 53 42 (2)
522 398 34 34 If
563 410 20 23 a
594 408 122 33 person
727 409 69 24 was
807 403 36 30 at
853 398 87 35 least
950 398 118 35 fifteen
1082 397 76 43 (15)
1171 409 98 33 years
1280 398 40 34 of
1326 409 65 32 age
1401 398 61 35 but
1473 399 65 34 less

452 448 84 34 than
550 448 158 43 eighteen
723 448 77 42 (18)
815 458 99 33 years
927 448 39 34 of
976 459 64 32 age
1053 453 36 29 at
1102 448 59 34 the
1173 448 84 35 time
1269 447 40 34 of
1318 448 59 34 the
1389 448 149 34 conduct

451 498 134 42 alleged
599 502 35 29 to
647 498 186 34 constitute
845 508 44 23 an
903 498 141 40 offense,
1059 497 43 34 he
1115 509 81 32 may
1209 498 43 34 be
1264 497 151 44 charged
1428 498 110 34 either

451 547 35 34 in
501 547 133 40 circuit,
649 547 188 44 municipal
852 558 38 23 or
901 547 152 43 juvenile
1066 553 109 29 court.
1192 547 34 35 If
1237 548 44 34 he
1296 547 27 34 is
1338 547 150 44 charged
1504 547 33 34 in

452 597 121 35 circuit
585 607 37 24 or
634 597 187 44 municipal
834 602 108 36 court,
954 598 84 34 such
1050 602 98 30 court
1160 608 81 33 may
1252 602 96 30 enter
1360 608 67 33 any
1438 596 100 36 order

451 647 145 44 waiving
607 647 218 43 jurisdiction
840 647 68 35 and
923 647 149 35 transfer
1086 647 58 35 the
1158 647 223 45 proceedings
1396 653 35 29 to
1441 647 95 44 juve-

451 697 68 34 nile
532 702 108 30 court.
656 697 34 34 If
700 708 20 24 a
734 708 122 33 person
870 697 158 35 fourteen
1043 697 77 43 (14)
1136 709 98 32 years
1248 697 39 35 of
1297 708 65 32 age
1375 699 162 34 commits

451 747 73 34 first
533 747 125 43 degree
667 747 150 41 murder,
828 747 126 34 second
963 747 125 43 degree
1097 747 150 41 murder,
1257 757 38 23 or
1305 757 83 33 rape
1401 747 37 43 [,]
1452 747 84 35 such

451 806 122 32 person
589 806 81 32 may
685 796 42 34 be
742 796 203 43 prosecuted
961 797 44 42 by
1020 796 59 34 the
1094 797 219 42 prosecuting
1328 801 158 38 attorney
1501 801 36 29 at

451 844 51 34 his
527 845 195 40 discretion,
747 855 38 23 or
809 844 30 35 if
860 845 58 33 the
942 850 199 38 prosecutor
1164 845 82 34 does
1270 850 59 28 not
1353 845 125 35 choose
1501 850 36 29 to

450 898 180 39 prosecute
655 894 84 34 such
766 904 133 34 person,
926 893 223 45 proceedings
1175 894 87 35 shall
1289 894 42 34 be
1357 894 178 35 instituted

450 944 135 42 against
595 943 84 34 such
690 954 122 33 person
823 943 34 35 in
868 944 58 36 the
936 943 220 45 appropriate
1162 944 152 43 juvenile
1323 949 108 30 court.
1444 944 92 45 (Our

450 993 140 43 italics).

555 1085 205 44 Appellants
772 1095 107 33 argue
889 1085 76 35 that
977 1085 44 44 by
1032 1085 100 44 using
1143 1085 59 35 the
1213 1085 93 35 word
1318 1085 216 41 “commits,”

326 1135 58 34 the
393 1139 129 29 statute
532 1135 151 43 requires
693 1135 102 43 proof
801 1136 45 42 by
855 1135 59 34 the
922 1141 90 29 state
1021 1135 76 35 that
1106 1146 20 23 a
1137 1146 122 33 person
1269 1135 157 35 fourteen
1436 1146 98 33 years

325 1184 39 34 of
375 1194 64 31 age
453 1184 27 33 is
494 1184 151 42 actually
658 1184 110 43 guilty
781 1184 39 35 of
831 1184 59 34 the
903 1185 107 34 crime
1023 1184 151 43 charged
1188 1185 119 34 before
1316 1185 218 42 jurisdiction

325 1243 65 24 can
400 1232 44 34 be
455 1232 154 35 retained
620 1233 34 33 in
664 1233 122 35 circuit
797 1239 108 29 court.
918 1234 67 34 But
996 1234 76 34 that
1083 1234 112 34 would
1206 1234 136 44 require
1352 1245 20 23 a
1383 1234 151 35 strained

325 1282 261 42 interpretation
595 1282 40 34 of
641 1282 58 34 the
708 1288 139 29 statute.
859 1283 38 33 In
907 1283 59 34 the
974 1287 139 31 context
1122 1283 39 34 of
1167 1283 59 34 the
1235 1288 67 35 act,
1312 1283 59 34 the
1380 1284 109 34 intent
1498 1283 39 34 of

325 1331 58 34 the
392 1331 198 42 legislature
599 1331 27 34 is
635 1332 103 34 clear:
749 1332 35 34 If
789 1343 20 23 a
819 1342 123 33 person
952 1332 157 36 fourteen
1119 1343 98 32 years
1227 1333 39 34 of
1272 1343 65 32 age
1345 1332 28 34 is
1382 1332 154 45 charged

324 1380 83 35 with
435 1381 73 34 first
535 1381 125 43 degree
687 1381 150 40 murder,
866 1381 59 34 the
952 1381 219 44 prosecuting
1199 1387 159 38 attorney
1385 1382 62 36 has
1475 1382 59 35 the

324 1430 184 34 discretion
528 1435 35 29 to
582 1429 120 35 decide
721 1430 153 37 whether
893 1431 85 34 such
997 1441 124 33 person
1140 1431 28 34 is
1187 1431 152 42 charged
1358 1431 35 34 in
1412 1431 122 35 circuit

325 1484 107 28 court.
449 1480 30 33 It
493 1479 27 34 is
534 1490 62 23 our
609 1479 95 43 duty,
719 1480 98 34 when
831 1480 59 34 the
903 1486 139 29 context
1055 1490 38 24 so
1107 1480 178 40 indicates,
1300 1486 36 29 to
1349 1481 185 35 substitute

324 1538 65 24 one
408 1528 92 34 word
520 1528 53 35 for
593 1529 144 34 another
756 1534 35 29 to
810 1529 76 43 give
905 1529 103 35 effect
1028 1535 35 29 to
1083 1529 93 35 what
1195 1541 69 24 was
1285 1530 171 44 evidently
1475 1530 58 35 the

324 1577 167 35 intention
509 1578 39 34 of
561 1578 59 34 the
637 1578 207 43 legislature.
861 1579 103 34 State
980 1590 30 23 v.
1028 1578 130 42 Banks,
1178 1580 63 34 271
1262 1580 85 34 Ark.
1367 1581 78 40 331,
1464 1580 67 35 609

323 1627 142 34 S.W.2d
490 1629 40 33 10
553 1627 136 44 (1980).

507 1707 103 39 Here,
624 1706 59 34 the
696 1711 138 30 context
848 1706 100 35 alone
961 1707 28 34 is
1003 1706 171 36 sufficient
1187 1712 35 30 to
1235 1707 103 35 make
1350 1707 59 36 the
1422 1708 110 35 intent

322 1755 102 40 clear,
446 1755 67 34 and
534 1756 75 34 that
629 1756 196 35 conclusion
845 1756 28 34 is
894 1756 171 36 bolstered
1085 1757 45 44 by
1150 1758 58 34 the
1227 1758 171 43 language
1417 1758 39 35 of
1473 1757 59 36 the

322 1815 204 34 emergency
538 1806 116 35 clause
667 1811 35 29 to
715 1807 69 34 Act
798 1807 66 34 793
879 1806 39 35 of
933 1808 98 40 1981,
1045 1807 186 44 amending
1245 1808 58 34 the
1315 1808 145 43 original
1473 1813 57 31 act

321 1854 111 35 which
457 1866 86 31 gave
568 1856 170 34 exclusive
758 1856 219 43 jurisdiction
1002 1868 80 24 over
1107 1857 156 35 fourteen
1289 1869 81 32 year
1395 1858 73 35 olds
1494 1863 35 29 to

318 1904 151 43 juvenile
488 1911 107 29 court.
616 1905 74 35 The
709 1906 199 43 legislature
926 1906 215 36 determined
1161 1907 75 35 that
1255 1907 53 35 for
1328 1908 130 36 certain
1478 1907 51 35 of­

321 1954 112 34 fenses
449 1954 156 35 fourteen
620 1966 82 32 year
716 1955 74 35 olds
804 1955 102 35 could
921 1956 43 34 be
977 1956 203 44 prosecuted
1195 1968 37 23 as
1247 1956 125 42 adults,
1388 1957 68 35 and
1471 1958 59 34 the

321 2014 204 33 emergency
541 2005 116 34 clause
673 2004 40 35 of
726 2006 69 33 Act
813 2006 66 33 793
899 2005 167 35 indicates
1083 2005 59 35 the
1158 2006 110 35 intent
1284 2017 69 23 was
1371 2012 35 29 to
1423 2007 106 44 adopt

320 2058 155 37 stronger
495 2065 174 23 measures
690 2054 84 35 than
795 2065 89 24 were
903 2054 163 44 provided
1087 2055 45 44 by
1151 2056 59 34 the
1229 2056 146 43 existing
1395 2056 75 35 law:

444 2143 31 33 It
488 2143 27 34 is
528 2143 128 43 hereby
668 2143 108 35 found
788 2143 69 36 and
870 2144 214 35 determined
1097 2144 45 44 by
1154 2145 58 34 the
1224 2145 151 35 General
1387 2147 141 36 Assem-

443 2192 57 43 bly
516 2193 75 34 that
607 2192 58 34 the
681 2199 136 37 present
833 2193 178 35 Arkansas
1026 2195 65 34 law
1107 2194 155 43 provides
1278 2194 76 35 that
1369 2206 20 23 a
1405 2206 123 33 person

442 2241 76 35 who
530 2242 27 34 is
569 2241 157 35 fourteen
738 2253 99 33 years
848 2242 39 35 of
896 2253 64 33 age
970 2249 37 31 at
1018 2244 59 34 the
1088 2243 83 35 time
1182 2244 39 34 of
1228 2244 220 36 commission
1460 2244 39 35 of
1507 2255 20 24 a

442 2291 107 35 crime
564 2302 80 33 may
660 2297 60 29 not
736 2292 42 35 be
793 2293 203 43 prosecuted
1013 2293 53 35 for
1081 2293 84 34 such
1181 2294 141 40 offense;
1339 2294 76 35 that
1430 2294 98 36 there

442 2352 60 23 are
516 2352 104 32 many
635 2341 172 36 instances
822 2342 35 34 in
872 2342 113 35 which
999 2353 140 34 persons
1154 2343 39 35 of
1205 2344 158 34 fourteen
1378 2355 98 32 years
1492 2344 38 36 of

442 2401 65 32 age
521 2391 87 35 have
622 2392 202 35 committed
840 2392 251 43 premeditated
1106 2393 140 35 murder
1260 2394 63 34 but
1337 2393 68 35 due
1419 2399 35 29 to
1469 2394 60 35 the
