1674 2704
152 401 75 44 nity
241 401 39 35 of
291 407 90 29 state
394 402 133 34 officers
542 401 69 35 and
626 402 205 44 employees.
846 402 95 35 Such
956 413 21 24 a
991 401 156 36 doctrine
1161 407 93 29 must
1267 412 100 25 come

153 452 91 34 from
265 451 108 35 either
393 462 161 24 common
575 451 65 35 law
660 462 38 24 or
718 456 139 31 statute.

1297 261 65 34 397

245 527 112 43 Judge
373 527 156 35 Learned
546 527 106 35 Hand
667 528 114 34 stated
796 528 76 35 that
887 527 59 35 the
960 528 157 35 doctrine
1131 527 39 35 of
1182 528 184 44 immunity

154 577 54 34 for
224 577 117 44 public
358 578 194 43 employees
567 588 71 24 was
653 577 108 35 based
777 588 92 33 upon
885 588 20 24 a
922 578 113 43 policy
1050 577 39 35 of
1103 577 132 44 freeing
1251 577 117 44 public

154 627 196 44 employees
361 627 89 35 from
460 627 75 35 fear
545 626 40 36 of
591 627 197 35 retaliation
798 627 53 35 for
861 627 195 44 unpopular
1065 627 169 35 decisions
1244 638 37 24 so
1291 627 76 35 that

154 676 82 44 they
247 676 102 35 could
360 677 155 34 function
526 677 108 43 freely
645 676 69 36 and
724 677 143 44 thereby
878 677 76 44 give
962 676 215 44 unflinching
1187 676 181 44 discharge

154 726 40 35 of
208 726 90 35 their
314 726 122 35 duties.
457 727 167 43 Gregoire
638 738 31 23 v.
686 726 138 42 Biddle,
846 727 63 34 177
929 726 85 35 F.2d
1032 727 79 40 579,
1130 728 63 33 581
1216 726 61 43 (2d
1295 726 71 35 Cir.

159 776 119 43 1949),
290 783 80 28 cert.
382 775 135 42 denied,
529 777 68 34 339
607 776 85 35 U.S.
703 777 68 34 949
784 775 137 44 (1950).
932 776 157 36 William
1098 777 39 34 L.
1148 777 138 34 Prosser
1296 776 73 35 also

155 825 155 36 believed
327 826 76 35 that
419 826 117 44 public
552 827 195 43 employees
763 826 112 35 would
892 826 43 35 be
950 826 133 44 unduly
1098 826 219 35 intimidated
1333 826 34 35 in

155 875 61 35 the
234 876 182 42 discharge
434 876 39 34 of
489 876 90 35 their
598 876 114 35 duties
731 876 30 35 if
776 876 82 44 they
877 876 102 35 could
998 876 44 35 be
1060 876 86 36 sued
1164 876 53 35 for
1237 876 131 36 actions

156 926 113 34 which
282 936 90 24 were
384 925 86 35 later
483 925 216 36 determined
712 931 36 30 to
761 926 43 35 be
816 926 184 44 negligent.
1015 927 97 35 W.L.
1127 927 148 41 Prosser,
1288 928 82 33 Law

157 975 45 44 of
216 978 101 32 Torts
336 977 66 34 987
423 976 78 44 (4th
518 976 54 35 ed.
595 975 118 43 1971).
732 976 156 35 Another
905 987 123 24 reason
1046 976 178 36 advanced
1240 976 53 36 for
1310 976 60 36 the

157 1025 186 45 immunity
361 1025 39 36 of
414 1031 90 30 state
521 1026 196 44 employees
735 1026 27 35 is
781 1026 76 35 that
874 1026 146 36 without
1037 1026 196 44 immunity,
1251 1026 118 45 highly

157 1076 123 35 skilled
294 1075 194 45 employees
502 1076 115 35 would
630 1081 61 30 not
705 1081 121 39 accept
839 1076 118 45 public
970 1077 166 44 positions
1149 1077 149 35 because
1310 1077 60 36 the

157 1125 168 45 potential
337 1125 146 45 liability
493 1126 114 35 would
619 1132 59 31 not
689 1126 43 35 be
742 1131 279 31 commensurate
1030 1127 83 35 with
1124 1127 60 35 the
1194 1127 176 44 relatively

157 1177 65 33 low
234 1176 260 44 compensation
506 1176 114 35 which
632 1176 117 45 public
760 1177 195 44 employees
967 1177 143 35 receive.
1123 1178 79 34 Van
1213 1177 157 43 Alstyne,

159 1226 232 35 Government
419 1228 82 33 Tort
525 1226 181 44 Liability:
729 1228 32 33 A
786 1226 124 36 Public
933 1226 122 44 Policy
1079 1228 220 43 Prospectus,
1329 1228 41 33 10

157 1276 136 34 UCLA
307 1276 39 34 L.
362 1277 84 33 Rev.
462 1276 67 34 463
548 1276 139 43 (1963);
702 1276 118 35 Smith
833 1287 31 24 v.
882 1277 148 43 Cooper,
1047 1277 67 34 256
1129 1277 62 35 Or.
1206 1277 80 41 485,
1301 1277 67 34 475

158 1325 86 35 P.2d
265 1326 43 34 78
332 1325 137 43 (1970);
490 1326 142 40 Annot.,
653 1327 44 33 45
718 1325 181 36 A.L.R.3d
921 1327 66 34 857
1011 1326 137 43 (1970).

250 1402 40 34 In
320 1402 98 40 1979,
444 1402 59 34 the
528 1402 100 35 State
653 1401 40 35 of
713 1403 178 34 Arkansas
916 1402 60 35 did
1001 1408 60 29 not
1085 1402 88 35 have
1197 1413 21 24 a
1243 1407 129 30 statute

158 1451 180 44 providing
359 1451 185 44 immunity
565 1452 55 34 for
641 1457 91 30 state
752 1452 133 35 officers
906 1452 70 35 and
997 1453 205 43 employees.
1224 1453 49 34 At
1295 1452 76 35 that

158 1500 96 42 time,
270 1501 67 35 this
353 1502 110 34 Court
477 1501 140 35 refused
632 1507 36 29 to
682 1507 116 29 create
812 1501 185 45 immunity
1012 1502 45 43 by
1067 1501 146 45 judicial
1227 1502 61 35 fiat
1303 1502 69 35 and

158 1550 80 34 held
257 1550 76 35 that
352 1562 20 23 a
390 1556 89 29 state
497 1551 180 44 employee
694 1562 70 23 was
783 1556 59 29 not
859 1551 178 44 protected
1056 1552 45 43 by
1119 1552 59 34 the
1195 1551 176 43 sovereign

158 1599 187 44 immunity
365 1599 116 35 clause
501 1600 69 34 and
591 1599 102 35 could
713 1600 44 34 be
776 1600 104 35 liable
900 1600 54 35 for
974 1611 45 24 an
1040 1606 57 29 act
1117 1600 39 36 of
1173 1601 199 43 negligence

157 1649 113 35 which
296 1660 70 24 was
391 1649 203 35 committed
620 1649 102 35 while
746 1649 155 44 engaged
927 1649 34 35 in
987 1649 59 36 the
1071 1650 239 44 performance
1335 1650 39 36 of

158 1698 127 36 official
295 1698 123 36 duties.
431 1699 227 35 Grimmett v.
669 1699 125 44 Digby,
806 1700 65 34 267
883 1699 86 35 Ark.
984 1700 156 41 192, 589
1150 1700 143 35 S.W.2d
1304 1701 66 34 579

160 1749 138 43 (1979).

343 1827 50 34 At
415 1826 42 35 its
480 1831 82 30 next
585 1826 140 41 session,
748 1827 35 34 in
810 1827 99 41 1981,
932 1827 60 35 the
1014 1827 152 36 General
1187 1827 185 44 Assembly

159 1875 146 36 enacted
315 1877 85 34 Ark.
411 1876 89 36 Stat.
511 1877 93 35 Ann.
651 1878 151 34 13-1420
815 1877 123 45 (Supp.
953 1877 119 43 1985),
1082 1877 113 36 which
1204 1877 166 44 provides:

375 1952 145 36 Officers
536 1952 69 36 and
621 1953 194 44 employees
830 1954 40 34 of
881 1953 59 36 the
955 1954 100 35 State
1069 1953 41 36 of
1120 1955 178 34 Arkansas
1313 1965 60 23 are

285 2002 154 35 immune
447 2002 92 35 from
547 2003 78 34 civil
633 2002 149 44 liability
790 2002 53 35 for
852 2008 73 30 acts
934 2014 39 24 or
981 2003 192 41 omissions,
1182 2003 98 35 other
1288 2003 85 35 than

284 2051 180 35 malicious
482 2057 74 29 acts
574 2062 39 25 or
630 2052 192 41 omissions,
840 2053 181 42 occurring
1039 2052 120 35 within
1177 2052 59 35 the
1253 2063 120 24 course

285 2101 69 35 and
374 2111 102 34 scope
495 2101 39 35 of
550 2101 91 36 their
661 2102 244 44 employment.

251 2177 259 43 Summarizing
521 2178 67 35 this
600 2177 93 36 brief
701 2178 165 35 overview
876 2178 40 35 of
924 2178 59 35 the
994 2178 185 44 immunity
1189 2177 183 43 doctrines,

160 2227 60 35 the
233 2227 179 36 Arkansas
427 2228 236 35 Constitution
677 2227 157 46 provides
848 2228 54 36 for
915 2228 177 44 sovereign
1107 2228 185 45 immunity
1305 2228 69 35 and

159 2278 86 34 Ark.
260 2278 90 34 Stat.
365 2279 91 33 Ann.
510 2279 151 34 13-1420
675 2278 156 44 provides
845 2278 54 35 for
912 2278 186 44 immunity
1110 2278 40 35 of
1159 2278 133 35 officers
1305 2278 69 34 and

160 2328 197 43 employees
377 2327 39 34 of
433 2328 58 34 the
511 2333 100 29 state.

345 2402 75 34 The
435 2403 68 33 suit
518 2407 37 29 at
569 2402 63 34 bar
647 2403 29 33 is
690 2402 82 34 filed
787 2402 137 42 against
939 2402 195 43 employees
1149 2402 39 34 of
1199 2402 61 34 the
1273 2407 102 35 state,
