1675 2704
1301 265 65 34 553

250 533 137 43 Coxsey
410 534 31 33 &
465 533 150 44 Coxsey,
635 533 56 44 by.
712 534 32 34 J.
766 534 89 34 Kent
877 533 149 43 Coxsey,
1047 533 53 35 for
1121 533 186 45 appellant.

248 610 122 45 Epley,
385 611 112 43 Epley
514 612 31 33 &
565 610 233 45 Castleberry,
813 611 89 41 Ltd.,
918 611 55 44 by:
989 613 110 33 Lewis
1113 613 40 34 E.
1169 611 122 44 Epley,
1305 613 63 40 Jr.,

157 660 54 35 for
232 661 181 43 appellees.

249 739 180 34 Darrell
440 740 199 40 Hickman,
651 740 141 34 Justice.

803 740 84 34 This
898 739 28 35 is
937 751 21 23 a
968 740 69 34 will
1048 740 233 35 construction
1292 750 80 25 case

158 789 172 42 involving
351 789 250 43 pretermitted,
623 800 38 23 or
681 789 156 41 omitted,
859 790 267 43 grandchildren
1147 789 40 36 of
1204 789 167 36 deceased

157 838 168 35 children.
336 839 99 33 Alice
444 839 39 34 E.
494 838 105 35 Cisco
608 838 81 35 died
697 844 137 36 testate,
844 839 136 43 leaving
989 839 61 35 her
1061 844 111 30 estate
1180 844 36 30 to
1225 850 101 24 seven
1335 840 39 34 of

159 888 61 34 her
245 887 154 35 children
425 887 68 35 and
518 898 66 25 one
608 888 215 43 grandchild.
849 888 75 35 The
948 888 68 35 will
1042 900 70 24 was
1137 888 166 36 executed
1327 900 45 24 on

158 937 201 35 November
371 938 146 39 2,1978.
531 938 88 34 Mrs.
632 938 104 34 Cisco
747 937 58 35 did
817 943 59 29 not
887 938 154 35 mention
1051 944 69 29 two
1131 938 153 35 children
1295 939 78 34 who

159 997 90 24 were
264 986 167 35 deceased
448 992 36 29 at
500 987 77 35 that
593 987 95 35 time:
706 988 148 43 Tommy
870 987 138 35 Donald
1025 988 103 35 Cisco
1144 987 68 36 and
1229 989 143 34 Ethmer

159 1035 122 35 Edwin
296 1036 113 35 Cisco.
424 1037 57 34 On
496 1037 80 43 July
591 1038 32 39 7,
642 1037 100 41 1981,
758 1048 20 24 a
792 1037 123 35 codicil
928 1048 71 24 was
1014 1038 166 34 executed
1194 1043 37 29 to
1243 1037 130 45 update

159 1086 62 34 her
235 1086 79 34 will.
331 1086 39 34 In
385 1086 27 34 it
427 1087 87 34 Mrs.
532 1086 103 35 Cisco
650 1086 267 44 acknowledged
932 1087 77 35 that
1023 1088 95 34 since
1131 1088 61 34 she
1207 1088 165 34 executed

159 1136 61 34 her
231 1135 69 35 will
310 1141 68 29 two
388 1135 38 35 of
434 1136 60 35 her
505 1136 156 35 children
672 1137 69 34 had
751 1137 124 44 passed
886 1148 109 33 away,
1007 1138 74 34 Bob
1091 1137 104 35 Cisco
1205 1137 69 35 and
1284 1138 89 34 Dale

160 1185 114 35 Cisco.
294 1185 79 35 Still
392 1196 43 24 no
454 1186 153 35 mention
627 1197 70 24 was
716 1186 103 36 made
837 1187 39 35 of
890 1187 149 44 Tommy
1058 1187 138 35 Donald
1215 1188 102 35 Cisco
1335 1199 38 23 or

160 1235 144 35 Ethmer
320 1236 120 34 Edwin
455 1236 114 35 Cisco.
584 1236 76 35 The
675 1242 110 30 estate
798 1248 71 24 was
883 1242 36 29 to
933 1237 44 35 be
992 1237 137 35 divided
1143 1238 155 35 between
1312 1238 62 35 her

160 1285 194 44 remaining
377 1286 64 35 five
464 1286 155 35 children
643 1286 69 35 and
736 1297 65 25 one
823 1287 215 43 grandchild.
1063 1287 74 36 The
1160 1287 154 36 children
1337 1288 40 35 of

159 1336 150 44 Tommy
328 1336 68 35 and
415 1336 143 35 Ethmer
578 1336 104 36 Cisco
700 1337 189 44 petitioned
907 1342 37 30 to
962 1337 82 36 take
1062 1338 137 43 against
1217 1338 59 35 the
1293 1338 80 42 will,

159 1386 166 43 claiming
340 1391 35 30 to
390 1386 42 35 be
446 1387 240 44 pretermitted
701 1387 100 35 heirs.
817 1388 74 35 The
905 1388 80 35 trial
1000 1393 98 30 court
1113 1388 108 35 found
1236 1388 34 35 in
1285 1388 89 35 their

160 1436 98 35 favor
270 1436 69 35 and
350 1437 61 34 the
421 1442 110 30 estate
543 1437 152 44 appeals.
709 1438 66 34 We
786 1437 113 35 affirm
910 1437 60 35 the
980 1438 81 34 trial
1072 1439 127 34 court’s
1211 1438 162 35 decision.

251 1514 75 34 The
345 1514 68 34 will
433 1514 34 34 in
488 1515 153 34 relevant
662 1515 152 44 portions
835 1515 110 35 reads:

375 1591 74 35 The
468 1597 69 29 rest
556 1592 70 35 and
646 1592 136 35 residue
800 1592 40 35 of
856 1603 58 33 my
933 1598 121 36 estate,
1074 1593 153 35 whether
1246 1593 70 35 real
1335 1604 39 24 or

286 1642 157 44 personal
465 1641 68 36 and
554 1641 174 36 wherever
749 1643 136 42 situate,
907 1643 15 34 I
944 1643 129 44 hereby
1093 1643 115 35 devise
1228 1643 68 35 and
1315 1643 58 36 be-

285 1692 129 43 queath
434 1692 35 35 in
489 1692 60 35 the
568 1692 176 44 following
765 1704 154 24 manner:

360 1796 78 33 One
455 1795 129 43 Eighth
604 1795 102 46 (1/8)
725 1796 40 34 of
779 1807 58 32 my
855 1801 121 36 estate,
996 1797 15 33 I
1029 1797 129 43 hereby
1174 1796 115 35 devise
1306 1797 68 34 and

360 1845 174 43 bequeath
554 1850 85 29 unto
659 1856 59 32 my
738 1856 72 30 son,
832 1846 106 42 Hugh
959 1845 114 35 Cisco.

361 1948 78 34 One
456 1948 128 43 Eighth
605 1947 102 47 (1/8)
726 1948 40 35 of
780 1959 59 34 my
856 1953 121 38 estate,
996 1949 15 34 I
1030 1949 129 45 hereby
1175 1948 114 36 devise
1306 1949 69 35 and

361 1998 172 44 bequeath
554 2003 85 30 unto
659 2010 59 32 my
738 2010 71 30 son,
831 2000 42 34 R.
895 1999 41 35 C.
959 1999 113 35 Cisco.

361 2102 77 34 One
456 2102 128 43 Eighth
605 2101 101 47 (1/8)
726 2102 40 35 of
780 2114 58 32 my
856 2108 120 36 estate,
996 2103 15 34 I
1029 2103 130 44 hereby
1175 2103 114 35 devise
1306 2104 69 34 and

361 2152 173 43 bequeath
555 2157 84 30 unto
660 2163 59 32 my
738 2152 181 43 daughter,
941 2153 90 35 June
1051 2153 129 35 Miller.

361 2253 78 35 One
457 2253 128 43 Eighth
606 2253 101 46 (1/8)
727 2254 40 34 of
781 2265 58 33 my
857 2259 120 37 estate,
997 2255 15 33 I
1030 2254 129 44 hereby
1175 2254 115 35 devise
1307 2255 68 34 and

361 2303 173 43 bequeath
555 2308 84 30 unto
659 2314 59 33 my
738 2315 72 29 son,
832 2304 73 35 Bob
926 2304 113 35 Cisco.

361 2407 78 34 One
457 2406 128 43 Eighth
606 2406 101 46 (1/8)
726 2407 40 34 of
780 2418 59 33 my
856 2412 122 36 estate,
996 2408 16 33 I
1030 2407 129 44 hereby
1175 2407 115 35 devise
1307 2408 70 34 and
