1648 2688
297 275 67 33 286

450 416 114 34 CITY
585 416 62 34 OF
668 416 100 34 HOT
788 416 218 40 SPRINGS;
1028 416 101 34 HOT
1148 416 206 34 SPRINGS

431 465 334 34 ADVERTISING
790 466 33 33 &
844 465 212 35 TOURIST
1076 465 296 34 PROMOTION

397 514 331 41 COMMISSION;
749 515 265 34 ARKANSAS
1036 515 137 34 BANK
1196 516 33 33 &
1251 515 158 34 TRUST

330 564 258 41 COMPANY;
610 564 68 35 and
700 564 136 35 FIRST
856 564 260 35 NATIONAL
1137 565 136 34 BANK
1293 564 62 35 OF
1375 564 101 35 HOT

570 615 206 35 SPRINGS
798 625 27 24 v.
848 615 88 34 Tom
957 613 277 36 CREVISTON

297 700 129 33 85-237

1188 699 66 34 705
1276 698 143 35 S.W.2d
1439 699 67 34 415

625 782 170 43 Supreme
815 782 111 34 Court
945 781 39 35 of
1001 782 178 34 Arkansas

573 831 152 43 Opinion
745 831 172 34 delivered
938 831 127 34 March
1087 832 31 39 3,
1144 831 87 34 1986

326 879 251 39 [Supplemental
596 879 138 40 Opinion
752 889 40 21 on
811 879 114 31 Denial
943 879 36 31 of
994 879 180 39 Rehearing
1192 879 91 39 April
1306 880 47 36 15,
1376 878 103 39 1986.]

391 2083 150 38 Wooten,
558 2081 135 40 Glover,
707 2081 166 40 Sanders,
887 2081 133 44 Slagle,
1035 2081 198 35 Parkerson
1248 2083 31 33 &
1294 2083 210 42 Hargraves,

295 2133 95 39 P.A.,
414 2131 55 44 by:
492 2131 160 35 Richard
672 2133 45 33 H.
746 2133 143 33 Wooten
911 2131 69 35 and
1002 2131 133 35 Robert
1157 2132 36 34 S.
1218 2133 211 42 Hargraves,
1453 2131 54 35 for

295 2181 187 44 appellant,
505 2181 88 34 First
613 2181 168 34 National
803 2182 99 33 Bank
921 2181 39 34 of
978 2182 73 33 Hot
1071 2181 153 44 Springs.

390 2263 117 40 Wood,
519 2263 118 35 Smith
652 2265 30 33 &
694 2263 206 44 Schnipper,
911 2264 56 43 by:
977 2266 80 40 Ray
1066 2264 37 34 S.
1114 2263 119 35 Smith
1244 2264 68 34 and
1322 2265 122 33 James
1458 2265 46 33 W.

297 2313 182 41 Chesnutt;
506 2313 68 34 and
600 2313 140 43 Friday,
767 2313 177 44 Eldredge
972 2315 31 32 &
1033 2313 120 41 Clark,
1181 2313 54 43 by:
1262 2313 173 35 Herschel
1458 2314 46 33 H.

294 2362 140 44 Friday,
450 2362 94 35 John
559 2364 36 34 C.
611 2362 141 41 Echols,
767 2362 94 36 John
874 2365 125 41 Dewey
1017 2365 149 38 Watson,
1182 2363 133 35 Robert
1327 2364 41 34 K.
1388 2363 117 35 Walsh

295 2413 69 35 and
380 2413 133 35 Robert
528 2413 37 35 S.
584 2413 161 44 Schafer,
763 2413 53 35 for
833 2413 187 44 appellant,
1037 2413 179 34 Arkansas
1233 2413 100 34 Bank
1352 2414 33 33 &
1403 2414 104 33 Trust
