1648 2688
291 270 66 34 376

381 1803 130 33 Person
523 1803 30 32 &
570 1801 221 41 VanWinkle,
802 1801 55 43 by:
867 1802 32 33 J.
910 1800 191 44 Rdndolph
1110 1800 132 41 Shock,
1252 1800 54 35 for
1315 1801 185 43 appellant.

379 1881 105 34 Steve
507 1880 120 41 Clark,
651 1881 99 43 Att’y
771 1880 101 41 Gen.,
896 1880 55 44 by:
976 1881 132 34 Connie
1131 1880 133 43 Griffin,
1286 1881 93 33 Asst.
1402 1880 99 43 Att’y

290 1930 100 41 Gen.,
412 1930 53 34 for
485 1930 165 44 appellee.

381 2010 99 34 Jack
497 2011 119 39 Holt,
633 2010 68 40 Jr.,
719 2009 107 35 Chief
838 2009 141 35 Justice.

996 2010 189 43 Appellant
1200 2008 80 35 filed
1296 2020 44 23 an
1356 2009 84 34 Ark.
1457 2009 42 34 R.

290 2059 109 34 Crim.
410 2060 36 33 P.
458 2059 90 34 Rule
558 2060 43 33 37
612 2059 131 34 motion
753 2064 35 29 to
796 2064 123 29 vacate
928 2059 52 34 his
990 2059 198 43 negotiated
1198 2059 95 44 pleas
1302 2059 39 34 of
1347 2059 110 43 guilty
1466 2064 35 29 to

289 2109 98 34 three
402 2114 121 29 counts
540 2108 39 35 of
592 2108 150 44 delivery
758 2108 39 35 of
810 2120 21 23 a
847 2108 190 35 controlled
1053 2108 195 41 substance,
1265 2119 65 24 one
1345 2114 104 29 count
1465 2107 39 36 of

289 2158 203 44 conspiracy
504 2164 36 29 to
552 2158 143 35 commit
708 2158 90 35 theft
810 2158 40 35 of
859 2163 172 39 property,
1045 2158 69 35 and
1126 2169 66 23 one
1203 2163 105 29 count
1320 2158 39 34 of
1368 2158 133 43 driving

289 2208 101 34 while
400 2208 221 34 intoxicated.
634 2209 39 33 In
683 2208 52 34 his
746 2208 156 44 petition,
913 2208 177 44 appellant
1099 2207 135 44 alleged
1243 2208 77 34 that
1329 2207 52 35 his
1391 2207 110 44 guilty

289 2258 95 43 pleas
405 2268 90 24 were
516 2263 59 29 not
597 2258 206 43 knowingly,
825 2257 229 44 intelligently
1075 2268 38 24 or
1133 2257 207 44 voluntarily
1361 2257 139 35 entered

290 2307 148 35 because
457 2308 43 34 he
517 2319 70 23 was
606 2307 124 35 denied
749 2308 158 34 effective
926 2308 189 34 assistance
1132 2307 40 35 of
1187 2307 139 35 counsel
1345 2307 68 35 and
1431 2318 70 24 was

289 2357 143 35 coerced
446 2358 45 43 by
504 2357 59 35 the
575 2358 80 34 trial
668 2358 127 34 court’s
808 2357 115 35 denial
936 2357 40 35 of
985 2358 52 34 his
1051 2357 131 35 motion
1195 2357 54 34 for
1261 2357 239 34 continuance.

290 2408 40 33 In
339 2407 167 41 addition,
516 2407 44 34 he
568 2407 122 34 claims
699 2407 59 34 the
767 2412 98 29 court
874 2407 99 34 erred
982 2407 45 43 by
1037 2412 60 29 not
1106 2407 224 42 establishing
1340 2417 20 24 a
1369 2406 132 35 factual
