1648 2688
1253 267 64 33 421

203 406 105 35 Steve
320 406 120 41 Clark,
452 407 99 43 Att’y
562 407 100 41 Gen.,
675 407 55 43 by:
742 407 91 35 Jack
845 407 150 41 Gillean,
1007 408 93 34 Asst.
1113 407 98 44 Att’y
1222 408 100 40 Gen.,

114 455 53 35 for
187 456 165 43 appellee.

205 539 74 34 Per
295 539 162 35 Curiam.

473 536 75 38 The
562 540 183 43 petitioner
760 540 78 34 asks
853 540 53 34 for
921 551 20 24 a
956 540 76 34 writ
1046 540 40 34 of
1097 540 176 35 certiorari
1288 545 36 30 to

113 588 60 35 the
191 588 123 35 circuit
332 594 97 29 court
447 594 35 29 to
501 589 128 34 deliver
647 600 45 23 an
711 595 162 29 accurate
890 590 186 44 transcript
1095 590 34 34 in
1147 590 68 34 this
1233 601 89 24 case.

114 637 183 44 Evidently
311 638 97 34 three
422 638 162 35 different
598 644 170 38 reporters
783 649 89 25 were
886 639 84 35 used
985 644 37 30 at
1036 639 161 35 different
1211 640 111 34 times.

113 687 105 35 Since
236 688 95 43 filing
349 688 59 34 the
425 688 155 44 petition,
599 689 59 34 the
676 689 119 34 record
813 689 62 34 has
893 689 87 34 been
998 689 164 35 tendered
1180 689 68 35 and
1266 690 59 34 the

114 737 108 34 issues
237 737 181 44 presented
433 749 59 23 are
505 738 207 44 admittedly
727 744 93 29 moot
834 744 121 39 except
970 739 98 34 those
1082 739 192 44 pertaining
1289 745 36 29 to

114 787 60 34 the
193 787 186 44 transcript
399 787 168 45 prepared
587 788 45 44 by
653 789 169 43 Reporter
842 789 116 34 James
978 789 138 43 Taylor.

206 870 92 35 That
308 871 134 43 portion
452 871 165 35 recorded
627 871 45 44 by
682 872 117 34 James
808 872 127 44 Taylor
945 872 28 35 is
982 872 204 44 challenged
1196 872 53 35 for
1258 878 67 29 two

115 931 151 24 reasons:
285 920 26 35 it
328 920 27 35 is
373 921 198 35 inaccurate
588 921 69 35 and
674 922 126 44 Taylor
817 922 131 35 refuses
965 927 36 30 to
1017 922 124 44 certify
1158 923 58 34 the
1233 928 92 29 tran-

115 970 106 44 script
242 970 148 35 because
410 971 43 34 he
472 971 28 34 is
520 982 45 24 no
585 972 118 43 longer
723 983 20 23 a
764 977 162 39 reporter.

301 1054 180 45 Evidently
495 1055 128 44 Taylor
637 1065 71 24 was
722 1054 59 36 the
795 1055 83 44 duly
892 1055 155 35 certified
1061 1061 99 30 court
1175 1061 152 39 reporter

115 1103 55 35 for
184 1104 68 35 this
267 1104 122 35 circuit
402 1110 98 30 court
515 1110 36 29 at
565 1105 59 35 the
638 1105 85 35 time
736 1105 44 35 he
793 1105 111 35 acted.
919 1106 75 34 The
1008 1106 73 35 fact
1093 1106 77 35 that
1184 1106 43 35 he
1240 1106 28 35 is
1282 1117 44 24 no

116 1154 119 43 longer
246 1154 153 35 certified
410 1155 27 34 is
448 1154 187 35 incidental
646 1161 36 29 to
692 1155 52 35 his
755 1155 94 44 duty.
862 1156 34 34 If
903 1156 60 34 the
972 1156 79 34 trial
1062 1161 98 30 court
1170 1156 88 34 finds
1268 1157 59 34 the

116 1204 187 43 transcript
314 1209 172 36 accurate,
498 1205 128 43 Taylor
637 1205 88 34 shall
736 1205 123 44 certify
870 1205 77 35 that
958 1206 135 43 portion
1105 1206 44 34 he
1160 1206 166 44 prepared

117 1264 38 24 as
165 1259 163 29 accurate
338 1253 68 35 and
416 1254 74 43 sign
500 1254 36 34 it.
549 1255 56 34 He
614 1265 81 33 may
704 1255 117 34 reflect
830 1255 59 34 the
899 1254 72 36 fact
981 1256 76 34 that
1067 1256 43 34 he
1119 1256 28 34 is
1157 1266 44 24 no
1210 1256 117 43 longer

116 1313 21 24 a
151 1308 165 39 reporter;
330 1303 62 35 but
404 1304 44 34 he
460 1315 70 23 was
543 1314 21 24 a
577 1304 155 35 certified
745 1310 152 38 reporter
910 1305 83 34 then
1006 1305 69 35 and
1088 1310 127 30 cannot
1227 1305 99 35 avoid

117 1352 52 35 his
190 1352 86 45 duty
295 1358 36 30 to
351 1364 144 33 prepare
514 1354 69 34 and
603 1354 128 35 deliver
751 1365 44 24 an
815 1360 163 30 accurate
998 1355 195 44 transcript.

348 1436 74 34 The
433 1436 123 35 circuit
568 1442 99 29 court
679 1437 62 34 has
753 1437 59 34 the
824 1437 157 35 inherent
993 1438 176 43 authority
1181 1443 36 29 to
1228 1438 100 34 order

117 1485 77 34 that
206 1490 153 38 reporter
370 1490 35 30 to
417 1494 144 35 prepare
572 1497 45 23 an
629 1491 163 30 accurate
802 1487 195 43 transcript.
1011 1487 35 34 If
1054 1487 43 34 he
1108 1487 68 34 will
1187 1492 70 36 not,
1269 1488 59 34 the

117 1544 115 34 power
246 1534 39 35 of
296 1540 176 39 contempt
486 1535 207 44 proceeding
708 1536 28 34 is
750 1536 180 41 available;
945 1536 30 35 if
986 1536 44 35 he
1043 1542 127 29 cannot
1184 1547 144 34 prepare

117 1594 45 25 an
182 1590 163 29 accurate
364 1585 185 45 transcript
569 1585 149 35 because
737 1585 39 35 of
792 1586 270 45 incompetence,
1082 1586 59 36 the
1160 1597 112 34 power
1291 1592 36 30 to

116 1634 102 35 order
238 1635 26 34 it
284 1634 89 36 done
392 1640 36 30 at
448 1635 59 35 the
527 1636 183 44 reporter’s
730 1646 147 34 expense
896 1636 28 35 is
944 1637 180 35 available.

207 1718 76 34 The
310 1723 127 30 matter
465 1718 28 35 is
522 1719 189 35 remanded
740 1718 54 36 for
821 1720 59 34 the
907 1720 123 35 circuit
1058 1725 99 30 court
1184 1726 35 29 to
1248 1721 80 34 take

116 1768 174 34 whatever
306 1768 114 34 action
436 1768 27 34 is
479 1778 182 34 necessary
676 1774 36 29 to
728 1770 129 34 resolve
871 1770 60 34 the
945 1770 175 43 questions
1136 1770 191 43 remaining

116 1817 186 43 regarding
322 1817 58 35 the
400 1817 130 35 record.

208 1899 161 41 Purtle,
389 1900 42 40 J.,
452 1905 60 29 not
531 1900 257 44 participating.

286 2108 137 44 Johnny
443 2109 70 34 Lee
532 2109 153 35 TUBBS
706 2120 29 23 v.
756 2109 152 35 STATE
927 2110 40 34 of
983 2110 179 35 Arkansas

1009 2177 68 33 706
1097 2176 143 34 S.W.2d
1264 2177 64 33 180

446 2240 171 44 Supreme
637 2240 111 35 Court
767 2240 39 35 of
822 2241 179 35 Arkansas

384 2290 151 44 Opinion
555 2290 172 36 delivered
748 2291 127 35 March
896 2292 56 41 24,
977 2292 87 34 1986
