1644 2700
306 431 90 30 state
412 438 59 24 are
487 426 98 35 when
602 438 44 24 an
663 437 132 33 agency
810 438 38 23 or
864 427 116 35 officer
996 432 74 30 acts
1086 427 151 44 illegally
1253 439 38 23 or
1308 426 95 36 ultra
1419 429 99 39 vires,

307 476 111 35 which
441 487 120 24 means
585 477 134 42 beyond
741 477 59 34 the
823 477 160 43 agency’s
1006 488 38 23 or
1066 477 144 35 officer’s
1234 477 89 43 legal
1346 487 114 33 power
1482 488 38 23 or

306 525 186 44 authority.
503 525 151 35 Federal
665 527 187 42 Compress
865 527 30 33 &
913 525 211 35 Warehouse
1136 526 60 34 Co.
1207 537 30 23 v.
1251 526 91 40 Call,
1354 527 63 33 221
1433 527 84 33 Ark.

307 575 79 39 537,
409 575 68 33 254
500 574 143 34 S.W.2d
667 576 66 32 319
758 574 139 42 (1953);
919 574 85 35 Ark.
1029 575 112 34 Game
1165 576 31 32 &
1221 574 83 35 Fish
1329 575 135 34 Comm.
1487 586 31 23 v.

305 622 163 42 Eubank,
483 624 68 33 256
566 623 84 35 Ark.
667 625 78 39 930,
762 624 67 33 512
844 623 143 35 S.W.2d
1003 624 67 34 540
1086 623 137 43 (1974).
1240 623 279 35 Condemnation

305 683 96 24 cases
430 683 59 24 are
518 673 72 34 also
619 678 59 29 not
706 672 201 35 considered
936 673 85 34 suits
1050 673 136 43 against
1214 673 60 35 the
1301 678 100 30 state.
1429 673 87 35 Ark.

305 721 173 44 Highway
489 723 135 34 Comm.
634 733 31 23 v.
675 722 122 41 Flake,
807 724 69 33 254
884 723 85 34 Ark.
981 723 156 40 624, 495
1147 722 144 36 S.W.2d
1301 723 66 34 855
1380 723 137 43 (1973).

312 283 62 35 108

395 800 83 35 This
492 800 68 34 suit
574 800 28 35 is
616 805 59 29 not
689 800 119 35 within
822 811 68 33 any
904 800 39 35 of
954 801 96 35 these
1063 811 38 24 or
1114 801 99 35 other
1227 802 208 43 exceptions;
1450 801 26 35 it
1490 802 27 34 is

304 846 125 47 simply
441 861 21 23 a
473 850 69 34 suit
553 850 145 43 directly
710 850 137 43 against
858 851 60 34 the
929 856 91 29 state
1030 851 113 34 which
1155 850 28 35 is
1194 851 196 43 prohibited
1402 851 45 44 by
1459 851 60 34 the

305 897 234 36 constitution.

395 976 173 35 Reversed
588 976 69 35 and
677 977 192 35 dismissed.

395 1055 159 41 Purtle,
575 1056 42 41 J.,
639 1060 59 30 not
718 1055 256 45 participating.

364 1334 154 35 William
539 1334 195 35 PARKER
754 1345 27 23 v.
804 1334 179 35 SALINE
1003 1334 207 36 COUNTY
1230 1336 69 34 and
1320 1336 135 43 Wayne

600 1383 184 41 BISHOP,
805 1384 119 35 Saline
944 1385 140 43 County
1104 1384 113 44 Judge

375 1433 115 35 Willie
510 1433 43 34 G.
576 1433 173 41 BAKER,
771 1434 96 34 Ruth
889 1434 173 40 BAKER,
1083 1434 138 43 George
1241 1435 112 40 IVIR,
1375 1434 68 36 and

609 1483 127 44 Randy
756 1484 177 34 BAILEY
955 1483 248 44 (Intervenors)

303 1560 128 34 85-215

1241 1563 67 34 702
1329 1562 143 35 S.W.2d
1493 1564 20 33 7

629 1637 170 45 Supreme
819 1639 110 35 Court
949 1639 40 34 of
1005 1640 179 34 Arkansas

554 1687 150 45 Opinion
724 1688 172 35 delivered
917 1689 155 43 January
1092 1689 56 41 27,
1174 1690 86 34 1986
