1656 2688
293 423 113 34 would
419 428 59 29 not
490 423 43 34 be
544 422 184 35 sentenced
741 428 35 28 to
788 433 96 23 more
895 422 84 34 than
992 427 58 29 ten
1062 432 98 32 years
1173 421 29 34 if
1211 421 43 34 he
1266 426 90 29 went
1368 426 35 29 to
1414 420 89 34 trial.

293 473 189 43 Appellant
498 472 163 43 provided
677 482 44 23 no
736 476 142 38 support
895 471 53 34 for
963 471 59 33 the
1038 470 202 43 allegations
1257 475 35 29 to
1307 475 125 37 negate
1447 469 58 34 the

294 522 162 34 evidence
479 522 33 33 in
537 522 59 33 the
620 520 119 35 record
763 520 111 34 which
899 520 251 34 demonstrates
1174 520 76 33 that
1273 519 139 34 counsel
1436 529 69 24 was

294 577 207 38 competent.

294 285 67 34 314

478 649 189 44 Appellant
680 647 119 45 signed
813 659 44 23 an
871 647 154 35 affidavit
1038 647 99 34 when
1150 647 44 34 he
1206 646 138 35 refused
1357 646 59 35 the
1429 646 77 44 plea

295 700 144 43 bargain
468 699 129 43 stating
626 699 77 34 that
732 699 43 34 he
803 699 97 33 knew
929 697 39 35 of
994 697 59 35 the
1081 697 131 35 offered
1241 697 88 44 plea,
1359 697 76 34 that
1464 696 43 35 he

295 748 209 36 understood
515 749 59 34 the
584 748 120 35 advice
714 748 39 35 of
761 748 139 34 counsel
911 747 207 43 concerning
1129 747 59 35 the
1199 746 161 35 evidence
1370 746 136 43 against

295 800 83 40 him,
389 799 76 34 that
476 799 43 34 he
528 798 69 35 had
607 798 132 35 elected
749 803 35 30 to
794 798 87 35 have
891 809 20 23 a
917 798 80 43 jury
1007 797 79 35 trial
1097 797 69 35 and
1175 797 77 34 that
1262 797 43 34 he
1313 807 70 24 was
1393 807 114 24 aware

295 849 43 40 of.
347 849 59 34 the
423 858 106 34 range
546 848 39 35 of
599 854 178 29 sentences
795 848 53 34 for
865 848 163 43 burglary
1045 847 30 35 if
1089 847 44 35 he
1149 858 70 23 was
1236 846 177 35 convicted
1431 857 37 24 as
1485 857 20 23 a

295 899 157 34 habitual
464 898 165 35 offender.
642 898 75 34 The
727 898 79 34 trial
818 902 98 30 court
928 898 72 33 also
1011 897 194 34 conducted
1217 908 44 23 an
1272 896 234 35 in-chambers

295 949 143 42 hearing
452 948 207 43 concerning
674 948 59 34 the
746 947 149 44 possible
909 947 232 43 punishment,
1156 946 113 34 which
1283 946 68 34 had
1366 945 141 44 already

295 999 87 34 been
404 997 181 44 explained
607 1003 35 29 to
664 997 176 44 appellant
862 1002 36 29 at
920 996 246 43 arraignment.
1189 995 216 44 Appellant’s
1427 1006 79 23 con­

295 1048 136 43 clusory
446 1047 167 35 assertion
628 1047 76 34 that
720 1047 43 33 he
777 1046 59 34 did
852 1051 59 29 not
925 1045 213 35 understand
1154 1045 59 35 the
1227 1045 149 44 possible
1390 1055 116 24 conse­

295 1107 149 33 quences
461 1096 40 34 of
515 1107 20 23 a
549 1097 81 42 jury
647 1096 79 34 trial
744 1095 58 35 did
820 1101 60 28 not
897 1095 169 44 persuade
1083 1095 59 34 the
1159 1095 79 34 trial
1256 1099 98 29 court
1370 1094 77 34 that
1464 1094 43 34 he

295 1146 151 34 suffered
470 1156 68 32 any
562 1145 116 34 undue
702 1144 185 44 prejudice.
912 1144 83 34 This
1020 1144 111 34 Court
1154 1144 68 33 will
1246 1149 59 28 not
1328 1143 134 34 disturb
1486 1153 21 24 a

295 1194 131 43 finding
449 1195 44 43 by
515 1194 58 34 the
595 1194 78 34 trial
695 1199 98 29 court
815 1193 106 34 based
943 1193 106 43 solely
1070 1204 44 23 on
1136 1193 43 34 its
1201 1197 207 30 assessment
1429 1192 40 34 of
1487 1203 20 23 a

295 1244 166 34 witness’s
484 1242 204 45 credibility.
711 1244 68 33 See
802 1242 149 35 Girdner
970 1254 30 23 v.
1023 1243 114 40 State,
1161 1243 66 33 285
1251 1242 84 34 Ark.
1360 1243 55 39 70,
1439 1242 68 34 684

296 1293 143 36 S.W.2d
461 1294 65 34 808
550 1293 138 43 (1985).

386 1372 74 34 The
482 1371 119 35 record
623 1376 159 39 supports
803 1371 59 35 the
883 1370 131 44 finding
1035 1370 77 35 that
1133 1370 176 45 appellant
1330 1380 69 25 was
1421 1369 87 44 fully

296 1422 140 34 advised
445 1421 39 35 of
490 1422 52 34 his
551 1422 92 43 right
652 1427 36 29 to
696 1422 124 43 appeal
829 1421 69 35 and
907 1421 77 35 that
993 1421 43 35 he
1044 1420 59 35 did
1113 1426 59 29 not
1181 1421 102 34 make
1291 1420 52 35 his
1353 1419 111 36 desire
1472 1425 36 29 to

296 1472 123 43 appeal
431 1472 122 34 known
565 1477 36 29 to
612 1472 139 34 counsel
762 1471 88 35 until
861 1471 91 34 after
963 1471 59 34 the
1032 1471 85 34 time
1128 1470 53 35 for
1192 1470 96 43 filing
1299 1481 20 23 a
1330 1470 114 34 notice
1454 1469 54 35 for

296 1522 123 43 appeal
432 1521 69 34 had
513 1521 149 44 elapsed.
675 1521 75 34 The
761 1521 79 34 trial
848 1520 109 44 judge
968 1520 172 35 informed
1152 1520 59 34 the
1222 1520 176 43 appellant
1409 1519 99 35 when

296 1576 161 29 sentence
474 1580 70 25 was
562 1570 221 44 pronounced
801 1570 39 34 of
855 1570 52 34 his
925 1570 92 42 right
1035 1575 35 29 to
1088 1570 57 33 file
1162 1580 20 23 a
1201 1569 113 34 notice
1331 1569 39 34 of
1384 1569 123 43 appeal

296 1621 119 34 within
431 1620 107 43 thirty
553 1620 96 43 days.
665 1621 50 33 At
731 1620 58 34 the
805 1620 90 34 Rule
912 1620 42 33 37
972 1619 154 42 hearing,
1143 1619 176 43 appellant
1335 1617 173 35 conceded

296 1670 76 34 that
387 1670 58 34 the
460 1670 73 34 first
547 1670 85 34 time
646 1670 43 33 he
704 1669 174 34 indicated
893 1679 44 24 an
952 1668 142 35 interest
1108 1668 35 34 in
1157 1679 44 23 an
1217 1668 123 43 appeal
1354 1678 70 24 was
1439 1667 34 34 in
1488 1678 20 24 a

297 1720 100 34 letter
407 1725 75 29 sent
492 1724 35 30 to
537 1719 139 34 counsel
687 1719 35 34 in
737 1719 99 40 1984,
847 1729 96 23 more
952 1718 85 34 than
1047 1718 80 34 nine
1137 1717 138 35 months
1286 1716 90 36 after
1386 1717 43 34 he
1439 1728 69 23 was

296 1769 189 34 convicted.

481 1846 66 33 We
557 1845 88 34 have
656 1844 223 43 consistently
890 1843 80 35 held
981 1844 77 34 that
1069 1843 60 34 the
1140 1843 125 34 failure
1275 1843 39 34 of
1322 1843 138 34 counsel
1472 1848 36 28 to

297 1894 132 44 perfect
441 1905 45 23 an
498 1894 123 44 appeal
633 1894 100 34 when
744 1894 59 34 the
814 1893 190 34 defendant
1016 1893 128 34 desires
1156 1904 44 23 an
1213 1893 122 43 appeal
1347 1897 161 29 amounts

297 1950 35 28 to
345 1955 20 23 a
378 1944 115 34 denial
506 1943 39 35 of
554 1943 218 35 defendant’s
786 1943 92 43 right
890 1948 36 29 to
938 1943 158 34 effective
1109 1942 188 35 assistance
1308 1941 40 35 of
1357 1941 149 35 counsel.

296 1993 246 35 Henderson v.
553 1994 113 40 State,
678 1994 66 33 278
755 1993 85 34 Ark.
856 1993 153 41 107, 643
1021 1992 143 35 S.W.2d
1178 1993 63 33 107
1254 1991 136 43 (1982).
1403 1992 104 40 Here,

297 2044 176 43 appellant
486 2043 59 34 did
559 2048 59 29 not
632 2043 127 34 inform
772 2043 139 34 counsel
925 2042 39 35 of
974 2042 52 35 his
1040 2042 112 34 desire
1164 2047 35 29 to
1213 2042 122 43 appeal
1349 2041 87 34 until
1450 2041 59 34 the

297 2094 84 34 time
391 2093 53 34 for
454 2093 95 43 filing
559 2104 20 23 a
590 2093 113 34 notice
712 2092 39 35 of
758 2093 123 43 appeal
892 2092 69 34 had
971 2092 133 44 passed.
1116 2093 50 33 As
1176 2103 20 23 a
1206 2092 116 40 result,
1332 2090 176 45 appellant

297 2143 130 35 waived
448 2142 52 35 his
521 2142 92 43 right
632 2147 36 30 to
688 2142 134 44 appeal.

529 2220 194 40 Moreover,
743 2219 177 44 appellant
938 2218 102 35 could
1060 2218 88 34 have
1166 2217 80 35 filed
1266 2228 20 24 a
1305 2216 130 36 motion
1455 2216 54 35 for

297 2269 138 35 belated
445 2269 123 44 appeal
578 2269 34 34 in
622 2269 68 35 this
701 2269 110 34 Court
820 2274 36 29 at
866 2268 154 44 anytime
1028 2268 120 34 within
1158 2268 158 43 eighteen
1326 2267 137 35 months
1473 2266 39 35 of

297 2320 52 34 his
362 2319 251 35 commitment.
627 2319 85 35 Ark.
727 2320 42 33 R.
783 2319 109 34 Crim.
906 2319 36 34 P.
957 2318 91 35 Rule
1061 2319 89 34 36.9.
1166 2317 149 42 Instead,
1329 2317 43 35 he
1384 2317 125 35 waited

297 2375 36 29 to
353 2370 80 34 seek
453 2380 20 24 a
493 2369 138 35 belated
651 2369 123 44 appeal
795 2369 87 34 until
903 2368 90 35 after
1013 2368 59 35 the
1091 2368 85 34 time
1195 2368 54 34 for
1268 2367 96 43 filing
1384 2367 84 35 such
1488 2377 21 24 a

298 2419 130 35 motion
439 2418 69 35 had
519 2418 150 45 expired;
680 2418 69 35 and
759 2419 82 34 then
852 2418 43 34 he
905 2417 186 36 addressed
1101 2417 59 35 the
1169 2422 138 39 request
1317 2422 35 29 to
1362 2417 59 34 the
1429 2416 80 35 trial
