1651 2695
307 411 112 34 which
435 422 89 23 were
539 411 127 35 cashed
683 411 45 43 by
743 412 59 34 the
818 411 121 43 Flying
955 411 138 35 Service
1109 411 215 44 bookkeeper
1339 422 44 23 on
1399 411 121 44 forged

307 460 268 35 endorsements.
603 461 74 34 The
704 461 98 34 Bank
827 460 165 35 contends
1019 461 76 34 that
1121 461 26 34 it
1173 472 69 23 was
1269 461 142 34 entitled
1438 467 35 29 to
1499 472 20 24 a

307 510 153 35 directed
482 510 131 34 verdict
634 520 44 24 on
701 510 59 34 the
781 510 133 43 ground
937 510 76 35 that
1035 511 97 34 there
1154 521 70 24 was
1246 521 44 24 no
1312 510 207 35 substantial

306 559 163 35 evidence
492 560 76 34 that
593 559 26 34 it
643 559 107 35 failed
773 565 36 29 to
833 565 57 28 act
914 560 34 33 in
973 559 214 35 accordance
1210 560 82 34 with
1317 560 202 34 reasonable

307 609 221 34 commercial
538 609 194 34 standards.
743 610 65 33 We
818 619 103 32 agree
930 609 82 34 with
1022 610 59 33 the
1090 609 79 34 trial
1175 609 137 43 judge’s
1321 609 198 35 conclusion

307 659 76 34 that
403 658 59 34 the
482 658 102 44 proof
601 659 181 42 presented
802 670 20 23 a
839 658 81 44 jury
940 659 168 43 question.

309 269 67 34 234

397 739 74 35 The
485 739 89 35 facts
588 750 60 23 are
661 745 60 29 not
735 739 197 44 essentially
946 740 34 34 in
994 740 147 44 dispute.
1156 740 75 34 The
1246 740 120 44 Flying
1380 740 139 35 Service

306 788 169 44 performs
498 789 225 43 agricultural
746 789 150 34 aviation
920 789 145 34 services
1088 789 34 34 in
1146 789 58 34 the
1227 790 144 34 Walnut
1394 790 123 42 Ridge,

306 838 189 40 Arkansas,
519 849 92 23 area.
636 838 155 35 Barbara
815 839 169 40 Brunson,
1008 850 20 23 a
1051 839 216 43 bookkeeper
1289 839 83 34 with
1394 839 123 34 check-

306 887 135 43 writing
462 887 176 43 authority
659 887 93 35 since
777 888 99 40 1966,
897 898 70 24 was
988 888 198 34 discovered
1207 888 34 34 in
1267 889 87 34 1977
1376 893 35 29 to
1432 889 87 34 have

306 936 198 35 embezzled
523 937 60 35 her
602 937 203 44 employer’s
824 942 147 30 account
989 937 45 44 by
1052 937 135 44 signing
1205 938 135 34 checks.
1360 938 71 34 She
1448 949 69 24 was

306 986 207 36 terminated
529 987 62 35 but
606 987 237 44 immediately
858 987 146 42 rehired,
1021 987 144 35 without
1180 988 261 43 check-writing
1457 999 60 24 au-

305 1036 139 44 thority,
465 1036 90 36 after
576 1043 202 38 repayment
798 1036 39 36 of
854 1037 59 34 the
933 1037 76 35 loss.

396 1118 92 35 Soon
501 1118 189 35 thereafter
702 1120 156 34 Brunson
870 1119 133 44 opened
1015 1131 44 23 an
1072 1125 148 29 account
1231 1120 54 35 for
1297 1120 61 35 her
1369 1131 76 23 own
1457 1132 61 23 use

305 1174 36 29 at
363 1168 59 34 the
445 1169 99 34 Bank
565 1169 35 34 in
622 1169 59 34 the
703 1180 102 24 name
827 1168 39 35 of
886 1169 167 35 “Walnut
1076 1169 113 43 Ridge
1212 1170 121 43 Flying
1355 1170 161 34 Service”

304 1218 195 43 furnishing
510 1218 60 35 her
581 1219 202 42 employer’s
795 1224 59 29 tax
865 1219 72 34 I.D.
950 1219 146 34 number
1107 1218 68 35 and
1186 1224 133 30 correct
1329 1219 141 35 address
1482 1220 34 34 in

305 1267 144 34 Walnut
459 1267 122 44 Ridge.
593 1267 70 34 She
672 1267 202 44 designated
884 1268 131 34 herself
1022 1279 37 24 as
1070 1268 59 34 the
1138 1269 71 34 sole
1218 1269 177 43 signatory
1404 1280 44 23 on
1458 1270 59 33 the

304 1322 157 29 account.
485 1318 134 41 During
639 1317 59 34 the
718 1323 81 29 next
819 1318 131 33 several
971 1318 138 34 months
1129 1318 61 34 she
1210 1318 179 44 deposited
1410 1319 107 34 about

305 1367 151 40 $41,000
476 1367 34 34 in
530 1367 124 34 checks
675 1367 39 34 of
730 1367 59 34 the
810 1367 121 43 Flying
951 1367 139 35 Service
1110 1367 71 35 into
1201 1368 59 34 the
1280 1374 148 29 account
1448 1369 68 34 and

304 1416 243 44 appropriated
568 1416 59 35 the
646 1416 103 35 funds
770 1422 35 30 to
826 1417 61 34 her
907 1428 75 24 own
1003 1429 70 23 use.

394 1498 94 33 Nick
505 1498 157 40 Vaccari,
680 1509 114 23 owner
811 1497 39 35 of
864 1498 59 34 the
941 1499 120 43 Flying
1079 1498 149 42 Service,
1246 1499 144 34 became
1406 1500 108 43 suspi-

303 1547 94 34 cious
412 1547 107 34 about
533 1547 59 34 the
607 1553 163 28 accounts
786 1547 191 35 receivable
991 1553 182 38 payments
1189 1548 34 34 in
1239 1549 59 34 the
1312 1559 152 24 summer
1479 1549 40 34 of

308 1596 98 40 1978,
421 1596 62 34 but
495 1596 59 35 did
568 1601 59 30 not
641 1596 114 35 follow
768 1608 47 33 up
827 1597 88 34 until
928 1597 200 35 November
1146 1598 86 34 1978
1247 1597 149 35 because
1408 1598 40 34 of
1458 1599 59 34 the

303 1645 150 35 demand
464 1657 44 23 on
520 1646 51 35 his
584 1646 84 35 time
679 1646 34 34 in
724 1647 59 34 the
794 1646 165 35 business.
973 1648 55 34 He
1040 1647 140 35 learned
1192 1658 20 24 a
1223 1653 174 30 customer
1408 1648 109 35 check

303 1695 69 35 had
394 1695 86 35 been
502 1696 178 44 deposited
702 1696 34 34 in
758 1697 59 34 the
839 1697 99 34 Bank
958 1702 36 29 at
1016 1697 190 35 Jonesboro
1228 1698 68 34 and
1319 1703 59 29 not
1400 1703 35 29 to
1457 1699 59 34 the

303 1745 137 43 regular
453 1746 93 34 bank
559 1751 147 30 account
719 1747 34 33 in
767 1758 19 23 a
800 1747 88 34 local
903 1747 102 34 bank.
1020 1747 103 35 After
1137 1747 102 44 being
1252 1747 205 35 confronted
1471 1748 45 44 by

303 1795 158 41 Vaccari,
484 1796 155 34 Brunson
660 1795 188 36 confessed.
870 1797 57 33 An
948 1796 97 35 audit
1066 1797 157 35 revealed
1244 1798 59 34 the
1323 1797 77 35 loss.

393 1877 33 33 A
443 1876 128 35 former
587 1877 177 43 employee
779 1877 40 35 of
832 1877 59 35 the
907 1878 99 34 Bank
1022 1878 149 35 testified
1188 1879 60 34 she
1264 1889 69 25 was
1350 1879 59 34 the
1425 1890 89 24 new-

302 1931 164 30 accounts
481 1927 94 34 clerk
589 1927 68 34 and
672 1927 69 34 had
756 1927 132 44 opened
904 1927 59 35 the
977 1933 158 29 account.
1151 1928 75 35 The
1240 1929 177 43 signature
1431 1929 83 34 card

301 1976 138 34 showed
449 1987 43 23 no
502 1976 175 35 residence
685 1976 152 41 address,
848 1977 59 34 the
916 1977 155 35 business
1081 1977 142 35 address
1232 1990 69 23 was
1310 1978 203 43 designated

301 2036 37 24 as
357 2036 21 23 a
397 2031 76 38 post
492 2026 99 35 office
609 2026 88 41 box,,
706 2027 68 34 and
793 2037 44 24 no
856 2027 183 43 telephone
1058 2027 146 35 number
1223 2039 69 24 was
1311 2028 111 35 listed.
1443 2029 71 34 She

301 2075 149 35 recalled
469 2076 143 42 nothing
630 2081 60 29 out
708 2076 39 34 of
762 2077 59 34 the
839 2076 173 44 ordinary,
1031 2076 167 44 although
1217 2078 144 35 without
1380 2077 134 36 further

301 2124 136 44 inquiry
446 2136 44 23 an
500 2130 147 30 account
656 2137 69 23 was
735 2126 132 44 opened
876 2126 54 34 for
939 2138 44 23 an
993 2126 221 35 out-of-town
1224 2128 129 43 “flying
1362 2128 150 34 service”

301 2175 45 43 by
366 2185 20 23 a
407 2185 113 33 young
541 2186 145 23 woman.

391 2256 128 43 Expert
529 2256 186 44 testimony
725 2256 131 35 offered
867 2257 45 43 by
923 2257 59 34 the
993 2257 99 35 Bank
1101 2257 91 35 from
1203 2269 44 23 an
1258 2258 176 34 executive
1444 2258 40 34 of
1491 2270 21 23 a

300 2305 197 43 competing
517 2305 89 35 local
625 2305 95 35 bank
737 2317 71 23 was
828 2306 77 34 that
925 2306 59 35 the
1004 2307 100 34 Bank
1123 2306 159 36 followed
1302 2307 59 35 the
1380 2313 133 29 correct

300 2354 189 45 procedure
504 2355 34 34 in
553 2355 148 45 opening
716 2356 59 34 the
790 2361 148 30 account
952 2356 69 35 and
1036 2356 101 35 acted
1153 2357 34 34 in
1202 2357 213 35 accordance
1430 2358 82 34 with

300 2405 202 34 reasonable
524 2406 221 34 commercial
768 2405 194 35 standards.
986 2407 56 33 On
1065 2407 355 41 cross-examination,
1444 2407 68 35 this
