1624 2688
299 273 63 33 120

382 793 67 33 Joe
473 791 152 40 Villines,
647 793 63 39 Jr.,
731 791 54 35 for
805 792 186 43 appellant.

382 868 104 33 Steve
502 867 120 41 Clark,
637 868 99 43 Att’y
750 868 101 40 Gen.,
866 867 55 44 by:
939 867 148 36 Charles
1100 870 42 32 R.
1158 870 125 39 Lucas,
1298 869 93 34 Asst.
1407 869 98 43 Att’y

292 917 100 40 Gen.,
414 916 53 35 for
488 917 164 43 appellee.

382 991 99 34 Jack
497 992 119 39 Holt,
631 992 69 39 Jr.,
715 991 108 34 Chief
833 991 141 34 Justice.

990 991 74 34 The
1077 992 187 43 appellant,
1280 992 132 34 Robert
1425 992 79 41 Orr,

292 1050 69 25 was
376 1040 178 35 convicted
569 1040 45 43 by
628 1051 21 23 a
659 1040 82 43 jury
755 1040 39 34 of
805 1040 74 35 first
893 1040 125 44 degree
1032 1040 141 37 murder
1187 1041 69 34 and
1270 1041 185 35 sentenced
1470 1047 35 29 to

292 1089 60 35 life
368 1089 272 44 imprisonment.
659 1090 31 34 It
706 1090 28 34 is
750 1090 91 35 from
857 1091 77 34 that
950 1091 192 34 conviction
1159 1091 77 35 that
1252 1091 68 35 this
1337 1092 123 43 appeal
1477 1091 27 35 is

291 1139 160 43 brought.
462 1139 75 35 Our
544 1139 218 44 jurisdiction
772 1140 28 35 is
810 1146 168 38 pursuant
988 1146 36 29 to
1033 1141 84 44 Sup.
1129 1141 56 35 Ct.
1198 1142 42 34 R.
1252 1141 82 43 29(1­
1342 1141 85 44 )(b).
1440 1142 65 34 We

291 1189 123 34 affirm.

381 1264 201 44 Testimony
606 1270 36 29 at
666 1265 59 34 the
749 1265 78 35 trial
852 1265 175 35 indicated
1051 1266 77 35 that
1152 1266 177 44 appellant
1353 1266 68 35 and
1445 1267 59 34 the

289 1314 130 41 victim,
439 1314 141 35 Loretta
601 1314 153 41 Daniels,
774 1314 69 35 had
863 1315 86 35 been
969 1315 126 44 having
1115 1326 44 24 an
1179 1316 103 35 affair
1300 1316 55 34 for
1374 1317 129 34 several

290 1374 109 34 years.
411 1365 49 33 At
471 1364 106 35 about
592 1366 76 33 1:30
679 1376 80 23 a.m.
771 1375 44 24 on
827 1365 88 43 May
930 1366 167 40 16,1984,
1109 1366 88 34 Mrs.
1210 1366 142 34 Daniels
1363 1366 69 34 and
1442 1366 61 35 her

290 1413 237 43 five-year-old
538 1413 182 44 daughter,
731 1415 113 43 Patty,
855 1426 90 23 were
954 1415 120 43 sitting
1085 1415 34 34 in
1130 1415 90 35 their
1230 1426 60 24 car
1299 1415 136 35 outside
1445 1416 59 34 the

290 1468 164 29 entrance
469 1468 36 29 to
521 1463 59 35 the
597 1464 173 34 Mar-Bax
787 1464 95 35 Shirt
900 1465 147 43 Factory
1063 1465 34 35 in
1114 1465 182 41 Gassville,
1313 1465 189 35 Arkansas.

289 1512 97 44 They
396 1523 89 24 were
495 1513 140 43 waiting
646 1513 54 34 for
711 1513 65 35 Bill
787 1514 154 41 Daniels,
953 1515 87 33 Mrs.
1053 1514 154 35 Daniels’
1218 1514 171 42 husband,
1400 1520 36 29 to
1446 1520 57 38 get

289 1562 52 34 off
350 1562 40 34 of
400 1562 93 34 work
506 1562 98 35 when
618 1574 20 23 a
651 1563 127 44 pickup
791 1563 101 34 truck
903 1563 117 44 pulled
1033 1564 179 43 alongside
1224 1564 59 35 the
1296 1575 69 24 car.
1379 1565 34 36 A
1425 1564 78 35 shot

289 1622 70 23 was
373 1611 85 35 fired
473 1611 90 35 from
577 1612 59 34 the
650 1613 101 33 truck
763 1612 112 35 which
890 1613 51 35 hit
955 1613 59 34 the
1027 1624 60 23 car
1101 1613 69 34 and
1185 1614 82 34 then
1281 1614 119 34 struck
1413 1615 88 34 Mrs.

290 1661 141 34 Daniels
447 1672 44 23 on
506 1661 59 34 the
580 1666 59 39 top
653 1661 39 35 of
704 1662 61 34 her
779 1662 101 41 head,
896 1662 121 43 killing
1032 1662 71 35 her.
1121 1663 104 34 Later
1240 1663 77 34 that
1331 1663 169 44 morning,

289 1710 68 34 Orr
372 1710 69 35 and
457 1711 51 34 his
524 1710 79 35 wife
618 1711 68 34 and
702 1722 60 23 son
778 1711 134 35 arrived
928 1717 37 29 at
979 1712 60 34 the
1054 1712 188 35 Mountain
1259 1714 115 34 Home
1388 1713 114 35 Police

289 1761 240 43 Department,
541 1761 114 34 where
665 1761 69 34 Orr
745 1761 124 35 turned
880 1761 143 35 himself
1031 1762 45 34 in.
1090 1763 56 33 He
1156 1773 70 24 was
1237 1762 218 44 transported
1467 1768 35 29 to

288 1809 59 35 the
358 1811 126 34 Baxter
495 1810 139 44 County
644 1811 158 35 Sheriffs
813 1811 112 35 Office
934 1811 115 35 where
1058 1811 44 35 he
1111 1823 70 24 was
1191 1812 100 43 given
1301 1823 20 24 a
1332 1812 170 35 Miranda

288 1860 155 43 warning
470 1860 68 37 and
565 1860 119 44 signed
712 1872 20 23 a
759 1861 109 43 rights
894 1861 126 35 waiver
1047 1861 101 36 form.
1177 1863 56 34 He
1259 1862 82 35 then
1368 1873 86 33 gave
1481 1874 20 24 a

288 1915 187 30 statement
493 1910 195 44 confessing
706 1911 59 35 the
783 1911 170 44 shooting.
972 1912 112 34 Trace
1101 1912 107 35 metal
1226 1912 173 35 detection
1417 1917 83 30 tests

288 1971 89 23 were
388 1960 197 44 performed
597 1971 44 24 on
653 1961 69 34 Orr
733 1961 83 35 with
828 1962 144 43 positive
983 1962 134 34 results.
1130 1962 104 35 After
1246 1973 20 24 a
1278 1963 223 44 preliminary

288 2010 154 43 hearing,
456 2010 60 34 the
529 2010 79 35 trial
617 2011 109 43 judge
739 2011 97 35 ruled
850 2011 60 35 the
922 2011 195 35 confession
1131 2012 68 34 and
1213 2012 60 34 the
1286 2017 95 30 trace
1394 2013 106 34 metal

287 2064 67 30 test
374 2060 123 34 results
518 2071 89 23 were
626 2060 210 35 admissible.

377 2135 75 35 The
464 2135 204 44 appellant’s
681 2136 74 34 first
767 2141 184 38 argument
963 2147 44 24 on
1020 2137 124 44 appeal
1157 2137 27 34 is
1197 2137 76 35 that
1285 2137 27 35 it
1323 2148 70 24 was
1406 2148 94 24 error

286 2189 36 29 to
335 2184 111 35 admit
459 2185 72 34 into
544 2185 163 35 evidence
720 2186 52 34 his
786 2191 187 30 statement
986 2186 149 35 because
1148 2187 26 34 it
1187 2198 69 23 was
1270 2187 228 46 involuntary,

286 2234 69 35 and
379 2234 59 34 the
461 2239 95 30 trace
579 2235 106 34 metal
709 2235 173 35 detection
905 2241 95 35 tests,
1025 2247 38 23 as
1086 2236 82 44 they
1190 2247 89 24 were
1302 2236 196 44 performed

286 2284 145 34 without
451 2284 214 35 notification
685 2290 36 29 to
741 2285 69 34 Orr
829 2284 40 36 of
886 2285 52 34 his
958 2285 171 35 Miranda
1148 2285 119 44 rights.

517 2359 66 34 We
595 2358 268 45 independently
876 2360 122 34 review
1011 2360 59 34 the
1083 2360 137 43 totality
1232 2360 39 34 of
1281 2360 59 34 the
1352 2360 146 35 circum­

286 2412 135 30 stances
441 2408 229 43 surrounding
690 2419 20 23 a
729 2408 194 35 confession
943 2414 35 29 to
997 2409 191 35 determine
1207 2409 153 35 whether
1379 2420 44 24 an
1443 2420 55 24 ac-
