1632 2696
117 415 168 41 addition,
306 416 59 34 the
384 416 223 35 inconsistent
627 422 203 30 statements
850 418 100 43 given
970 423 35 29 to
1024 418 60 34 the
1103 418 110 44 police
1232 418 34 34 in
1286 429 45 24 an

117 471 150 38 attempt
285 471 36 29 to
339 466 135 43 explain
493 467 59 34 the
570 467 192 43 possession
780 467 39 34 of
833 468 60 34 the
910 473 162 39 property
1090 468 179 35 authorize
1286 479 45 24 an

118 515 176 34 inference
321 515 39 34 of
383 516 96 42 guilt.
508 516 75 35 The
610 516 163 35 evidence
799 517 27 34 is
854 517 171 35 sufficient
1052 523 35 29 to
1114 518 132 35 sustain
1272 518 60 35 the

117 565 211 35 convictions
350 565 52 35 for
423 566 163 44 burglary
606 567 70 34 and
696 567 156 44 robbery.

1266 278 63 34 179

303 635 74 34 The
391 635 176 44 appellant
582 640 81 30 next
678 646 123 33 argues
815 636 76 35 that
906 636 59 35 the
979 636 79 35 trial
1072 642 99 29 court
1185 637 97 35 erred
1297 637 35 35 in

118 684 60 34 the
206 695 144 25 manner
377 685 34 34 in
437 685 112 35 which
577 686 44 34 he
647 686 91 34 fixed
765 686 59 34 the
850 686 118 44 length
995 686 39 35 of
1058 687 59 34 the
1144 692 186 30 sentences.

120 735 180 40 However,
311 735 97 34 there
417 746 69 24 was
497 746 44 24 no
550 736 173 43 objection
734 736 34 34 in
779 736 59 35 the
847 737 103 34 lower
959 742 99 30 court
1067 742 36 30 to
1113 737 59 35 the
1182 737 104 44 fixing
1296 737 39 35 of

119 784 59 34 the
189 790 189 36 sentences,
391 785 67 34 and
470 797 50 23 we
531 786 68 34 will
611 791 60 29 not
681 786 156 35 consider
849 797 20 24 a
881 792 127 29 matter
1018 792 60 30 not
1089 787 112 35 raised
1213 787 118 35 below.

118 834 76 34 The
204 845 122 24 reason
338 834 53 35 for
401 835 59 34 the
470 835 74 34 rule
555 836 28 34 is
594 841 90 29 most
695 836 140 34 obvious
847 837 34 34 in
892 837 68 34 this
971 847 90 24 case.
1073 837 74 35 The
1157 838 175 43 appellant

119 895 103 23 never
237 884 141 34 notified
393 885 59 34 the
462 885 109 43 judge
585 885 39 34 of
636 886 52 34 his
703 886 172 42 objection
890 891 35 30 to
940 887 59 34 the
1013 898 145 24 manner
1173 887 34 34 in
1221 887 111 35 which

119 934 60 33 the
186 933 109 43 judge
306 934 89 34 fixed
406 934 59 34 the
476 940 178 29 sentences
666 935 80 41 and,
758 947 37 23 as
807 947 20 23 a
838 936 117 41 result,
967 936 60 34 the
1033 936 109 44 judge
1152 948 101 23 never
1264 937 69 34 had

119 994 21 23 a
153 983 133 34 chance
298 989 35 29 to
346 984 73 34 rule
430 995 44 23 on
486 985 60 33 the
558 990 138 35 matter,
710 985 68 34 and
791 991 35 28 to
838 991 133 29 correct
983 986 27 34 it
1022 986 30 34 if
1061 986 26 34 it
1099 997 70 24 was
1182 987 34 33 in
1229 997 103 24 error.

211 1051 181 35 Affirmed.

212 1121 159 40 Purtle,
393 1121 41 40 J.,
456 1126 59 29 not
536 1121 256 44 participating.

181 1315 65 34 Bill
268 1316 299 41 WAGGONER,
588 1318 61 40 Jr.,
671 1317 68 34 and
759 1318 141 34 Pamela
920 1319 44 34 A.
986 1319 289 35 WAGGONER

347 1376 27 24 v.
397 1366 144 34 GAME
561 1367 148 34 SALES
731 1367 258 42 COMPANY,
1011 1368 97 34 INC.

122 1434 129 34 85-195

1013 1438 69 33 702
1102 1437 143 35 S.W.2d
1266 1438 66 34 808

449 1503 171 44 Supreme
641 1504 111 34 Court
771 1504 39 34 of
827 1505 178 34 Arkansas

363 1552 150 44 Opinion
534 1553 173 34 delivered
729 1554 175 43 February
928 1556 52 39 10,
1005 1556 88 33 1986

390 1599 192 40 [Rehearing
601 1600 113 32 denied
734 1601 115 31 March
871 1602 47 36 17,
942 1601 125 40 1986.*]

212 2183 115 34 Faber
345 2185 41 33 D.
408 2184 157 40 Jenkins,
587 2184 54 34 for
661 2185 186 42 appellant.

215 2267 134 43 George
368 2269 45 32 H.
435 2267 133 43 Bailey,
590 2268 53 34 for
664 2269 165 43 appellee.

190 2427 12 15 *
220 2428 92 30 Purtle,
327 2429 31 29 J.,
374 2432 42 22 not
432 2429 185 32 participating.
