1656 2688
298 419 148 42 Bearing
467 419 96 34 these
583 419 90 34 rules
695 419 33 34 in
749 418 107 41 mind,
877 429 51 23 we
948 418 121 34 review
1090 418 59 34 the
1169 418 171 34 evidence.

298 279 66 33 346

388 548 58 33 No
456 558 65 23 one
531 547 181 34 witnessed
723 547 58 33 the
791 546 168 34 accident.
973 546 171 34 Faulkner
1154 546 148 34 testified
1312 546 76 34 that
1398 546 43 33 he
1450 550 58 38 got

298 597 71 33 into
382 596 59 34 the
453 597 151 33 elevator
616 596 181 34 sometime
810 595 90 35 after
917 597 36 32 11
970 606 81 33 p.m.
1065 606 44 23 on
1122 595 59 34 the
1194 595 97 43 night
1303 595 39 34 of
1351 595 156 43 Septem-

298 645 59 34 ber
385 647 50 38 17,
464 646 98 39 1980,
585 655 44 24 on
651 645 59 34 the
733 645 116 34 fourth
872 645 95 40 floor,
990 645 112 33 which
1125 644 27 34 is
1174 644 59 34 the
1255 650 58 37 top
1335 644 94 34 floor.
1454 645 55 33 He

298 694 163 35 intended
475 700 35 29 to
523 705 43 32 go
581 699 35 30 to
629 694 59 34 the
702 695 179 33 basement
894 699 36 29 to
943 699 58 38 get
1014 705 20 23 a
1049 694 125 34 shovel.
1189 694 75 34 The
1277 694 149 33 elevator
1439 704 69 23 was

298 745 58 34 the
369 750 80 39 type
461 745 114 34 where
586 744 59 35 the
658 744 122 35 button
793 744 158 34 switches
964 749 92 29 must
1068 744 43 34 be
1123 743 132 44 pushed
1268 743 194 44 constantly
1474 748 35 30 to

298 806 99 24 move
415 795 59 35 the
493 795 160 34 elevator.
674 796 56 33 He
748 794 132 45 pushed
899 794 59 35 the
977 794 123 35 button
1118 799 36 29 to
1172 804 43 33 go
1234 793 110 42 down,
1364 793 68 35 and
1450 793 59 35 the

298 846 150 34 elevator
460 845 168 44 suddenly
637 845 155 44 jumped.
808 845 171 34 Faulkner
990 844 75 35 said
1078 844 44 35 he
1133 844 62 35 felt
1208 844 68 35 like
1287 844 27 34 it
1325 855 69 23 was
1407 844 102 43 going

298 901 57 28 too
366 895 68 34 fast
446 895 67 34 and
525 895 68 34 had
604 895 59 34 the
673 895 173 34 sensation
857 894 39 35 of
904 894 132 43 falling;
1048 894 43 34 he
1101 894 107 34 threw
1219 905 46 33 up
1276 894 52 34 his
1338 905 92 23 arms
1441 894 68 34 and

298 956 69 23 saw
378 946 120 42 sparks
509 945 45 43 fly
564 944 182 35 overhead.
758 944 178 43 Suddenly
946 944 26 34 it
982 943 155 44 stopped.
1150 945 56 33 He
1215 944 71 40 fell,
1297 944 150 42 injuring
1458 944 51 34 his

298 1005 136 32 coccyx.
458 994 92 34 Over
572 995 43 33 30
637 994 149 34 minutes
807 994 88 34 later
916 994 52 33 his
989 993 193 44 supervisor
1203 993 107 34 found
1332 993 82 34 him.
1436 993 74 34 The

298 1044 150 34 elevator
468 1055 70 23 was
558 1043 144 44 stopped
719 1044 73 42 just
812 1043 109 34 below
941 1043 59 34 the
1020 1042 92 35 third
1132 1043 85 34 floor
1237 1042 152 43 landing.

389 1171 56 33 On
466 1171 123 43 appeal
610 1182 51 23 we
681 1171 86 33 have
787 1170 119 34 before
926 1181 40 23 us
986 1171 59 33 the
1065 1170 185 43 testimony
1270 1170 39 34 of
1327 1170 182 40 Faulkner,

300 1220 199 34 Faulknerâ€™s
510 1225 118 38 expert
637 1220 147 40 witness,
796 1220 59 33 the
864 1219 137 34 records
1011 1219 147 42 relating
1168 1224 35 28 to
1213 1219 58 33 the
1281 1219 160 40 elevator,
1451 1219 59 33 the

298 1269 185 42 testimony
498 1269 39 33 of
547 1269 59 33 the
622 1269 64 33 3M
701 1269 177 42 employee
892 1268 211 43 responsible
1116 1267 54 34 for
1184 1268 253 40 maintenance,
1452 1266 59 35 the

298 1318 209 34 servicemen
530 1318 77 33 who
628 1317 138 34 worked
788 1328 44 23 on
854 1317 59 34 the
936 1317 150 34 elevator
1108 1316 119 35 before
1249 1317 68 34 and
1340 1316 90 34 after
1452 1317 59 33 the

298 1367 169 41 accident,
488 1367 68 34 and
577 1367 89 34 their
685 1367 202 44 supervisor.
909 1367 143 34 Certain
1073 1366 89 35 facts
1182 1377 89 23 were
1290 1366 219 44 undisputed.

298 1417 78 35 Otis
390 1417 69 35 had
472 1418 59 34 the
543 1417 129 35 service
684 1422 156 30 contract
853 1428 43 23 on
910 1417 67 34 this
991 1417 150 34 elevator
1154 1416 94 35 since
1260 1417 95 43 early
1372 1417 99 40 1976;
1484 1416 27 34 it

299 1467 162 45 provided
475 1467 53 35 for
540 1478 20 24 a
573 1468 243 34 maintenance
828 1467 66 35 call
907 1478 101 33 every
1020 1472 67 30 two
1099 1467 122 34 weeks.
1235 1466 185 44 Normally
1432 1466 77 35 Otis

298 1518 103 35 made
416 1518 129 44 repairs
559 1518 90 35 after
665 1519 64 34 3M
744 1517 173 45 approved
931 1517 106 35 them.
1053 1517 74 35 The
1141 1517 150 35 elevator
1305 1526 69 26 was
1389 1528 120 24 manu-

299 1568 159 35 factured
474 1569 45 43 by
536 1568 175 35 Lee-Hoff
725 1568 68 35 and
810 1568 46 35 all
873 1568 127 43 agreed
1016 1568 27 34 it
1059 1579 70 23 was
1146 1579 44 23 an
1207 1567 57 35 old
1280 1578 75 24 one.
1373 1567 138 35 Service

298 1619 83 34 calls
393 1619 69 34 and
473 1619 130 43 repairs
615 1618 68 35 had
695 1619 86 34 been
793 1618 171 44 frequent,
976 1618 63 34 but
1049 1618 98 34 there
1157 1628 70 24 was
1238 1618 185 42 testimony
1435 1617 76 35 that

298 1668 67 34 this
395 1679 70 23 was
494 1673 59 29 not
582 1668 149 34 unusual
760 1668 53 34 for
843 1678 44 24 an
917 1667 56 35 old
1002 1668 151 33 elevator
1182 1667 84 34 used
1295 1667 35 34 in
1359 1678 20 23 a
1408 1667 102 43 dusty

298 1717 247 35 environment.
560 1718 90 34 Four
662 1717 138 34 months
812 1717 120 34 before
943 1717 60 34 the
1014 1716 170 41 accident,
1197 1716 78 34 Otis
1287 1727 70 23 was
1369 1716 141 34 notified

298 1767 76 34 that
390 1767 59 34 the
465 1767 150 34 elevator
630 1766 69 35 had
715 1766 154 44 dropped
885 1771 67 30 two
968 1766 80 34 feet.
1066 1766 78 34 Otis
1160 1765 108 35 found
1284 1776 43 24 no
1343 1766 165 43 problem.

300 1817 79 33 Five
394 1816 84 43 days
494 1816 119 34 before
628 1816 59 35 the
702 1816 158 34 accident
875 1816 59 34 the
949 1816 150 34 elevator
1114 1826 70 24 was
1200 1815 157 44 reported
1372 1820 35 29 to
1423 1815 87 34 have

298 1877 88 32 gone
405 1866 109 34 below
533 1866 59 34 the
611 1866 134 34 bottom
764 1865 152 43 landing.
936 1866 34 33 A
988 1865 198 44 repairman
1205 1865 147 34 testified
1371 1865 76 34 that
1466 1865 44 34 he

298 1915 102 35 could
413 1921 59 28 not
486 1916 104 34 recall
603 1915 154 34 whether
769 1926 20 23 a
803 1915 157 44 problem
972 1926 69 23 was
1055 1914 108 35 found
1177 1915 62 34 but
1252 1914 168 35 admitted
1433 1914 77 35 that

298 1965 85 35 such
396 1965 199 44 â€œslippageâ€
608 1965 102 34 could
722 1965 44 34 be
776 1964 128 35 caused
917 1965 45 43 by
974 1976 20 23 a
1006 1975 94 24 worn
1111 1964 95 35 drive
1217 1964 134 35 sheave.
1365 1964 145 34 Critical

299 2015 34 34 in
343 2015 59 34 the
412 2026 80 23 case
502 2015 27 34 is
540 2015 76 34 that
627 2026 37 23 as
675 2015 94 43 early
779 2025 38 24 as
828 2015 80 43 July
919 2015 147 40 9,1979,
1077 2014 78 34 Otis
1166 2014 68 34 had
1245 2013 265 35 recommended

298 2065 59 34 the
369 2064 95 35 drive
476 2065 135 40 sheave,
625 2064 112 34 which
750 2064 111 34 drives
874 2064 65 34 five
951 2064 116 34 cables
1080 2063 69 35 and
1161 2074 115 24 moves
1289 2063 59 35 the
1360 2064 150 34 elevator

298 2125 46 33 up
359 2114 68 34 and
442 2114 111 41 down,
568 2114 44 34 be
626 2114 185 43 regrooved
826 2124 38 24 or
878 2114 172 44 replaced;
1065 2114 27 34 it
1105 2124 70 24 was
1190 2113 104 44 badly
1308 2124 103 23 worn.
1426 2113 83 34 This

298 2175 96 24 same
412 2164 318 35 recommendation
747 2175 70 23 was
835 2163 103 35 made
955 2164 35 34 in
1007 2164 136 42 writing
1161 2163 45 44 by
1223 2163 78 35 Otis
1318 2174 44 23 on
1379 2163 80 43 July
1481 2164 28 40 1,

303 2215 98 34 1980.
418 2215 65 33 We
497 2219 127 30 cannot
639 2225 60 33 say
714 2214 53 34 for
782 2214 132 34 certain
928 2214 154 34 whether
1096 2213 68 35 this
1178 2213 95 34 work
1286 2224 69 23 was
1370 2213 89 34 done
1472 2223 38 24 or

299 2269 69 29 not.
384 2265 31 33 It
427 2275 70 24 was
511 2264 89 34 Otisâ€™
615 2264 147 44 position
775 2269 37 29 at
824 2264 80 34 trial
917 2264 77 34 that
1008 2264 172 34 Faulkner
1192 2263 59 34 did
1264 2268 60 29 not
1337 2274 103 33 prove
1451 2263 60 34 the

298 2314 94 34 work
405 2314 68 34 had
487 2314 86 34 been
587 2313 172 45 approved
772 2314 45 43 by
831 2314 76 40 3M,
921 2324 20 24 a
954 2324 182 33 necessary
1148 2313 232 44 requirement
1393 2312 118 35 before

298 2364 94 34 work
410 2375 69 23 was
498 2364 98 34 done.
618 2364 178 40 However,
815 2363 98 35 there
931 2374 69 23 was
1019 2363 115 43 ample
1152 2362 273 35 circumstantial
1443 2362 67 34 evi-

299 2413 108 35 dence
416 2419 35 28 to
461 2424 103 33 prove
573 2413 76 34 that
660 2414 65 33 3M
735 2413 171 43 routinely
916 2412 172 44 approved
1098 2412 46 35 all
1154 2412 39 34 of
1199 2412 89 34 Otisâ€™
1299 2423 211 23 recommen-
