1631 2692
313 418 53 35 for
384 430 20 23 a
423 419 94 41 time,
536 420 76 34 that
630 419 84 34 time
732 419 122 35 should
873 419 42 35 be
933 418 167 36 excluded
1119 418 90 35 from
1227 419 59 35 the
1303 418 127 46 speedy
1447 419 78 34 trial

312 469 219 35 calculation.
549 469 173 35 Williams
731 480 30 23 v.
772 470 113 41 State,
898 471 66 33 275
977 469 85 35 Ark.
1076 470 111 40 8, 627
1199 469 143 35 S.W.2d
1353 470 22 34 4
1388 468 138 44 (1982);

312 519 213 35 Divanovich
539 531 30 23 v.
582 520 113 40 State,
710 520 66 33 273
790 520 85 34 Ark.
894 521 76 39 117,
984 519 67 35 617
1066 519 143 34 S.W.2d
1224 520 65 34 345
1306 518 138 44 (1981);
1458 519 68 34 and

313 569 186 35 Foxworth
508 581 30 22 v.
547 570 114 39 State,
672 570 65 33 263
748 569 85 34 Ark.
845 570 156 40 549, 566
1011 569 144 34 S.W.2d
1168 570 60 33 151
1243 569 138 43 (1978).
1392 569 40 34 In
1440 569 87 34 each

313 618 39 34 of
359 619 97 34 those
466 629 107 30 cases,
583 619 59 34 the
651 624 99 29 court
760 619 68 34 had
838 624 52 29 set
900 630 20 23 a
930 618 119 44 timely
1059 619 79 34 trial
1148 618 82 35 date
1239 619 111 35 which
1361 618 68 35 had
1439 624 35 29 to
1484 619 44 34 be

313 667 145 44 delayed
477 669 149 34 because
643 669 60 33 the
721 668 218 35 defendant’s
959 668 131 35 motion
1109 668 103 34 made
1230 669 26 34 it
1275 668 198 45 impossible
1492 674 35 28 to

313 717 80 35 hold
407 717 59 34 the
479 718 79 34 trial
572 729 43 23 on
629 717 59 34 the
701 717 81 35 date
795 718 160 43 planned.
970 717 75 35 The
1057 717 199 35 distinction
1270 718 39 35 of
1319 718 99 34 those
1430 728 96 24 cases

313 766 90 34 from
415 767 59 34 the
486 778 65 23 one
563 767 119 34 before
694 777 39 23 us
746 767 27 33 is
785 767 152 34 obvious.
952 768 94 33 Here
1058 777 44 23 no
1114 767 80 34 trial
1206 767 81 34 date
1299 778 69 24 was
1381 766 144 44 delayed

313 816 148 34 because
480 816 40 34 of
537 816 58 34 the
615 815 218 35 defendant’s
854 817 141 34 motion.

315 279 43 33 56

404 930 64 34 We
481 935 80 29 note
574 930 73 38 also
659 929 77 35 that
749 929 59 36 the
820 935 99 30 court
932 930 59 35 did
1004 935 60 29 not
1077 930 103 35 make
1192 941 21 24 a
1226 930 136 35 written
1375 929 100 36 order
1487 941 38 24 or

312 978 124 36 docket
448 985 99 38 entry
558 979 153 43 showing
723 990 20 24 a
755 980 147 37 number
913 980 39 35 of
961 979 167 36 excluded
1139 979 85 44 days
1236 991 38 24 as
1286 980 90 35 Rule
1388 981 78 33 28.3
1481 980 42 43 (i)

313 1029 162 44 requires.
495 1030 74 34 The
588 1034 90 30 state
696 1040 124 33 argues
839 1030 60 34 the
916 1035 99 31 court
1034 1029 146 36 fulfilled
1199 1030 76 35 that
1294 1029 233 45 requirement

312 1079 98 36 when
421 1080 43 34 he
473 1079 123 35 denied
606 1079 59 35 the
675 1080 91 34 Rule
776 1081 42 34 37
829 1080 155 44 petition.
995 1079 76 35 Our
1079 1080 85 34 view
1174 1080 27 34 is
1211 1080 76 35 that
1296 1080 98 35 there
1403 1091 69 23 was
1482 1091 44 23 no

312 1129 125 35 failure
446 1135 35 29 to
491 1135 91 30 meet
590 1129 68 35 this
668 1129 233 44 requirement
910 1130 149 35 because
1067 1129 97 35 there
1172 1141 90 23 were
1270 1141 44 24 no
1323 1129 203 36 excludable

311 1179 95 44 days.

403 1294 64 34 We
476 1304 60 24 are
545 1299 59 29 not
614 1293 141 44 holding
764 1294 77 34 that
850 1294 35 34 in
894 1294 100 36 order
1003 1293 54 36 for
1066 1294 85 35 time
1160 1299 36 30 to
1205 1294 43 35 be
1257 1293 167 37 excluded
1434 1294 91 35 from

311 1342 60 36 the
382 1343 127 44 speedy
521 1344 79 34 trial
613 1343 119 45 period
745 1354 20 24 a
778 1344 79 34 trial
870 1349 93 30 must
975 1344 43 35 be
1030 1344 190 44 postponed
1233 1344 91 35 from
1337 1355 20 24 a
1369 1349 52 30 set
1432 1344 92 35 date.

312 1393 65 33 We
404 1403 66 24 can
498 1393 152 43 imagine
678 1393 182 34 situations
888 1394 34 35 in
951 1393 112 35 which
1091 1393 119 44 delays
1238 1394 128 35 caused
1394 1393 45 44 by
1468 1394 59 34 the

311 1441 189 38 defendant
512 1442 102 34 could
626 1442 163 44 preclude
801 1443 126 42 setting
940 1443 59 34 the
1010 1443 80 34 trial
1102 1442 125 44 during
1239 1443 59 34 the
1310 1443 84 34 time
1406 1443 119 35 within

311 1490 111 36 which
433 1491 44 34 he
486 1491 28 35 is
525 1491 159 46 required
694 1496 36 29 to
740 1491 43 34 be
792 1491 99 35 tried.
904 1493 39 33 In
953 1492 85 35 such
1049 1503 45 23 an
1104 1492 156 34 instance
1269 1503 51 24 we
1329 1491 102 36 could
1442 1492 82 41 find,

311 1540 34 34 in
362 1540 58 35 the
435 1540 111 35 words
562 1541 39 35 of
614 1541 91 35 Rule
721 1541 150 43 28.3(a),
888 1552 20 24 a
925 1541 142 45 “period
1083 1541 39 35 of
1134 1541 102 44 delay
1252 1542 166 43 resulting
1434 1541 91 35 from

310 1590 98 35 other
429 1590 223 44 proceedings
672 1591 208 43 concerning
900 1592 59 34 the
979 1591 224 36 defendant.”

541 1706 99 34 Once
650 1705 60 35 the
721 1705 190 35 defendant
922 1706 63 35 has
997 1706 123 35 moved
1132 1706 54 35 for
1197 1706 172 35 dismissal
1381 1706 68 34 and
1461 1706 63 35 has

310 1754 117 35 shown
440 1755 77 34 that
528 1755 60 34 the
599 1755 80 35 trial
690 1766 70 23 was
773 1755 103 43 being
888 1766 38 24 or
938 1761 36 30 to
986 1756 43 34 be
1041 1755 80 35 held
1133 1756 90 34 after
1235 1756 59 35 the
1305 1756 127 44 speedy
1444 1756 80 34 trial

310 1804 118 43 period
449 1805 151 43 expired,
621 1804 59 35 the
700 1810 199 38 prosecutor
919 1805 63 35 has
1003 1805 59 34 the
1082 1805 132 35 burden
1235 1806 39 34 of
1291 1806 153 42 showing
1464 1806 60 34 the

309 1853 102 44 delay
437 1854 135 44 beyond
599 1855 59 34 the
684 1854 127 44 speedy
837 1855 80 34 trial
944 1854 118 45 period
1088 1866 70 23 was
1185 1855 59 35 the
1269 1856 107 34 result
1401 1855 40 36 of
1464 1855 59 35 the

309 1903 219 35 defendant’s
537 1904 159 35 conduct.
711 1903 173 36 Williams
892 1916 30 23 v.
931 1905 114 40 State,
1056 1905 66 34 275
1132 1905 85 34 Ark.
1229 1906 108 40 8,
1348 1905 35 35 627
1388 1904 103 35 S.W.2d
1501 1906 21 33 4

311 1952 138 44 (1982);
465 1954 103 34 State
582 1965 31 24 v.
630 1955 120 40 Lewis,
768 1955 66 34 268
852 1955 86 34 Ark.
957 1955 78 40 359,
1054 1955 66 34 596
1137 1954 143 35 S.W.2d
1297 1956 66 34 697
1383 1954 138 43 (1980).

308 2003 92 34 That
415 2003 133 36 burden
563 2003 123 35 should
701 2004 87 34 have
802 2004 87 35 been
904 2003 122 45 placed
1041 2015 44 24 on
1099 2004 59 35 the
1172 2005 217 43 prosecution
1404 2004 35 35 in
1454 2004 68 35 this

308 2063 90 24 case.
417 2053 81 34 Had
515 2053 59 35 the
589 2053 173 35 dismissal
778 2054 131 34 motion
926 2054 87 34 been
1029 2053 114 41 made,
1160 2054 27 34 it
1202 2054 113 35 would
1331 2054 87 35 have
1434 2054 88 34 been

309 2112 94 24 error
415 2107 59 30 not
485 2108 36 29 to
532 2103 87 34 have
630 2102 146 43 granted
787 2103 37 34 it.
838 2104 65 34 We
914 2103 80 35 thus
1005 2103 81 34 hold
1098 2103 59 35 the
1168 2103 125 35 failure
1304 2109 35 29 to
1350 2104 103 34 make
1463 2104 60 34 the

309 2151 172 38 dismissal
501 2153 131 34 motion
651 2163 70 23 was
740 2152 195 38 ineffective
954 2152 189 35 assistance
1161 2152 40 35 of
1216 2154 150 40 counsel,
1386 2153 59 34 the
1463 2153 58 34 de­

309 2200 145 36 fendant
463 2202 151 35 suffered
624 2201 177 45 prejudice
810 2202 91 34 from
911 2203 37 40 it,
959 2202 69 35 and
1037 2213 52 23 we
1097 2202 88 34 have
1194 2213 43 24 no
1247 2202 204 35 alternative
1460 2203 62 34 but

308 2255 36 30 to
354 2261 134 24 reverse
498 2251 59 35 the
566 2251 193 35 conviction
770 2251 69 36 and
849 2251 137 36 dismiss
996 2251 60 35 the
1066 2262 89 24 case.
1168 2251 110 35 Clark
1286 2263 31 23 v.
1327 2253 114 40 State,
1453 2253 69 33 274

308 2301 85 35 Ark.
416 2301 55 41 87,
493 2302 68 33 622
581 2300 144 36 S.W.2d
750 2302 59 34 171
836 2301 138 43 (1981).

399 2415 173 34 Reversed
593 2414 69 35 and
682 2414 192 36 dismissed.
