1663 2693
298 259 66 34 342

388 398 159 40 Purtle,
569 398 42 40 J.,
632 402 60 29 not
712 396 255 44 participating.

480 552 126 43 Danny
627 550 228 35 BRADLEY
876 560 28 25 v.
927 549 89 35 Dale
1036 548 173 42 BRUCE,
1231 553 34 30 et
1285 548 43 35 al.

298 624 128 34 85-253

1189 622 67 34 705
1278 619 143 37 S.W.2d
1441 621 64 34 431

626 694 170 43 Supreme
816 694 111 34 Court
947 693 39 35 of
1003 693 178 34 Arkansas

563 743 151 44 Opinion
735 742 172 35 delivered
928 742 127 35 March
1080 743 52 38 17,
1158 742 87 34 1986

579 788 192 39 [Rehearing
790 788 113 32 denied
922 788 89 39 April
1032 788 50 36 28,
1105 787 125 39 1986.*]

389 1436 164 40 Hilburn,
573 1436 167 39 Bethune,
762 1436 170 39 Calhoon,
951 1438 151 36 Forster,
1122 1437 142 42 Harper
1283 1437 31 32 &
1334 1434 175 39 Pruniski,

299 1485 89 41 Ltd.,
415 1485 55 43 by:
496 1485 94 35 John
614 1487 37 32 F.
677 1487 150 37 Forster,
854 1487 63 38 Jr.,
944 1484 68 35 and
1037 1487 116 40 Dorcy
1177 1484 90 43 Kyle
1293 1484 139 40 Corbin,
1458 1483 54 38 for

299 1535 186 44 appellant.

390 1608 73 33 Jim
475 1606 198 40 Hamilton,
687 1606 82 43 City
781 1606 110 43 Att’y,
904 1605 55 44 by:
978 1607 105 41 Terry
1094 1607 42 33 R.
1151 1604 158 42 Ballard,
1322 1606 93 33 Asst.
1431 1604 81 44 City

299 1656 109 43 Att’y,
430 1655 53 35 for
504 1656 164 44 appellee.

389 1728 173 39 Hankins,
576 1728 128 44 Capps,
715 1726 114 36 Hicks
841 1729 31 33 &
883 1726 170 41 Madden,
1064 1726 55 44 by:
1129 1726 143 35 Harold
1283 1728 46 33 W.
1340 1725 169 41 Madden,

299 1777 53 35 for
367 1777 411 44 appellees-intervenors,
794 1777 75 34 J.V.
885 1777 173 34 Williams
1073 1775 69 36 and
1157 1776 146 35 Charles
1318 1775 192 45 “Skipper”

299 1827 94 34 Polk.

391 1899 180 35 Darrell
585 1900 198 39 Hickman,
800 1898 141 36 Justice.

957 1898 74 35 The
1045 1898 91 34 issue
1151 1908 44 24 on
1210 1897 122 47 appeal
1347 1908 164 24 concerns

299 1949 60 34 the
377 1949 194 44 promotion
590 1948 181 44 eligibility
789 1948 57 36 list
865 1948 53 37 for
937 1948 59 35 the
1014 1948 117 35 North
1150 1947 105 36 Little
1274 1948 98 35 Rock
1390 1947 120 44 police.

300 2000 126 42 Danny
454 1998 159 46 Bradley,
640 2010 21 23 a
687 2004 171 37 sergeant,
885 1998 103 35 made
1014 1998 59 36 the
1099 1997 137 43 highest
1262 2008 95 25 score
1383 2008 43 24 on
1453 1996 60 35 the

299 2048 234 35 examination
558 2048 54 35 for
636 2048 201 35 lieutenant.
864 2049 179 39 However,
1068 2048 44 33 he
1136 2058 69 24 was
1230 2052 59 30 not
1313 2046 100 36 listed
1437 2047 74 34 first

299 2098 148 34 because
456 2098 60 35 the
525 2098 90 35 Civil
625 2097 139 37 Service
773 2097 233 36 Commission
1016 2096 124 45 passed
1149 2108 21 23 a
1180 2097 74 34 rule
1263 2097 76 34 that
1348 2096 163 43 seniority

299 2148 28 33 is
341 2158 20 24 a
376 2147 112 35 factor
501 2153 36 29 to
551 2147 43 35 be
607 2146 201 36 considered
822 2147 34 35 in
870 2147 231 43 determining
1115 2146 181 44 eligibility
1309 2146 53 34 for
1376 2156 134 34 promo-

299 2197 100 40 tions,
416 2197 143 43 causing
575 2197 112 44 points
704 2196 54 35 for
773 2207 98 32 years
887 2196 40 37 of
939 2196 129 36 service
1083 2201 35 29 to
1134 2195 43 35 be
1191 2195 114 36 added
1321 2200 35 30 to
1371 2195 59 34 the
1445 2200 67 32 test

367 2361 13 14 *
403 2361 68 30 Holt,
491 2361 64 30 C.J.,
574 2361 149 31 concurring
742 2360 110 33 opinion;
873 2362 78 32 Hays,
971 2361 31 30 J.,
1021 2360 138 32 dissenting
1179 2360 109 33 opinion;
1307 2360 92 30 Purtle,
1419 2360 31 29 J.,
1470 2363 43 22 not

300 2402 186 33 participating.
