1632 2696
126 398 162 40 licensed,
308 398 136 34 bonded
464 398 70 35 fuel
554 398 145 42 dealers,
719 399 229 41 wholesalers,
968 410 39 24 or
1025 399 219 35 distributors
1263 410 75 24 cur-

126 448 112 43 rently
249 458 44 24 on
304 448 59 34 the
374 448 300 35 Commissioner’s
685 449 117 34 books.
814 449 134 43 Noting
959 449 77 34 that
1046 449 44 35 he
1100 460 70 24 was
1181 449 159 44 required

126 502 36 29 to
170 497 147 34 disclose
325 498 59 34 the
392 497 224 35 information
625 498 110 34 under
744 498 59 35 the
812 498 168 35 Freedom
988 498 39 35 of
1033 499 229 34 Information
1270 500 70 34 Act

126 547 69 34 and
219 547 59 34 the
299 548 177 34 Arkansas
501 548 119 34 Motor
644 548 82 34 Fuel
749 549 74 33 Tax
845 549 79 40 Act,
948 548 63 35 but
1032 549 196 43 prohibited
1250 548 91 35 from

126 597 186 43 disclosing
340 597 220 35 confidential
588 602 60 30 tax
675 598 137 34 records
839 598 109 34 under
976 598 59 34 the
1061 599 178 34 Arkansas
1266 599 75 34 Tax

127 646 195 35 Procedure
333 648 79 39 Act,
425 647 59 34 the
496 647 272 35 Commissioner
779 647 80 35 filed
871 659 20 23 a
903 648 145 43 petition
1060 648 53 34 for
1124 648 217 44 declaratory

123 696 186 43 judgment
330 697 34 33 in
384 697 58 34 the
462 697 140 34 Pulaski
624 697 183 44 Chancery
828 698 120 34 Court.

1295 259 41 34 83

220 776 148 43 Relying
391 787 43 23 on
458 776 140 35 Section
623 776 78 43 6(a)
726 776 39 35 of
785 777 59 34 the
866 778 74 33 Tax
963 777 195 35 Procedure
1179 779 80 40 Act,
1283 778 59 34 the

127 826 198 34 chancellor
342 826 160 35 declared
520 826 77 35 that
615 827 164 43 Yeargan
798 827 68 35 had
884 827 60 35 the
960 827 93 44 right
1070 833 36 29 to
1124 828 131 44 inspect
1272 828 69 34 and

128 887 88 33 copy
226 876 59 34 the
295 882 111 29 motor
417 876 70 35 fuel
498 882 59 29 tax
568 876 138 35 records
717 877 180 44 requested
908 883 122 38 except
1040 878 98 34 those
1148 878 193 44 pertaining

128 931 36 29 to
174 937 20 23 a
206 927 137 33 natural
354 937 133 33 person,
499 927 77 34 that
586 927 39 41 is,
636 938 44 23 an
692 927 196 35 individual
897 933 177 38 taxpayer.
1086 928 74 34 The
1171 928 170 34 Commis-

129 976 113 34 sioner
263 976 61 34 has
345 976 177 44 appealed.
546 977 65 34 We
631 977 113 34 affirm
765 977 58 34 the
842 977 207 35 chancellor.

220 1056 75 34 The
307 1056 136 34 earliest
455 1056 39 34 of
503 1056 97 35 these
612 1061 73 30 acts
698 1057 27 34 is
738 1057 59 34 the
809 1058 119 33 Motor
941 1058 83 34 Fuel
1036 1058 75 34 Tax
1122 1059 69 33 Act
1202 1057 39 35 of
1254 1059 83 34 1941

129 1105 113 34 which
263 1106 155 43 provides
439 1106 34 34 in
494 1111 88 39 part:

254 1186 142 34 Section
407 1186 53 34 24.
472 1185 125 35 Public
605 1188 199 42 Inspection
813 1186 45 44 of
859 1186 169 35 Records.
1028 1186 45 35 —
1073 1186 79 35 The
1161 1187 136 35 records
1307 1188 39 34 of

255 1235 59 34 the
332 1235 271 35 Commissioner
622 1236 39 34 of
677 1237 179 33 Revenues
875 1237 195 43 pertaining
1088 1242 36 29 to
1142 1242 112 30 motor
1272 1237 71 35 fuel

255 1290 96 29 taxes
368 1285 87 34 shall
472 1290 37 29 at
526 1286 45 34 all
589 1286 203 34 reasonable
808 1286 100 35 times
925 1286 43 35 be
984 1297 89 33 open
1090 1292 35 29 to
1141 1287 59 34 the
1216 1287 126 44 public,

255 1335 82 34 with
357 1335 59 34 the
436 1336 164 43 approval
620 1335 40 35 of
677 1336 59 34 the
756 1336 281 35 Commissioner.

221 1414 96 34 Next
331 1425 99 23 came
443 1415 60 34 the
518 1415 168 34 Freedom
700 1415 39 34 of
751 1415 228 35 Information
993 1417 70 33 Act
1077 1416 35 34 in
1130 1417 87 33 1967
1232 1417 111 34 which

130 1474 176 33 expresses
333 1464 59 34 the
419 1464 117 44 public
562 1465 113 43 policy
702 1465 40 34 of
765 1465 178 35 Arkansas
970 1471 36 29 to
1033 1466 43 34 be
1102 1477 65 23 one
1193 1466 40 34 of
1256 1477 88 33 open

130 1519 235 37 government,
387 1514 34 34 in
441 1514 97 35 these
558 1519 117 30 terms:

254 1594 143 34 Section
418 1595 29 33 2.
469 1594 229 35 Declaration
717 1594 46 44 of
773 1594 125 35 Public
915 1595 132 43 Policy.
1069 1596 31 34 It
1120 1596 27 34 is
1166 1596 83 34 vital
1269 1596 34 34 in
1323 1607 20 23 a

255 1643 212 35 democratic
477 1644 129 43 society
616 1644 77 34 that
703 1644 117 44 public
829 1645 156 34 business
995 1645 43 34 be
1048 1645 196 43 performed
1254 1646 35 34 in
1299 1657 45 23 an

255 1703 88 33 open
369 1693 68 34 and
462 1693 117 44 public
604 1704 145 24 manner
774 1705 37 23 so
836 1694 76 34 that
936 1695 60 34 the
1021 1695 143 34 electors
1189 1695 87 34 shall
1301 1696 44 33 be

256 1742 139 35 advised
413 1743 39 34 of
466 1743 59 34 the
542 1743 242 43 performance
800 1743 39 35 of
853 1744 117 43 public
987 1744 143 35 officials
1147 1745 69 34 and
1233 1745 39 34 of
1285 1745 60 34 the

255 1791 169 35 decisions
435 1792 77 34 that
523 1803 60 23 are
593 1793 148 34 reached
753 1793 34 34 in
799 1793 116 43 public
926 1794 142 43 activity
1078 1794 68 34 and
1158 1794 34 34 in
1203 1795 141 42 making

256 1841 116 43 public
383 1841 122 43 policy.
517 1842 148 34 Toward
676 1842 68 34 this
756 1842 76 41 end,
844 1843 68 34 this
923 1848 57 29 act
991 1843 28 34 is
1031 1843 160 43 adopted,
1203 1844 141 42 making

256 1890 26 35 it
293 1891 148 44 possible
451 1891 53 35 for
516 1891 96 35 them
622 1902 38 24 or
671 1892 89 34 their
771 1893 295 43 representatives,
1078 1898 36 29 to
1125 1893 95 34 learn
1231 1893 68 35 and
1309 1898 36 30 to

256 1946 115 39 report
391 1941 86 44 fully
497 1942 60 34 the
577 1942 169 35 activities
766 1942 39 35 of
822 1943 89 34 their
931 1943 117 44 public
1068 1943 153 35 officials.

222 2020 75 35 The
318 2021 167 34 Freedom
505 2021 39 34 of
562 2021 230 35 Information
811 2023 70 34 Act
900 2033 81 32 goes
1002 2033 44 24 on
1066 2028 36 29 to
1122 2023 148 43 provide:

348 2100 130 43 Except
488 2111 37 23 as
535 2100 182 34 otherwise
725 2101 216 43 specifically
950 2101 164 43 provided
1124 2101 45 43 by
1178 2102 82 33 laws
1270 2112 75 23 now

257 2148 34 34 in
306 2149 113 40 effect,
434 2160 37 23 or
485 2149 82 34 laws
581 2149 174 34 hereafter
768 2150 216 43 specifically
998 2150 146 34 enacted
1157 2155 36 29 to
1206 2150 140 44 provide

256 2198 281 41 otherwise,...
551 2199 45 34 all
608 2199 138 34 records
757 2199 112 34 which
881 2199 45 44 by
938 2200 65 34 law
1015 2211 60 23 are
1085 2200 159 43 required
1256 2205 35 29 to
1303 2200 43 35 be

256 2248 82 44 kept
365 2248 67 35 and
459 2248 214 35 maintained
701 2249 87 34 shall
815 2249 43 35 be
883 2260 89 33 open
998 2255 36 29 to
1060 2250 190 44 inspection
1277 2250 69 35 and

257 2298 146 44 copying
415 2299 45 44 by
471 2310 68 33 any
550 2299 124 35 citizen
686 2299 40 35 of
734 2300 59 34 the
804 2300 100 34 State
915 2299 39 35 of
961 2300 179 35 Arkansas
1152 2300 124 44 during
1287 2300 59 35 the

257 2349 137 43 regular
411 2349 156 35 business
584 2349 104 35 hours
706 2350 39 35 of
759 2350 58 35 the
834 2350 182 35 custodian
1033 2350 40 35 of
1086 2350 147 35 records.
1255 2350 91 44 (Our

257 2399 140 42 italics).
