1680 2711
288 420 38 23 or
343 410 96 34 stock
455 410 33 34 in
505 410 101 35 trade
622 409 39 35 of
674 410 60 35 the
749 410 200 35 Defendant
965 410 35 35 in
1017 411 61 34 her
1094 411 155 34 business
1266 415 110 31 enter-

289 459 89 44 prise
395 459 122 35 known
535 470 37 24 as
590 459 59 36 the
666 460 249 44 “Emporium”
933 461 34 34 in
986 460 151 42 Fairfax,
1155 460 166 44 Virginia,
1339 472 38 24 or

289 520 68 33 any
369 509 117 44 equity
498 510 145 40 therein,
657 510 27 34 is
696 509 145 36 ordered
853 510 137 35 divided
1002 510 78 45 fifty
1092 516 141 38 percent
1244 516 35 30 to
1291 511 86 35 each

289 565 110 38 party.

1308 270 66 34 335

164 646 76 34 The
254 646 248 44 “Emporium”
518 646 27 35 is
561 647 59 35 the
634 646 155 36 business
804 647 34 35 in
853 647 157 43 Virginia
1024 647 114 35 where
1151 648 60 34 the
1224 648 155 44 appellee

165 695 62 35 has
244 696 137 34 worked
397 696 93 35 since
506 696 59 34 the
580 696 208 44 separation.
805 696 74 35 The
894 697 197 35 chancellor
1106 697 80 35 thus
1201 697 103 35 chose
1319 697 60 35 the

166 745 82 34 date
267 745 40 34 of
323 745 136 35 divorce
479 756 37 25 as
537 746 60 35 the
616 745 82 36 date
717 757 92 34 upon
829 746 111 35 which
961 751 36 30 to
1017 747 171 34 ascertain
1208 747 93 35 what
1320 746 59 35 the

166 795 140 35 marital
329 801 160 38 property
511 795 40 35 of
571 796 59 34 the
652 796 128 43 parties
803 807 69 23 was
895 796 168 43 although
1085 807 96 24 some
1203 796 39 38 of
1261 797 26 34 it
1309 796 70 35 had

166 845 206 43 apparently
385 845 86 34 been
486 845 165 44 acquired
665 845 101 35 while
780 846 59 35 the
852 846 128 43 parties
994 857 90 23 were
1097 846 69 35 still
1180 846 150 35 married
1344 851 36 30 to

166 895 87 34 each
268 894 98 35 other
382 894 61 35 but
457 894 105 44 living
577 895 205 44 separately.
798 896 75 34 Our
888 901 141 36 statute,
1044 896 85 34 Ark.
1145 896 89 35 Stat.
1250 897 91 34 Ann.
1360 896 17 43 §

168 945 155 34 34-1214
338 943 124 44 (A)(1)
480 944 125 45 (Supp.
624 945 118 43 1985),
756 945 127 44 clearly
896 945 154 45 requires
1063 945 266 36 “distribution”
1344 946 38 35 of

167 994 140 35 marital
317 999 160 39 property
487 999 37 30 at
533 994 60 35 the
601 994 85 35 time
695 995 60 34 the
763 995 137 35 divorce
909 996 28 34 is
947 995 151 35 entered.
1110 996 65 35 We
1185 995 80 35 hold
1274 996 27 34 it
1310 1007 69 24 was

167 1049 60 29 not
238 1054 46 25 an
295 1044 107 35 abuse
413 1044 39 34 of
460 1045 59 34 the
530 1044 227 35 chancellor’s
767 1045 186 36 discretion
963 1050 37 30 to
1011 1045 172 35 ascertain
1193 1045 60 35 the
1264 1050 117 31 extent

167 1093 40 35 of
224 1094 139 35 marital
384 1099 161 40 property
565 1094 69 35 and
655 1096 158 34 evaluate
833 1095 26 35 it
878 1106 39 24 as
936 1094 40 36 of
993 1095 77 36 that
1089 1095 82 35 date
1190 1106 38 24 as
1248 1096 85 35 well.

594 1192 31 34 3.
647 1193 216 34 Retirement
882 1193 75 42 Pay

259 1278 76 35 The
346 1283 98 30 court
457 1278 80 35 held
550 1279 78 34 that
639 1279 101 34 when
752 1279 60 34 the
823 1279 177 43 appellant
1013 1279 120 44 begins
1145 1280 171 43 receiving
1328 1280 53 35 his

168 1328 201 34 retirement
378 1338 67 34 pay
455 1328 90 35 from
555 1328 59 35 the
623 1329 111 43 Army
743 1329 59 34 the
811 1329 156 44 appellee
975 1329 68 35 will
1053 1329 43 35 be
1105 1329 143 35 entitled
1257 1334 35 30 to
1301 1340 79 24 one-

168 1377 78 34 half
263 1376 40 36 of
320 1388 20 23 a
362 1378 182 34 fractional
566 1378 142 35 interest
729 1378 34 34 in
784 1378 86 35 each
891 1379 200 35 retirement
1111 1384 175 39 payment.
1307 1379 74 35 The

168 1426 150 35 fraction
329 1427 68 35 will
409 1427 86 35 have
506 1438 20 24 a
538 1433 201 30 numerator
750 1428 39 34 of
797 1428 130 41 twelve,
939 1428 60 35 the
1009 1428 147 35 number
1167 1428 39 35 of
1213 1440 98 32 years
1323 1429 59 35 the

168 1477 129 43 parties
310 1488 89 24 were
411 1477 150 35 married
574 1477 125 44 during
712 1478 53 35 his
777 1478 153 44 military
942 1478 139 35 service.
1095 1479 74 34 The
1181 1478 199 36 denomina-

168 1531 54 30 tor
240 1526 68 35 will
328 1527 42 35 be
388 1527 59 34 the
464 1527 147 35 number
629 1527 40 35 of
684 1538 99 33 years
801 1528 59 35 the
878 1528 177 44 appellant
1073 1528 62 35 has
1153 1529 119 35 served
1289 1539 93 34 upon

168 1577 211 35 retirement.
395 1577 65 34 For
474 1577 166 41 instance,
655 1577 30 35 if
695 1578 44 34 he
752 1578 119 34 retires
884 1578 83 35 with
981 1578 240 44 twenty-eight
1234 1589 98 33 years
1346 1579 40 35 of

169 1627 139 40 service,
325 1627 60 35 the
400 1627 155 44 appellee
569 1627 70 35 will
654 1627 44 35 be
714 1627 142 35 entitled
872 1633 36 29 to
923 1627 160 36 one-half
1095 1628 39 35 of
1150 1627 111 47 12/28
1277 1628 39 35 of
1329 1628 52 35 his

168 1676 154 43 military
345 1676 199 35 retirement
568 1687 77 34 pay.
670 1677 75 35 The
767 1677 176 44 appellant
966 1688 78 34 says
1067 1677 59 35 the
1149 1678 94 35 flaws
1265 1678 35 35 in
1323 1678 59 36 the

169 1725 151 35 formula
335 1737 59 24 are
409 1726 198 35 three-fold.
624 1727 100 41 First,
740 1727 27 34 it
781 1727 92 43 gives
887 1727 61 35 the
962 1727 156 44 appellee
1131 1728 60 34 the
1204 1727 128 36 benefit
1345 1728 40 35 of

169 1776 253 35 enhancement
439 1776 39 35 of
492 1776 59 35 the
568 1776 201 36 retirement
786 1788 68 33 pay
870 1777 113 36 which
1000 1777 166 35 occurred
1183 1777 123 45 during
1323 1778 59 35 the

168 1825 207 45 appellant’s
384 1826 73 35 first
466 1827 117 34 eleven
592 1838 99 33 years
700 1826 40 36 of
745 1828 128 34 service
881 1827 99 36 when
989 1827 44 35 he
1041 1838 70 25 was
1120 1833 60 30 not
1188 1827 150 38 married
1346 1833 36 30 to

169 1876 60 35 the
242 1877 165 44 appellee.
421 1876 147 42 Second,
582 1877 26 35 it
621 1877 93 43 gives
727 1877 61 35 her
800 1878 59 34 the
871 1877 128 36 benefit
1011 1878 40 35 of
1060 1877 60 37 the
1132 1877 251 37 enhancement

169 1926 113 36 which
299 1927 164 35 occurred
480 1927 156 35 between
652 1927 60 35 the
727 1927 82 35 date
824 1927 40 36 of
876 1928 197 44 separation
1090 1928 69 38 and
1176 1928 59 35 the
1250 1928 81 35 date
1346 1928 40 35 of

170 1976 147 35 divorce.
330 1976 119 41 Third,
462 1977 26 34 it
500 1977 93 43 gives
605 1978 62 34 her
679 1978 59 34 the
750 1977 127 35 benefit
888 1978 40 34 of
937 1977 59 35 the
1007 1978 253 35 enhancement
1271 1978 112 35 which

169 2026 69 33 will
265 2036 104 24 occur
396 2026 154 34 between
577 2027 60 34 the
663 2026 82 34 date
771 2027 39 33 of
833 2026 138 35 divorce
997 2027 69 34 and
1093 2027 59 34 the
1178 2027 204 43 appellant’s

169 2074 212 35 retirement.

261 2160 75 35 The
344 2160 150 36 formula
503 2161 85 35 used
598 2161 45 44 by
652 2161 60 35 the
720 2161 79 36 trial
809 2167 98 30 court
916 2172 111 25 seems
1036 2167 36 30 to
1081 2161 125 37 accord
1215 2162 82 35 with
1307 2162 76 35 that

170 2210 85 35 used
266 2211 35 34 in
316 2212 124 43 Young
446 2222 31 24 v.
493 2212 130 43 Young,
636 2222 119 34 supra.
769 2212 112 35 There
891 2223 51 23 we
953 2212 173 44 approved
1137 2212 177 43 awarding
1325 2212 59 35 the

169 2271 125 33 spouse
309 2260 39 35 of
361 2272 20 24 a
397 2261 152 44 military
565 2261 124 35 retiree
704 2261 159 36 one-half
875 2262 39 34 of
930 2261 113 46 17/20
1058 2261 40 36 of
1110 2262 59 35 the
1184 2262 200 35 retirement

170 2321 78 33 pay.
278 2311 40 34 In
346 2311 77 35 that
450 2322 90 30 case,
569 2312 59 34 the
656 2312 200 34 retirement
882 2312 71 35 had
980 2312 166 35 occurred
1174 2311 124 45 during
1326 2312 59 35 the

170 2361 185 42 marriage,
375 2360 68 36 and
463 2361 59 35 the
540 2361 129 44 parties
688 2361 70 36 had
777 2362 87 35 been
883 2362 151 34 married
1053 2367 36 30 to
1108 2362 86 35 each
1213 2362 98 35 other
1330 2362 54 34 for

170 2416 184 29 seventeen
373 2410 39 35 of
428 2411 60 34 the
507 2416 129 39 twenty
656 2422 100 33 years
776 2411 38 35 of
831 2411 152 44 military
1003 2411 140 35 service.
