1640 2680
311 413 30 34 if
354 424 66 33 you
437 425 59 23 are
512 414 34 34 in
563 414 191 43 possession
770 414 39 34 of
822 414 110 34 stolen
948 419 161 39 property
1125 414 144 34 without
1286 425 19 23 a
1322 414 202 35 reasonable

311 464 232 43 explanation,
554 464 111 34 which
677 464 14 34 I
702 464 86 34 have
797 464 107 34 heard
915 475 98 30 none,
1024 464 67 34 this
1101 464 81 34 does
1192 469 59 30 not
1261 464 76 43 give
1345 464 59 34 the
1414 464 109 35 Court

311 514 62 34 but
382 525 65 23 one
456 514 214 41 alternative,
681 514 68 35 and
759 514 76 35 that
844 514 27 34 is
881 519 35 30 to
925 514 71 34 find
1006 514 72 34 him
1087 514 120 44 guilty.
1218 514 101 41 Now,
1330 515 14 34 I
1354 526 58 23 am
1420 515 103 43 going

311 569 35 30 to
363 564 100 35 order
480 575 20 24 a
518 569 238 39 pre-sentence
773 564 149 44 report.”
940 564 74 35 The
1026 564 108 44 judge
1151 565 82 34 then
1251 564 203 35 announced
1471 565 52 34 his

311 614 131 43 finding
452 614 39 35 of
498 615 86 42 guilt
595 614 68 35 and
673 614 191 35 concluded
875 615 44 43 by
929 615 120 43 saying
1060 620 35 29 to
1106 615 146 35 Russell:
1265 615 104 34 “And
1379 626 66 33 you
1456 615 67 34 will

311 670 115 38 report
439 670 35 28 to
487 664 59 35 the
559 665 181 43 probation
753 665 116 34 officer
882 670 35 29 to
930 665 171 43 complete
1114 676 19 23 a
1147 670 238 39 pre-sentence
1398 671 124 38 report.

311 714 78 34 One
402 714 97 42 thing
514 714 76 34 that
603 714 151 34 troubles
768 725 56 23 me
837 715 107 33 about
957 725 67 32 you
1038 715 27 33 is
1078 715 77 34 that
1168 725 67 33 you
1248 714 111 35 didn’t
1372 716 80 33 take
1465 715 59 34 the

311 763 137 34 witness
464 763 112 34 stand.
594 764 101 40 Now,
712 764 76 34 that
804 764 27 33 is
848 769 98 37 great
962 764 122 34 tactics
1101 764 119 34 before
1235 775 20 23 a
1267 764 91 43 jury,
1376 764 62 34 but
1454 764 26 34 it
1496 765 27 33 is

311 812 125 34 almost
451 812 127 34 useless
593 812 119 34 before
726 823 20 23 a
761 813 79 33 trial
854 813 137 42 lawyer.
1006 813 82 33 And
1102 813 68 34 this
1185 813 27 34 is
1227 813 59 34 the
1300 824 121 23 reason
1435 814 15 33 I
1465 824 58 23 am

311 866 59 29 not
382 861 103 43 going
499 866 35 29 to
546 867 162 28 sentence
720 872 66 33 you
799 862 115 43 today.
930 863 48 33 Be
991 862 89 34 back
1091 872 44 24 on
1149 862 88 43 May
1250 862 84 34 20th
1347 867 36 29 at
1397 863 78 33 8:30
1488 863 34 33 in

311 911 59 33 the
390 911 193 43 morning.”

312 273 66 34 256

496 998 65 33 We
573 1008 60 24 are
645 997 127 35 unable
785 1002 35 30 to
832 1008 62 33 say
906 997 77 35 that
995 997 59 35 the
1063 997 137 43 judge’s
1213 1003 192 29 comments
1418 998 106 34 about

311 1048 59 34 the
380 1047 176 35 accused’s
567 1047 125 35 failure
702 1052 35 30 to
747 1047 118 44 testify
875 1059 90 23 were
974 1046 154 36 directed
1138 1048 80 43 only
1228 1053 35 29 to
1273 1048 60 34 the
1343 1048 86 34 need
1439 1047 54 35 for
1503 1059 20 23 a

311 1103 238 38 pre-sentence
565 1103 125 38 report.
709 1098 74 34 The
799 1098 154 34 remarks
971 1098 72 34 also
1060 1097 174 35 indicated
1252 1098 76 34 that
1345 1098 59 34 the
1416 1098 108 43 judge

311 1147 62 34 felt
382 1147 77 34 that
468 1147 59 34 the
535 1147 176 34 accused’s
721 1147 126 34 silence
856 1147 63 34 left
927 1147 59 34 the
995 1152 98 29 court
1101 1147 83 34 with
1194 1158 44 23 no
1247 1148 203 34 alternative
1458 1153 36 29 to
1503 1159 20 23 a

311 1196 130 43 finding
452 1196 39 35 of
499 1197 97 42 guilt.
609 1197 39 34 In
661 1196 162 44 Griffin v.
837 1196 209 44 California,
1059 1198 67 33 380
1137 1197 84 34 U.S.
1235 1198 67 34 609
1316 1197 137 43 (1965),
1465 1197 59 34 the

311 1246 78 34 trial
401 1246 109 43 judge
525 1246 68 34 had
610 1246 189 34 instructed
815 1246 59 34 the
885 1246 80 44 jury
980 1247 76 34 that
1071 1246 31 35 if
1114 1247 97 34 there
1226 1258 69 23 was
1311 1247 162 34 evidence
1487 1247 40 34 of

311 1295 89 34 facts
420 1296 136 42 against
576 1296 60 34 the
655 1295 189 35 defendant
864 1296 112 34 which
996 1296 43 34 he
1058 1296 102 34 could
1180 1297 205 43 reasonably
1405 1297 42 34 be
1467 1308 56 23 ex­

310 1345 123 43 pected
447 1350 35 29 to
495 1345 90 43 deny
598 1356 37 24 or
649 1345 136 44 explain
799 1346 149 34 because
960 1346 40 34 of
1009 1346 90 34 facts
1112 1346 120 34 within
1245 1346 53 34 his
1312 1346 210 43 knowledge,

310 1395 59 34 the
384 1395 81 43 jury
484 1395 111 43 might
615 1395 80 35 take
714 1395 52 34 his
785 1395 126 35 failure
929 1401 36 29 to
984 1395 119 44 testify
1122 1396 72 34 into
1213 1396 253 34 consideration
1486 1407 37 23 as

310 1444 142 43 tending
463 1450 35 28 to
508 1444 151 35 indicate
669 1445 59 34 the
738 1445 227 34 truthfulness
975 1445 40 34 of
1021 1445 85 34 such
1117 1445 172 35 evidence.
1302 1446 39 33 In
1352 1446 171 43 reversing

310 1494 59 33 the
389 1494 192 34 conviction
602 1494 58 34 the
680 1494 170 44 Supreme
870 1495 110 34 Court
1000 1495 86 34 said:

526 1580 64 33 For
603 1584 175 30 comment
790 1590 44 24 on
847 1580 59 34 the
919 1580 129 34 refusal
1061 1585 36 29 to
1109 1580 119 43 testify
1241 1580 27 34 is
1282 1591 20 23 a
1315 1585 160 29 remnant
1487 1580 39 34 of

433 1629 59 34 the
508 1629 251 43 “inquisitorial
774 1634 129 39 system
918 1629 39 34 of
969 1629 159 34 criminal
1140 1629 161 43 justice,”
1319 1657 6 7 .
1354 1657 6 7 .
1388 1657 6 7 .
1411 1630 112 34 which

433 1678 59 35 the
507 1678 93 35 Fifth
614 1679 236 34 Amendment
864 1679 155 34 outlaws.
1035 1680 31 33 It
1080 1679 27 34 is
1122 1690 20 24 a
1156 1679 140 44 penalty
1310 1679 154 44 imposed
1478 1680 45 43 by

433 1734 115 28 courts
573 1728 53 34 for
650 1729 189 42 exercising
864 1740 20 23 a
908 1729 261 34 constitutional
1193 1729 173 44 privilege.
1392 1730 31 33 It
1447 1735 75 28 cuts

433 1777 99 35 down
546 1788 43 24 on
603 1778 58 34 the
674 1778 163 43 privilege
849 1778 45 44 by
906 1778 143 43 making
1062 1778 43 35 its
1119 1779 167 34 assertion
1299 1779 119 43 costly.
1446 1806 6 7 .
1480 1807 7 6 .
1515 1807 6 6 .

434 1827 106 34 What
555 1827 58 35 the
623 1827 81 44 jury
718 1838 80 33 may
812 1828 100 41 infer,
928 1828 99 43 given
1042 1839 44 23 no
1100 1828 79 44 help
1194 1828 91 35 from
1298 1828 59 35 the
1371 1833 108 36 court,
1495 1829 27 34 is

433 1887 65 24 one
507 1877 107 43 thing.
627 1877 107 35 What
743 1877 26 35 it
779 1889 81 32 may
869 1877 89 35 infer
967 1878 100 34 when
1077 1878 59 34 the
1144 1883 99 29 court
1252 1878 202 35 solemnizes
1464 1878 59 35 the

433 1927 127 34 silence
576 1927 40 35 of
629 1927 59 35 the
705 1927 148 35 accused
870 1928 73 34 into
961 1928 162 34 evidence
1140 1928 136 43 against
1293 1928 73 35 him
1382 1928 28 35 is
1427 1929 96 44 quite

433 1977 155 35 another.

493 2063 180 43 Although
691 2063 59 34 the
768 2063 124 43 Griffin
909 2074 80 23 case
1006 2074 70 23 was
1095 2074 44 23 an
1157 2064 123 43 appeal
1298 2063 91 35 from
1406 2075 20 23 a
1441 2063 81 44 jury

309 2112 91 41 trial,
423 2112 93 34 what
539 2112 59 35 the
619 2117 99 30 court
740 2112 216 35 condemned
978 2124 70 23 was
1071 2124 20 23 a
1114 2113 140 44 penalty
1277 2113 177 44 “imposed
1477 2113 45 44 by

309 2162 150 40 courts”;
472 2173 37 23 so
521 2162 59 34 the
592 2162 138 34 Court’s
743 2163 182 42 reasoning
937 2163 131 43 applies
1080 2168 35 29 to
1127 2163 59 34 the
1197 2168 137 38 present
1345 2163 175 34 situation.

310 2212 113 33 When
434 2223 51 23 we
494 2212 85 33 view
590 2212 158 42 together
758 2212 59 34 the
827 2212 80 34 trial
914 2212 137 43 judge’s
1063 2212 191 34 references
1265 2218 35 28 to
1311 2212 97 34 there
1419 2213 103 42 being

309 2272 21 23 a
339 2266 98 37 great
445 2261 78 34 deal
532 2261 76 34 that
617 2272 69 23 was
696 2261 241 44 unexplained,
947 2267 36 29 to
991 2262 60 34 the
1059 2261 87 35 need
1155 2261 53 35 for
1217 2273 20 23 a
1246 2272 95 24 more
1349 2262 172 43 thorough

309 2310 240 44 development
562 2311 39 34 of
611 2311 59 34 the
683 2311 109 44 proof,
807 2316 36 29 to
856 2311 59 34 the
928 2312 127 33 court’s
1069 2312 125 42 having
1207 2312 80 43 only
1300 2312 59 34 the
1372 2312 149 34 alterna­

309 2361 68 33 tive
388 2360 39 35 of
435 2371 21 24 a
468 2360 131 43 finding
610 2360 40 35 of
657 2361 98 43 guilt,
768 2361 68 34 and
848 2366 35 29 to
895 2372 20 23 a
927 2361 126 34 failure
1063 2366 36 29 to
1110 2361 81 34 take
1202 2361 59 34 the
1271 2361 137 35 witness
1420 2361 102 35 stand

309 2421 37 23 as
360 2410 103 43 being
476 2415 98 38 great
587 2410 122 34 tactics
723 2410 119 35 before
855 2422 20 23 a
885 2411 81 43 jury
979 2411 62 34 but
1054 2416 59 29 not
1126 2411 119 34 before
1257 2422 20 23 a
1291 2411 80 34 trial
1383 2411 137 43 lawyer,
