1648 2680
299 385 58 34 the
368 384 155 35 children
534 389 35 29 to
580 384 98 34 other
689 394 150 33 persons.
852 384 50 33 As
913 383 59 34 the
983 383 176 43 appellant
1170 383 62 33 has
1243 387 60 29 not
1314 381 197 35 abstracted

299 434 59 35 the
383 434 227 44 prosecutor’s
636 433 147 44 opening
809 438 197 35 statement,
1032 443 51 24 we
1108 432 67 34 will
1202 437 59 29 not
1286 431 156 35 consider
1467 442 44 24 an

299 484 172 43 objection
486 483 106 36 based
608 494 91 34 upon
715 483 35 35 it.
766 483 178 34 Arkansas
959 483 170 44 Supreme
1144 482 110 34 Court
1269 481 67 35 and
1352 482 110 34 Court
1476 481 39 35 of

299 534 153 44 Appeals
463 534 90 35 Rule
562 533 92 44 9(d);
664 533 137 35 Adams
809 544 30 24 v.
848 533 114 40 State,
973 533 67 34 276
1050 533 85 34 Ark.
1150 533 126 40 18,
1291 531 219 35 631 S.W.2d 828

302 584 136 43 (1982).

299 246 68 33 404

390 659 74 34 The
479 659 205 43 appellant’s
698 663 184 38 argument
896 669 44 23 on
955 658 68 36 this
1038 658 96 43 point
1148 658 134 34 further
1298 658 123 33 relates
1436 657 76 34 that

299 709 59 34 the
368 714 209 38 prosecutor,
589 708 34 34 in
633 708 218 43 questioning
861 708 186 39 witnesses,
1058 718 79 23 over
1147 707 68 34 and
1225 717 79 24 over
1315 706 196 35 mentioned

299 763 204 29 statements
521 757 103 34 made
640 762 36 29 to
692 757 59 34 the
767 757 175 34 witnesses
960 757 44 42 by
1021 757 59 33 the
1096 756 166 34 children.
1281 757 56 33 He
1353 755 107 34 refers
1477 760 36 29 to

299 807 132 34 certain
441 817 105 33 pages
557 807 34 33 in
601 807 59 33 the
671 806 119 34 record
800 811 36 28 at
845 806 113 33 which
968 806 97 33 these
1075 810 115 29 events
1201 816 60 22 are
1270 804 169 44 depicted,
1451 804 61 34 but

300 856 43 34 he
353 856 81 34 does
446 861 59 28 not
515 855 156 34 describe
682 866 67 32 any
759 854 39 35 of
805 855 106 34 them.
924 855 75 33 Our
1010 854 193 34 references
1213 859 35 29 to
1259 854 59 34 the
1328 854 185 42 testimony

300 911 36 28 at
345 905 59 35 the
413 905 91 34 cited
514 915 104 33 pages
628 915 38 24 as
676 904 198 35 abstracted
883 904 113 34 reveal
1006 909 67 29 two
1082 914 38 24 or
1129 903 97 35 three
1235 903 84 35 such
1329 903 182 41 instances,

300 955 69 34 and
380 960 36 29 at
428 955 85 34 each
525 954 95 45 point
632 954 59 35 the
701 959 98 30 court
810 954 139 35 refused
960 959 35 29 to
1007 954 99 34 allow
1118 953 59 35 the
1187 953 137 35 witness
1336 958 35 30 to
1382 953 131 34 discuss

300 1016 21 23 a
332 1010 187 29 statement
531 1004 102 35 made
644 1004 45 44 by
700 1015 65 24 one
775 1004 39 34 of
822 1004 59 34 the
892 1004 165 34 children.
1071 1004 39 34 In
1121 1014 63 24 our
1194 1003 96 41 view,
1302 1014 96 23 some
1408 1003 39 34 of
1454 1003 59 34 the

300 1055 196 43 testimony,
516 1060 37 28 at
572 1054 97 41 least,
689 1054 112 34 would
821 1054 87 34 have
926 1054 87 34 been
1032 1053 200 35 admissible
1251 1053 109 34 under
1379 1053 133 34 U.R.E.

302 1103 220 44 803(25)(A)
535 1103 68 36 and
614 1104 85 34 Ark.
711 1104 88 34 Stat.
811 1104 91 34 Ann.
917 1104 41 42 §§
971 1103 189 43 42-812(d)
1173 1102 68 35 and
1252 1103 130 34 42-815
1396 1102 116 44 (Repl.

305 1155 86 34 1977
415 1154 68 35 and
506 1154 107 44 Supp.
642 1153 116 43 1985).
782 1154 65 34 We
868 1153 71 35 find
962 1164 43 24 no
1027 1153 177 44 prejudice
1225 1152 151 35 resulted
1398 1158 35 29 to
1455 1153 59 34 the

301 1205 176 43 appellant
490 1204 34 34 in
537 1204 97 34 these
647 1204 172 34 instances
832 1203 39 35 of
880 1204 60 34 the
952 1203 127 35 court’s
1092 1203 175 34 exclusion
1280 1202 39 35 of
1329 1202 185 44 testimony

301 1260 36 29 at
357 1255 52 33 his
430 1259 147 39 request.

647 1337 30 34 2.
704 1338 199 41 Testimony
923 1336 47 43 of
981 1335 187 44 Physician

393 1411 170 33 Evidence
574 1410 138 35 showed
723 1410 77 35 that
810 1410 59 34 the
880 1410 135 34 mother
1025 1409 40 35 of
1073 1410 58 34 the
1141 1410 166 40 children,
1319 1409 80 34 wife
1408 1409 40 34 of
1456 1409 58 34 the

301 1460 186 42 appellant,
507 1460 82 33 took
607 1459 60 34 the
685 1459 154 34 children
859 1464 35 29 to
913 1470 20 23 a
953 1459 148 43 hospital
1121 1469 205 32 emergency
1344 1469 97 23 room
1460 1458 54 34 for

301 1508 234 35 examination
551 1519 92 32 upon
659 1508 155 42 learning
830 1508 91 35 from
936 1508 59 34 the
1010 1507 155 35 children
1180 1508 40 33 of
1232 1508 59 33 the
1306 1508 118 34 sexual
1440 1512 73 30 acts

300 1558 83 34 with
394 1558 59 34 the
463 1558 186 43 appellant.
661 1558 75 34 The
746 1557 178 44 physician
935 1557 77 34 who
1022 1557 183 35 examined
1216 1557 95 34 them
1322 1568 69 23 was
1402 1556 111 35 called

301 1618 37 24 as
358 1618 20 24 a
397 1607 137 35 witness
554 1607 44 44 by
617 1607 59 35 the
695 1612 99 30 state.
815 1607 71 35 She
905 1606 148 36 testified
1073 1618 37 24 as
1130 1612 35 29 to
1184 1607 61 34 her
1264 1606 148 44 findings
1431 1606 82 35 with

301 1663 133 38 respect
455 1663 36 29 to
511 1657 89 35 their
622 1657 154 44 physical
797 1657 186 35 condition.
1006 1657 57 35 On
1084 1668 92 23 cross
1198 1657 234 34 examination
1453 1656 61 35 she

300 1707 114 35 stated
425 1708 59 34 the
495 1708 134 34 mother
640 1707 70 35 had
721 1707 72 35 told
804 1707 61 35 her
876 1707 76 35 that
963 1707 61 34 her
1035 1707 137 34 divorce
1182 1707 115 34 action
1309 1707 136 43 against
1455 1707 59 34 the

301 1758 176 43 appellant
491 1768 69 24 was
575 1757 80 35 filed
669 1768 44 24 on
728 1768 20 24 a
763 1757 131 35 certain
909 1757 91 34 date.
1016 1757 74 34 The
1104 1756 119 35 doctor
1238 1756 113 35 added
1365 1757 76 34 that
1455 1756 59 35 the

300 1807 82 35 date
392 1818 70 24 was
473 1807 172 44 pertinent
657 1807 148 34 because
816 1807 155 36 children
982 1806 113 36 would
1106 1806 136 44 usually
1253 1811 60 30 not
1324 1806 73 35 talk
1407 1806 107 35 about

300 1857 118 35 sexual
436 1857 107 35 abuse
559 1857 114 35 unless
690 1857 82 44 they
788 1868 89 24 were
893 1868 79 23 sure
988 1857 82 43 they
1086 1868 89 23 were
1191 1856 84 35 safe.
1294 1856 56 35 On
1367 1856 147 35 redirect

301 1907 245 41 examination,
559 1907 59 35 the
630 1912 199 39 prosecutor
841 1907 106 35 asked
959 1907 59 34 the
1030 1907 131 40 doctor,
1173 1907 145 34 without
1330 1906 183 43 objection,

300 1957 154 34 whether
479 1958 61 33 she
564 1957 69 34 had
659 1957 75 34 said
758 1957 155 34 children
938 1957 96 34 often
1060 1956 44 35 do
1129 1962 60 29 not
1214 1956 145 35 disclose
1384 1956 84 34 such
1494 1967 20 23 a

301 2007 155 43 problem
482 2007 88 34 until
596 2007 82 43 they
704 2006 66 35 feel
798 2006 85 41 safe,
910 2006 69 35 and
1005 2006 77 35 that
1108 2006 85 34 such
1219 2006 171 34 reticence
1415 2006 28 34 is
1470 2017 44 23 an

301 2056 209 35 established
529 2056 259 34 characteristic
806 2056 40 34 of
861 2056 93 34 child
972 2056 108 34 abuse
1098 2056 185 43 reporting.
1303 2056 74 34 The
1394 2055 120 34 doctor

301 2106 191 43 responded
506 2106 251 43 affirmatively,
772 2105 68 35 and
854 2106 83 34 then
950 2105 60 34 the
1022 2110 200 39 prosecutor
1235 2105 106 34 asked
1355 2105 158 34 “What’s

300 2155 103 43 going
419 2166 44 23 on
479 2155 34 34 in
529 2155 89 34 their
635 2155 142 34 mind?”
793 2155 75 34 The
883 2155 205 43 appellant’s
1104 2154 140 35 counsel
1259 2154 169 43 objected,
1445 2154 68 34 and

301 2205 59 34 the
375 2210 98 29 court
488 2204 178 35 overruled
682 2204 59 35 the
756 2204 172 43 objection
944 2215 92 33 upon
1052 2204 102 43 being
1170 2203 179 35 reminded
1364 2204 76 34 that
1455 2203 59 35 the

301 2254 204 44 appellant’s
526 2254 139 35 counsel
685 2254 69 35 had
774 2254 137 34 elicited
931 2254 59 36 the
1010 2253 111 35 initial
1141 2253 185 44 testimony
1346 2253 90 35 from
1455 2253 59 35 the

300 2304 120 34 doctor
440 2315 44 23 on
504 2304 68 34 this
593 2309 137 29 matter.

484 2379 75 33 The
572 2378 176 44 appellant
761 2389 135 32 argues,
910 2378 69 35 and
992 2378 85 34 cites
1091 2377 176 43 authority
1279 2382 36 29 to
1328 2377 59 34 the
1399 2377 114 40 effect,
