1676 2705
147 391 85 34 Ark.
246 390 89 35 Stat.
349 391 91 34 Ann.
456 391 17 42 §
488 392 155 34 41-2604
658 390 115 45 (Repl.
791 391 117 43 1977),
921 391 112 35 which
1046 392 142 43 permits
1200 391 59 36 the
1271 396 90 31 state

148 446 35 29 to
202 451 103 33 prove
323 441 138 44 perjury
479 441 45 43 by
541 440 219 44 introducing
779 441 198 43 conflicting
995 446 203 30 statements
1216 441 145 35 without

148 491 126 42 having
295 496 35 29 to
351 501 101 33 prove
472 491 112 34 which
605 496 187 30 statement
812 492 27 34 is
860 491 97 35 false.

1292 251 67 34 519

239 565 216 44 Appellants,
466 565 172 35 Sherman
649 566 141 44 Dwight
800 567 123 34 Brown
932 566 69 34 and
1011 567 95 34 Leon
1116 567 109 43 Larry
1234 566 126 42 Smith,

147 626 91 24 were
246 615 75 35 first
329 616 177 34 convicted
515 627 44 23 on
568 616 96 43 pleas
673 616 39 34 of
718 616 109 44 guilty
835 621 36 29 to
879 616 66 35 five
953 616 145 43 charges
1107 615 38 36 of
1151 616 210 44 aggravated

149 665 148 43 robbery
323 665 67 34 and
416 665 90 35 theft
532 666 46 43 by
603 666 181 43 receiving.
811 666 97 44 They
933 666 88 35 later
1047 666 80 35 filed
1153 666 147 35 motions
1326 671 36 30 to

148 714 180 35 withdraw
353 715 89 34 their
466 716 111 42 guilty
601 716 95 43 pleas
721 721 168 38 pursuant
913 721 36 29 to
972 716 193 35 A.R.Cr.P.
1191 716 90 35 Rule
1306 717 55 40 26,

149 764 151 44 alleging
321 765 80 43 they
421 776 89 24 were
531 766 172 41 innocent,
725 765 76 35 that
821 765 89 36 their
930 766 95 44 pleas
1045 777 90 24 were
1154 766 142 35 coerced
1317 766 45 44 by

149 814 133 35 threats
297 815 38 34 of
346 814 60 35 life
420 820 178 30 sentences
613 815 28 35 if
653 815 82 44 they
748 821 90 30 went
852 821 35 29 to
901 816 90 41 trial,
1007 816 69 35 and
1090 817 76 34 that
1180 817 81 43 they
1274 827 89 24 were

149 863 125 36 denied
295 865 157 34 effective
472 866 190 34 assistance
681 865 40 35 of
737 866 149 34 counsel.

241 940 49 33 At
301 950 20 23 a
332 940 142 42 hearing
485 951 44 23 on
540 940 59 34 the
610 940 90 35 Rule
711 941 43 34 26
766 940 147 35 motions
924 941 193 43 appellants
1128 941 148 35 testified
1287 942 76 34 that

150 988 82 44 they
254 988 69 35 had
346 989 67 34 lied
434 994 37 30 at
492 990 60 34 the
573 989 144 44 hearing
738 1000 44 24 on
803 990 89 35 their
914 990 110 45 guilty
1045 991 96 43 pleas
1161 991 99 35 when
1281 992 81 43 they

150 1039 150 34 testified
315 1039 81 43 they
409 1039 69 35 had
492 1039 204 35 committed
710 1040 59 35 the
783 1041 134 41 crimes,
932 1040 89 35 their
1036 1041 94 43 pleas
1144 1051 89 25 were
1245 1041 117 35 volun-

150 1094 89 38 tary,
257 1089 69 34 and
342 1089 81 44 they
439 1100 91 24 were
545 1090 155 34 satisfied
716 1090 83 34 with
815 1090 88 35 their
921 1095 187 39 attorneys.
1125 1091 75 35 The
1215 1091 148 35 motions

150 1149 91 24 were
260 1138 124 36 denied
404 1138 68 35 and
493 1140 59 34 the
572 1139 132 35 denials
725 1151 89 23 were
833 1140 157 35 affirmed
1011 1152 44 23 on
1075 1141 134 44 appeal.

337 1214 56 34 On
404 1214 152 34 October
567 1215 172 40 24,1984,
750 1214 192 44 appellants
953 1225 90 24 were
1052 1215 151 42 charged
1213 1215 82 34 with
1305 1215 60 35 the

150 1262 165 35 violation
339 1262 39 36 of
397 1263 84 35 Ark.
507 1264 90 34 Stat.
622 1265 92 33 Ann.
742 1264 17 42 §
785 1265 154 34 41-2602
965 1264 116 44 (Repl.
1111 1264 117 44 1977),
1252 1265 111 35 which

152 1312 157 44 provides
321 1313 76 34 that
409 1324 20 23 a
442 1323 122 34 person
577 1314 161 34 commits
750 1314 138 43 perjury
900 1314 30 35 if
939 1314 34 34 in
986 1325 68 32 any
1065 1314 126 36 official
1203 1314 161 45 proceed­

151 1362 58 43 ing
221 1362 44 35 he
276 1363 118 34 makes
406 1374 19 23 a
437 1363 87 34 false
534 1368 188 30 statement
733 1363 109 35 under
853 1364 93 40 oath,
958 1364 161 44 knowing
1129 1364 26 34 it
1166 1369 36 30 to
1212 1365 43 34 be
1265 1364 97 35 false.

151 1412 75 34 The
245 1412 144 43 charges
408 1423 88 24 were
515 1413 106 34 based
641 1423 44 24 on
704 1413 60 35 the
782 1413 197 43 conflicting
998 1414 186 44 testimony
1202 1414 98 44 given
1320 1414 45 44 by

151 1461 194 44 appellants
359 1467 36 29 at
407 1462 58 34 the
478 1463 110 43 guilty
600 1463 77 43 plea
691 1463 144 43 hearing
847 1463 69 34 and
929 1468 36 30 at
977 1464 60 34 the
1049 1464 91 34 Rule
1154 1465 42 33 26
1210 1464 153 43 hearing.

151 1511 75 35 The
236 1512 82 43 jury
332 1512 161 34 returned
508 1523 20 24 a
542 1512 132 35 verdict
688 1512 40 35 of
739 1512 109 45 guilty
862 1513 80 41 and,
957 1524 38 24 as
1010 1513 157 35 habitual
1181 1513 183 42 offenders,

151 1561 194 44 appellants
363 1573 89 24 were
470 1562 100 43 given
587 1567 179 31 sentences
784 1562 39 36 of
837 1564 243 43 twenty-three
1097 1574 100 34 years
1214 1564 97 42 each,
1329 1569 36 30 to

151 1623 65 23 run
231 1613 241 44 concurrently
486 1612 83 35 with
585 1613 59 35 the
658 1618 178 30 sentences
851 1613 142 44 already
1007 1614 103 44 being
1125 1613 128 36 served.
1269 1615 97 43 They

151 1663 88 34 have
259 1662 179 45 appealed.
460 1663 65 35 We
545 1663 114 35 affirm
679 1663 60 35 the
755 1663 194 44 judgment.

244 1737 81 35 Five
337 1738 112 44 points
463 1738 39 34 of
512 1749 94 24 error
618 1749 60 24 are
690 1739 192 44 presented:
897 1740 59 34 the
968 1739 79 36 trial
1060 1745 99 30 court
1171 1740 122 35 should
1306 1745 59 30 not

152 1788 88 34 have
258 1788 178 34 overruled
455 1798 20 24 a
494 1788 132 35 motion
645 1793 35 29 to
699 1788 136 36 dismiss
854 1789 59 34 the
931 1789 224 35 information
1174 1790 147 35 because
1339 1790 27 34 it

151 1837 153 43 charged
327 1837 138 44 perjury
487 1838 34 33 in
544 1837 59 35 the
625 1838 215 42 disjunctive;
864 1839 123 34 should
1009 1844 60 29 not
1091 1839 87 35 have
1199 1839 123 35 denied
1345 1850 20 23 a

153 1887 132 34 motion
312 1886 53 35 for
391 1898 19 23 a
437 1886 153 36 directed
615 1887 131 35 verdict
773 1887 148 35 because
946 1888 39 34 of
1007 1888 204 35 retractions
1238 1888 44 44 by
1307 1888 59 35 the

152 1936 194 44 appellants
363 1936 123 44 during
502 1937 59 35 the
577 1948 97 24 same
689 1938 126 34 official
831 1938 218 45 proceeding;
1066 1938 122 35 should
1204 1943 59 30 not
1279 1939 87 35 have

152 1986 172 35 admitted
354 1987 184 44 testimony
567 1988 208 43 concerning
804 1989 59 34 the
891 1988 111 44 guilty
1030 1989 95 44 pleas
1155 1989 147 35 because
1330 1988 40 35 of

152 2036 175 44 privilege,
351 2036 122 35 should
497 2043 60 29 not
580 2037 87 35 have
690 2037 125 35 denied
838 2038 59 34 the
916 2039 81 42 jury
1020 2049 116 24 access
1160 2043 35 30 to
1218 2038 147 35 exhibits

152 2085 126 43 during
302 2086 244 34 deliberations
569 2087 69 33 and
663 2087 123 34 should
809 2092 60 29 not
892 2088 88 33 have
1002 2088 100 42 given
1126 2098 44 24 an
1194 2088 172 43 improper

152 2135 206 34 instruction
375 2140 35 28 to
425 2136 59 33 the
497 2135 90 42 jury.
606 2136 65 33 We
687 2135 69 34 will
772 2135 78 35 deal
866 2136 82 34 with
965 2136 59 34 the
1040 2142 200 36 arguments
1256 2136 35 34 in
1307 2136 60 35 the

152 2183 102 35 order
274 2183 123 35 raised.

754 2268 14 35 I

378 2344 205 44 Appellants
594 2344 130 35 submit
734 2343 77 37 that
820 2344 45 44 by
875 2344 147 45 keeping
1032 2345 97 35 them
1138 2344 35 36 in
1183 2344 115 46 prison
1307 2344 61 36 the

153 2398 91 30 state
260 2393 178 45 impliedly
454 2394 130 35 affirms
602 2395 59 34 the
677 2395 96 35 truth
790 2395 40 35 of
843 2395 59 35 the
918 2400 205 30 statements
1139 2395 100 43 given
1256 2401 36 29 at
1308 2395 60 35 the
