1640 2696
1308 267 40 34 19

228 534 149 39 Hardin,
397 536 126 33 Jesson
544 536 30 33 &
595 536 162 39 Dawson,
776 534 55 44 by:
850 536 105 41 Betsy
972 534 100 41 Hall,
1092 534 53 35 for
1163 534 186 44 appellant.

229 612 149 42 Harper,
394 612 129 42 Young,
535 611 119 34 Smith
668 612 30 33 &
712 612 179 40 Maurras,
903 611 55 43 by:
968 610 134 35 Robert
1115 612 36 33 Y.
1165 610 128 40 Cohen,
1304 612 46 40 II,

138 660 53 35 for
207 661 155 43 appellee
376 661 151 43 Spencer
543 661 147 40 Bovard,
705 660 225 44 individually
945 661 69 34 and
1029 672 37 23 as
1081 660 269 36 administrator.

230 736 140 35 Steele
387 738 114 40 Hays,
517 737 142 34 Justice.

676 737 83 34 This
775 748 79 23 case
869 747 165 24 concerns
1049 737 60 34 the
1122 736 143 45 validity
1280 737 39 35 of
1331 748 21 23 a

142 787 89 34 1946
248 786 212 35 declaration
476 786 39 35 of
528 792 89 29 trust
632 787 113 34 which
761 787 59 34 the
835 787 194 44 appellants
1044 787 105 34 claim
1164 787 27 34 is
1207 787 109 34 either
1332 798 21 24 a

139 836 139 43 forgery
286 847 38 23 or
333 847 69 23 was
411 836 164 35 obtained
584 837 45 43 by
638 836 114 35 fraud.
762 837 74 34 The
844 836 161 44 disputed
1013 837 218 41 instrument,
1240 837 113 34 which

139 897 51 23 we
205 886 68 34 will
289 886 90 34 refer
394 892 35 28 to
444 897 38 23 as
498 886 59 35 the
573 886 135 35 Bovard
723 892 99 35 trust,
839 887 122 34 affects
977 887 59 34 the
1051 887 192 44 ownership
1258 886 39 35 of
1309 898 45 23 an

139 935 187 35 undivided
339 936 174 34 one-third
527 936 142 35 interest
682 936 34 34 in
731 937 101 40 2,883
847 947 96 24 acres
957 937 34 34 in
1004 936 185 35 Sebastian
1204 936 149 44 County,

139 986 191 40 Arkansas,
357 986 199 43 containing
582 986 161 34 valuable
768 986 75 35 coal
870 986 162 44 deposits.
1059 987 75 34 The
1159 987 195 34 chancellor

140 1035 128 44 upheld
289 1036 59 34 the
369 1035 133 35 Bovard
523 1041 100 35 trust,
645 1036 62 34 but
727 1047 51 23 we
798 1041 92 29 must
910 1047 134 23 reverse
1064 1036 76 35 that
1160 1036 123 43 ruling.

232 1112 178 43 Appellee,
425 1112 153 43 Spencer
594 1111 146 41 Bovard,
756 1112 27 34 is
798 1112 58 34 the
870 1112 173 43 surviving
1057 1123 124 33 spouse
1195 1112 39 35 of
1245 1113 108 34 Doro-

140 1161 62 44 thy
218 1161 146 41 Bovard,
381 1162 75 34 who
471 1161 80 35 died
567 1162 163 34 intestate
746 1162 34 34 in
799 1163 98 33 1965.
914 1162 218 44 Appellants,
1148 1162 87 35 Lula
1251 1163 104 33 Anna

142 1212 138 33 Hoover
295 1212 101 42 Dopp
410 1211 68 34 and
492 1211 88 34 Lula
596 1212 88 43 May
699 1213 137 33 Hoover
850 1212 143 40 Deleon,
1008 1223 60 23 are
1080 1212 60 34 the
1152 1211 120 35 widow
1286 1212 69 34 and

141 1260 172 43 daughter
326 1260 39 35 of
376 1261 89 34 John
478 1262 44 33 A.
538 1262 149 39 Hoover,
702 1261 77 34 who
792 1261 79 35 died
884 1261 164 35 intestate
1061 1262 34 33 in
1113 1262 98 34 1948.
1227 1262 127 43 Appel-

142 1310 90 35 lants
246 1322 59 23 are
318 1311 59 34 the
389 1310 209 45 undisputed
611 1322 132 23 owners
756 1311 45 43 by
814 1311 141 34 descent
967 1311 40 35 of
1017 1322 45 23 an
1074 1311 186 35 undivided
1273 1317 81 29 two-

142 1360 110 34 thirds
265 1360 39 34 of
313 1361 59 34 the
384 1360 184 35 Sebastian
581 1361 141 43 County
734 1360 109 35 lands.
856 1361 83 34 This
952 1361 173 43 litigation
1137 1361 148 34 involves
1297 1361 60 34 the

142 1410 193 43 remaining
356 1410 184 35 one-third.

234 1487 40 33 In
285 1487 148 43 August,
450 1487 99 41 1946,
561 1487 91 34 John
664 1488 43 33 A.
721 1488 137 33 Hoover
869 1487 133 43 bought
1012 1487 60 35 the
1083 1487 109 35 entire
1202 1492 90 30 tract
1303 1487 54 35 for

143 1537 151 40 $35,000
305 1536 90 35 from
406 1537 59 34 the
475 1537 90 35 First
575 1537 170 35 National
757 1537 98 35 Bank
864 1537 39 35 of
912 1538 51 34 Ft.
975 1537 126 42 Smith,
1113 1542 130 30 trustee
1252 1537 39 35 of
1298 1538 59 34 the

142 1587 263 35 Northwestern
423 1587 87 35 Coal
528 1587 70 35 and
615 1588 188 43 Mortgage
820 1588 194 44 Company,
1033 1588 70 34 Inc.
1121 1588 57 34 On
1194 1588 89 35 June
1303 1589 52 40 10,

147 1638 87 34 1947
248 1639 138 33 Hoover
397 1637 68 35 and
477 1638 52 34 his
542 1638 80 34 wife
634 1638 166 34 executed
813 1649 43 23 an
869 1643 200 38 agreement
1080 1638 82 35 with
1175 1639 181 43 Margaret

142 1688 39 34 T.
193 1688 101 43 Piper
305 1688 143 43 reciting
458 1688 77 34 that
545 1688 60 34 the
614 1688 98 34 three
722 1688 39 34 of
768 1688 95 35 them
874 1688 69 35 had
953 1688 165 44 acquired
1128 1688 59 35 the
1196 1694 161 39 property

142 1742 37 29 at
191 1748 20 24 a
223 1743 74 29 cost
308 1737 40 35 of
357 1738 161 40 $37,500,
531 1738 171 43 purchase
714 1738 93 43 price
818 1738 68 35 and
899 1749 176 33 expenses;
1087 1738 76 35 that
1176 1739 181 42 Margaret

142 1788 39 32 T.
200 1787 101 42 Piper
318 1787 69 33 had
404 1787 99 42 given
522 1787 90 34 John
630 1788 139 33 Hoover
786 1788 151 39 $12,500
954 1787 69 34 and
1040 1788 60 33 the
1117 1789 153 33 Hoovers
1288 1788 69 34 had

143 1835 81 43 paid
237 1836 60 33 the
310 1836 145 33 balance
468 1836 34 33 in
516 1836 83 33 cash
613 1835 69 34 and
695 1836 45 42 by
753 1847 20 22 a
787 1836 79 34 loan
879 1836 39 34 of
929 1837 151 39 $11,000
1093 1836 91 34 from
1197 1836 58 34 the
1269 1837 89 33 First

142 1884 171 34 National
338 1885 98 33 Bank
459 1884 39 34 of
520 1885 52 34 Ft.
597 1885 127 40 Smith,
749 1885 142 34 secured
915 1885 45 43 by
984 1896 20 23 a
1029 1890 180 38 mortgage
1232 1896 43 23 on
1299 1885 59 34 the

143 1939 173 38 property.
327 1933 120 35 Under
457 1934 59 34 the
526 1939 201 38 agreement
737 1935 87 34 Mrs.
835 1934 101 44 Piper
945 1934 114 35 would
1068 1940 61 29 not
1138 1935 43 34 be
1190 1935 167 44 responsi-

143 1984 57 34 ble
208 1983 54 35 for
272 1995 68 32 any
348 1989 77 38 part
433 1984 40 34 of
479 1984 59 34 the
547 1985 20 36 $
574 1985 125 40 11,000
708 1990 80 28 note
797 1984 68 35 and
874 1990 181 38 mortgage
1064 1984 68 35 and
1141 1985 148 34 because
1298 1985 61 34 she

143 2033 59 35 did
214 2039 60 29 not
285 2039 92 30 want
388 2034 60 34 her
459 2034 142 35 interest
612 2039 36 30 to
659 2045 129 33 appear
798 2034 39 35 of
845 2034 131 42 record,
987 2035 60 34 the
1058 2036 155 33 Hoovers
1224 2046 89 23 were
1322 2040 36 29 to

144 2084 81 34 hold
236 2084 59 34 the
306 2089 160 39 property
477 2084 34 34 in
521 2089 90 30 trust
621 2084 54 35 for
685 2085 71 34 her.
768 2084 74 35 The
852 2090 200 38 agreement
1063 2084 163 44 provided
1236 2085 76 34 that
1322 2090 36 30 at

144 2134 59 34 the
223 2133 106 35 death
349 2134 39 34 of
406 2135 87 33 Mrs.
515 2134 101 44 Piper
636 2134 61 34 her
718 2135 141 34 interest
879 2134 113 35 would
1012 2135 195 34 terminate.

236 2210 75 34 The
329 2210 133 34 Bovard
480 2215 90 30 trust
587 2210 223 44 purportedly
827 2211 100 34 bears
945 2211 60 34 the
1022 2211 177 43 signature
1215 2210 40 35 of
1269 2211 90 34 John

146 2261 149 40 Hoover,
309 2260 104 35 dated
426 2261 200 34 November
640 2261 149 41 6,1946,
804 2260 68 35 and
885 2261 123 34 recites
1021 2261 77 34 that
1111 2262 138 34 Hoover
1261 2261 98 34 holds

145 2310 76 35 title
232 2316 36 29 to
279 2311 60 34 the
349 2310 81 35 land
442 2311 34 34 in
488 2316 89 30 trust
589 2310 53 36 for
653 2311 150 41 himself,
817 2312 182 43 Margaret
1010 2311 101 44 Piper
1123 2310 69 36 and
1203 2311 157 44 Dorothy

146 2361 147 40 Bovard,
307 2361 59 34 the
378 2361 80 34 wife
470 2361 39 35 of
519 2361 153 44 Spencer
686 2361 145 35 Bovard.
845 2362 75 34 The
933 2361 136 35 Bovard
1082 2366 89 30 trust
1184 2362 118 34 makes
1316 2372 44 24 no

145 2411 155 34 mention
312 2411 39 34 of
359 2411 86 34 Lula
457 2412 43 33 A.
515 2412 148 40 Hoover,
676 2422 62 23 nor
748 2411 40 34 of
795 2411 59 34 the
865 2411 73 34 fact
949 2411 77 34 that
1038 2412 182 42 Margaret
1231 2411 129 44 Pipers
