1632 2696
113 414 73 43 nity
215 419 36 29 to
279 414 138 44 explore
444 414 59 35 the
531 414 224 44 relationship
784 414 154 35 between
967 413 177 45 appellant
1172 413 68 35 and
1268 413 59 35 the

112 463 180 42 decedent,
316 464 61 34 but
399 464 44 34 he
464 463 58 35 did
545 469 59 29 not
626 464 129 43 proffer
776 464 59 34 the
857 463 162 35 evidence
1041 463 44 35 he
1106 463 112 35 would
1241 463 87 35 have

113 513 193 45 presented.
329 514 64 34 We
413 514 86 34 have
519 513 80 35 held
619 513 77 35 that
716 513 137 35 “where
872 524 94 24 error
986 513 28 35 is
1034 513 160 44 assigned
1214 513 34 35 in
1269 513 59 35 the

113 563 130 35 refusal
253 563 39 35 of
298 563 59 35 the
365 569 98 29 court
471 569 36 29 to
517 563 83 35 hear
609 563 186 44 testimony
804 563 39 35 of
849 574 21 24 a
879 563 149 42 witness,
1038 563 59 35 the
1106 563 119 35 record
1235 568 92 30 must

112 613 148 35 disclose
270 613 60 35 the
339 613 185 35 substance
534 624 38 24 or
584 618 143 40 purport
737 613 39 35 of
784 613 59 35 the
853 613 131 35 offered
995 613 197 44 testimony,
1204 624 37 24 so
1252 613 76 35 that

113 663 68 35 this
209 668 99 30 court
336 674 80 33 may
443 663 192 35 determine
662 663 153 35 whether
842 674 38 24 or
908 668 59 30 not
995 663 43 34 its
1066 663 164 44 rejection
1258 674 69 24 was

113 713 239 44 prejudicial.”
373 713 173 35 Williams
559 724 31 23 v.
605 714 114 40 State,
736 714 66 34 258
819 714 85 33 Ark.
921 714 80 40 207,
1018 714 66 33 523
1101 713 143 35 S.W.2d
1261 715 66 32 377

116 762 139 45 (1975),
273 763 164 44 (quoting
449 765 205 33 Latourette
667 774 30 24 v.
713 763 113 41 State,
843 763 131 34 91 Ark.
992 763 55 41 65,
1068 764 64 33 120
1148 763 93 35 S.W.
1258 764 64 33 411

116 812 157 44 (1909)).
295 814 104 40 Here,
419 813 59 34 the
497 813 177 44 appellant
694 813 59 35 did
773 818 137 39 present
928 813 187 44 testimony
1134 813 45 44 by
1199 813 129 35 several

114 863 129 44 parties
259 863 77 35 that
351 863 59 34 the
425 863 177 44 appellant
619 863 68 35 and
704 864 141 34 Loretta
861 863 143 35 Daniels
1020 874 90 24 were
1126 863 203 45 apparently

115 913 126 43 having
262 924 44 23 an
327 913 111 34 affair.
461 913 160 35 Without
641 913 159 43 knowing
820 913 93 35 what
932 913 192 35 additional
1144 913 185 44 testimony

114 973 71 25 was
206 962 149 41 refused,
376 974 50 23 we
446 968 127 29 cannot
593 962 142 36 address
756 963 43 35 its
819 963 186 35 exclusion.

1262 273 62 34 125

207 1040 172 34 Pursuant
397 1045 35 29 to
451 1040 85 34 Ark.
557 1039 89 35 Stat.
666 1040 92 34 Ann.
780 1040 18 42 §
819 1041 153 34 43-2725
995 1040 116 44 (Repl.
1136 1039 103 44 1977)
1261 1040 68 35 and

114 1089 85 45 Sup.
214 1089 57 35 Ct.
286 1090 42 33 R.
347 1089 90 43 11(f)
452 1100 51 24 we
516 1089 87 35 have
616 1089 167 36 reviewed
795 1090 46 34 all
854 1089 191 44 objections
1058 1090 149 43 brought
1220 1095 35 30 to
1267 1101 62 23 our

115 1139 172 34 attention
299 1139 34 34 in
345 1139 59 34 the
416 1139 154 35 abstract
581 1139 70 34 and
663 1139 116 35 briefs.
793 1140 66 33 We
869 1139 72 34 find
953 1150 45 24 no
1009 1139 204 44 prejudicial
1225 1150 103 24 error.

206 1215 181 36 Affirmed.

207 1292 160 41 Purtle,
388 1293 42 40 J.,
451 1297 60 29 not
531 1292 257 44 participating.

301 1571 176 34 Desmond
499 1572 171 34 BRYAN
692 1582 27 23 v.
742 1571 152 34 STATE
913 1571 40 34 of
969 1572 179 34 Arkansas

116 1647 67 34 CR
204 1647 129 35 85-165

1010 1649 69 33 702
1099 1647 143 35 S.W.2d
1263 1649 66 33 785

445 1725 172 44 Supreme
637 1725 111 35 Court
767 1725 39 35 of
822 1725 179 36 Arkansas

370 1775 152 44 Opinion
542 1775 173 35 delivered
736 1776 176 43 February
933 1777 31 40 3,
990 1777 88 34 1986
