1640 2688
307 412 187 33 American
506 411 116 35 States
634 412 103 34 liable
747 423 44 23 on
802 412 42 34 its
856 412 101 34 bond.
971 413 131 40 Hence,
1114 413 116 34 unlike
1240 413 59 34 the
1309 413 163 34 situation
1485 414 33 33 in

307 460 59 34 the
385 461 117 34 Nolen
521 471 90 30 case,
633 461 59 34 the
711 472 96 23 same
828 461 95 34 basic
943 461 105 34 claim
1067 472 70 23 was
1158 462 166 40 involved;
1345 473 37 23 so
1403 462 26 34 it
1449 473 69 23 was

307 509 171 34 desirable
496 510 76 33 that
591 510 45 34 all
655 510 127 43 parties
801 511 43 33 be
862 511 149 42 brought
1030 511 72 33 into
1120 521 65 23 one
1203 511 135 34 lawsuit
1356 511 68 34 and
1443 512 76 33 that

307 559 89 33 their
416 559 198 42 conflicting
634 559 121 34 claims
776 559 42 34 be
838 559 159 43 disposed
1017 559 40 34 of
1074 560 34 33 in
1129 570 20 23 a
1169 560 109 42 single
1298 560 89 34 trial.

308 271 68 34 260

397 632 104 44 Story
522 633 72 34 also
616 643 122 33 argues
761 644 43 23 on
825 633 110 35 direct
956 634 123 43 appeal
1101 634 76 34 that
1198 633 30 35 if
1246 634 43 34 he
1310 634 27 34 is
1359 634 103 35 liable
1483 639 35 30 to

307 683 188 34 American
510 683 127 41 States,
654 683 43 34 he
712 683 122 34 should
850 683 42 35 be
907 683 153 35 credited
1075 684 82 34 with
1173 684 59 34 the
1251 684 75 34 10%
1342 684 177 44 retainage

307 732 76 34 that
406 733 188 34 American
618 733 128 34 State’s
770 733 179 44 principal,
974 734 59 33 the
1055 734 139 42 general
1218 739 206 36 contractor,
1448 746 69 23 was

307 782 142 34 entitled
459 787 35 29 to
504 782 79 35 hold
594 782 89 35 back
691 783 90 34 from
791 783 43 34 its
844 789 180 38 payments
1033 789 36 28 to
1078 784 59 34 the
1145 784 271 34 subcontractor.
1427 784 91 35 That

306 832 198 34 contention
516 832 122 34 should
650 832 88 35 have
749 833 85 34 been
846 833 139 44 pressed
997 833 34 34 in
1043 833 58 34 the
1112 834 79 34 trial
1202 839 99 29 court
1312 833 68 35 and
1392 839 126 30 cannot

306 881 43 34 be
369 881 153 35 asserted
544 881 52 35 for
616 882 59 37 the
694 882 74 35 first
788 882 85 35 time
892 893 44 24 on
957 883 133 44 appeal.

490 957 57 36 On
562 968 92 24 cross
670 958 123 43 appeal
809 958 188 34 American
1013 958 115 35 States
1144 958 115 35 insists
1274 959 77 34 that
1366 959 58 34 the
1439 959 78 35 trial

306 1012 109 35 court,
437 1007 35 34 in
493 1007 155 35 addition
669 1013 36 28 to
726 1008 155 43 entering
899 1008 185 43 judgment
1105 1009 136 42 against
1262 1009 103 43 Story
1386 1008 53 35 for
1460 1009 59 34 the

306 1062 144 28 amount
468 1057 181 34 recovered
667 1057 45 43 by
729 1058 156 42 Apache,
903 1058 82 34 with
1003 1058 152 41 interest,
1174 1058 123 34 should
1315 1059 87 33 have
1419 1059 99 42 given

305 1106 189 34 American
503 1106 116 34 States
626 1106 184 43 judgment
819 1117 79 24 over
908 1107 54 34 for
971 1108 59 33 the
1039 1107 139 44 penalty
1188 1107 69 35 and
1266 1108 187 43 attorney’s
1464 1108 55 34 fee

306 1155 76 34 that
403 1166 89 25 were
513 1155 181 35 recovered
716 1156 44 43 by
780 1156 155 44 Apache.
958 1157 83 34 This
1063 1162 183 38 argument
1267 1157 28 34 is
1316 1163 60 29 not
1397 1157 119 35 sound.

307 1205 112 34 When
436 1205 58 34 the
510 1205 68 34 suit
594 1216 69 24 was
680 1206 149 43 brought
845 1206 45 44 by
906 1207 155 43 Apache,
1079 1207 188 34 American
1283 1207 116 35 States
1416 1207 101 35 could

306 1254 86 34 have
411 1254 179 35 confessed
605 1255 184 43 judgment
808 1255 54 35 for
880 1256 59 34 the
957 1262 144 28 amount
1119 1257 149 34 claimed
1287 1257 68 34 and
1374 1257 143 44 thereby

305 1304 144 34 avoided
470 1304 146 43 liability
634 1304 53 34 for
706 1305 59 34 the
783 1306 140 42 penalty
942 1305 69 34 and
1029 1307 187 42 attorney’s
1235 1306 65 34 fee.
1322 1307 149 40 Instead,
1491 1307 26 34 it

305 1353 103 34 chose
419 1359 35 28 to
465 1353 90 44 deny
566 1354 146 43 liability
723 1354 68 35 and
803 1354 95 35 force
908 1355 146 43 Apache
1065 1361 35 28 to
1111 1366 103 33 prove
1225 1356 43 34 its
1279 1356 114 41 claim,
1405 1356 111 35 which

305 1402 26 35 it
340 1402 69 35 did.
420 1403 74 34 The
504 1403 146 44 liability
659 1403 54 35 for
722 1404 58 34 the
790 1405 140 43 penalty
939 1404 68 35 and
1018 1406 186 42 attorney’s
1214 1405 56 35 fee
1278 1417 70 23 was
1357 1405 159 35 incurred

305 1452 45 43 by
364 1453 188 34 American
568 1453 127 41 States,
711 1459 59 29 not
786 1454 44 43 by
845 1454 114 43 Story;
975 1465 37 23 so
1027 1455 59 33 the
1100 1455 80 34 trial
1194 1456 127 33 court’s
1333 1455 184 43 judgment

305 1512 69 24 was
394 1507 142 29 correct.

395 1577 188 35 American
602 1578 117 34 States
738 1579 72 34 also
830 1589 124 33 argues
974 1579 77 34 that
1069 1579 146 44 Apache
1234 1579 106 35 failed
1360 1585 35 29 to
1414 1591 103 33 prove

304 1627 76 34 that
395 1627 46 35 all
457 1627 59 35 the
531 1628 159 34 material
705 1628 54 35 for
773 1629 113 34 which
902 1629 26 34 it
943 1629 121 34 claims
1080 1635 164 38 payment
1260 1630 151 44 actually
1426 1636 90 29 went

304 1677 72 34 into
387 1677 59 34 the
456 1677 130 44 Searcy
593 1678 72 43 job.
677 1678 83 34 This
770 1689 70 24 was
852 1690 45 23 an
908 1679 92 34 issue
1010 1679 40 34 of
1057 1679 84 41 fact,
1153 1690 38 24 as
1202 1685 35 29 to
1248 1680 112 34 which
1371 1680 145 44 Apache

304 1726 103 34 made
420 1738 20 23 a
455 1727 202 43 convincing
671 1728 111 43 prima
797 1728 91 34 facie
901 1739 81 23 case
994 1728 113 35 which
1121 1740 70 23 was
1205 1734 60 29 not
1278 1740 179 24 overcome
1471 1730 45 43 by

303 1781 161 38 contrary
477 1776 108 43 proof.
601 1777 30 34 It
643 1777 113 34 would
768 1788 96 23 serve
876 1788 44 24 no
932 1778 114 34 useful
1059 1788 148 34 purpose
1218 1778 54 35 for
1284 1790 39 23 us
1336 1784 35 29 to
1383 1779 132 34 discuss

303 1825 59 34 the
373 1825 89 34 facts
473 1826 33 33 in
517 1826 117 40 detail,
645 1826 112 34 which
768 1838 59 23 are
837 1832 52 29 set
899 1827 94 34 forth
1004 1828 34 33 in
1049 1828 59 34 the
1118 1838 91 24 cross
1221 1828 181 44 appellee’s
1413 1828 99 35 brief.

304 1875 65 34 We
380 1880 127 29 cannot
518 1886 61 33 say
590 1876 76 34 that
678 1876 59 34 the
748 1876 79 35 trial
838 1877 128 34 court’s
978 1877 151 35 decision
1141 1877 28 35 is
1180 1878 127 43 clearly
1319 1889 193 24 erroneous.

393 1950 180 34 Affirmed.

394 2024 159 41 Purtle,
574 2025 42 40 J.,
638 2030 59 28 not
717 2025 256 44 participating.
