<?xml version='1.0' encoding='utf-8'?>
<alto xmlns="http://www.loc.gov/standards/alto/ns-v3#">
  <!--Created by Innodata R.E.D. RLI tool: 2017-04-25 06:27:18.805030-->
  <Description>
    <MeasurementUnit>pixel</MeasurementUnit>
    <sourceImageInformation>
      <fileName>32044078577194_00086_0.tif</fileName>
    </sourceImageInformation>
    <OCRProcessing ID="OP_1">
      <ocrProcessingStep>
        <processingStepDescription>Alto coordinates refer to the deskewed TIFF file. 
		To convert point (x, y) to original image (TIFF or JP2) apply transformation matrix T=(m00, m01, m10, m11, b0, b1) using the rule:
			T * (x,y) = (m00 * x + m01 * y + b0), (m10 * x + m11 * y + b1)</processingStepDescription>
        <processingStepSettings>RED.transform=(1.0, -0.0, 0.0, 1.0, 0.0, -0.0)</processingStepSettings>
      </ocrProcessingStep>
    </OCRProcessing>
  </Description>
  <Styles>
    <TextStyle FONTFAMILY="Times New Roman" FONTSIZE="11.00" FONTTYPE="serif" FONTWIDTH="proportional" ID="Style_3"/>
    <TextStyle FONTFAMILY="Times New Roman" FONTSIZE="11.00" FONTSTYLE="italics" FONTTYPE="serif" FONTWIDTH="proportional" ID="Style_4"/>
  </Styles>
  <Tags>
    <StructureTag ID="Af3" LABEL="pagelabel"/>
    <StructureTag ID="b171-3" LABEL="blockquote"/>
    <StructureTag ID="b171-4" LABEL="p"/>
    <StructureTag ID="b171-5" LABEL="p"/>
    <StructureTag ID="b171-6" LABEL="p"/>
  </Tags>
  <Layout>
    <Page HEIGHT="2696" ID="PG_171" PHYSICAL_IMG_NR="171" WIDTH="1632">
      <PrintSpace HEIGHT="2696" HPOS="0" ID="PS_171" VPOS="0" WIDTH="1632">
        <TextBlock HEIGHT="34.0" HPOS="1267.0" ID="BL_171.2" TAGREFS="Af3" VPOS="271.0" WIDTH="62.0">
          <TextLine HEIGHT="34" HPOS="1267" ID="TL_171.2.1" VPOS="271" WIDTH="62">
            <String CONTENT="145" HEIGHT="34" HPOS="1267" ID="ST_171.2.1.1" STYLEREFS="Style_3" VPOS="271" WIDTH="62" WC="1.00" CC="000" TAGREFS=""/>
          </TextLine>
        </TextBlock>
        <TextBlock HEIGHT="344.0" HPOS="245.0" ID="BL_171.3" TAGREFS="b171-3" VPOS="411.0" WIDTH="1091.0">
          <TextLine HEIGHT="44" HPOS="246" ID="TL_171.3.1" VPOS="411" WIDTH="1087">
            <String CONTENT="In" HEIGHT="33" HPOS="246" ID="ST_171.3.1.1" STYLEREFS="Style_3" VPOS="412" WIDTH="38" WC="1.00" CC="00" TAGREFS=""/>
            <SP HPOS="284" ID="SP_171.3.1.2" VPOS="422" WIDTH="20"/>
            <String CONTENT="our" HEIGHT="23" HPOS="304" ID="ST_171.3.1.3" STYLEREFS="Style_3" VPOS="422" WIDTH="62" WC="0.99" CC="000" TAGREFS=""/>
            <SP HPOS="366" ID="SP_171.3.1.4" VPOS="411" WIDTH="19"/>
            <String CONTENT="opinion" HEIGHT="44" HPOS="385" ID="ST_171.3.1.5" STYLEREFS="Style_3" VPOS="411" WIDTH="138" WC="0.96" CC="0000000" TAGREFS=""/>
            <SP HPOS="523" ID="SP_171.3.1.6" VPOS="422" WIDTH="19"/>
            <String CONTENT="on" HEIGHT="24" HPOS="542" ID="ST_171.3.1.7" STYLEREFS="Style_3" VPOS="422" WIDTH="44" WC="0.93" CC="00" TAGREFS=""/>
            <SP HPOS="586" ID="SP_171.3.1.8" VPOS="412" WIDTH="19"/>
            <String CONTENT="the" HEIGHT="34" HPOS="605" ID="ST_171.3.1.9" STYLEREFS="Style_3" VPOS="412" WIDTH="60" WC="0.88" CC="000" TAGREFS=""/>
            <SP HPOS="665" ID="SP_171.3.1.10" VPOS="412" WIDTH="19"/>
            <String CONTENT="first" HEIGHT="34" HPOS="684" ID="ST_171.3.1.11" STYLEREFS="Style_3" VPOS="412" WIDTH="74" WC="0.98" CC="00000" TAGREFS=""/>
            <SP HPOS="758" ID="SP_171.3.1.12" VPOS="412" WIDTH="19"/>
            <String CONTENT="appeal," HEIGHT="43" HPOS="777" ID="ST_171.3.1.13" STYLEREFS="Style_3" VPOS="412" WIDTH="134" WC="0.96" CC="0000000" TAGREFS=""/>
            <SP HPOS="911" ID="SP_171.3.1.14" VPOS="412" WIDTH="20"/>
            <String CONTENT="where" HEIGHT="34" HPOS="931" ID="ST_171.3.1.15" STYLEREFS="Style_3" VPOS="412" WIDTH="114" WC="0.91" CC="00000" TAGREFS=""/>
            <SP HPOS="1045" ID="SP_171.3.1.16" VPOS="423" WIDTH="18"/>
            <String CONTENT="we" HEIGHT="23" HPOS="1063" ID="ST_171.3.1.17" STYLEREFS="Style_3" VPOS="423" WIDTH="52" WC="1.00" CC="00" TAGREFS=""/>
            <SP HPOS="1115" ID="SP_171.3.1.18" VPOS="411" WIDTH="18"/>
            <String CONTENT="subtracted" HEIGHT="35" HPOS="1133" ID="ST_171.3.1.19" STYLEREFS="Style_3" VPOS="411" WIDTH="200" WC="0.89" CC="0000000000" TAGREFS=""/>
          </TextLine>
          <TextLine HEIGHT="41" HPOS="246" ID="TL_171.3.2" VPOS="461" WIDTH="1090">
            <String CONTENT="$80,349" HEIGHT="40" HPOS="246" ID="ST_171.3.2.1" STYLEREFS="Style_3" VPOS="462" WIDTH="149" WC="0.89" CC="0000000" TAGREFS=""/>
            <SP HPOS="395" ID="SP_171.3.2.2" VPOS="461" WIDTH="33"/>
            <String CONTENT="from" HEIGHT="35" HPOS="428" ID="ST_171.3.2.3" STYLEREFS="Style_3" VPOS="461" WIDTH="90" WC="1.00" CC="0000" TAGREFS=""/>
            <SP HPOS="518" ID="SP_171.3.2.4" VPOS="462" WIDTH="32"/>
            <String CONTENT="$165,000," HEIGHT="40" HPOS="550" ID="ST_171.3.2.5" STYLEREFS="Style_3" VPOS="462" WIDTH="186" WC="0.81" CC="000000000" TAGREFS=""/>
            <SP HPOS="736" ID="SP_171.3.2.6" VPOS="473" WIDTH="33"/>
            <String CONTENT="we" HEIGHT="23" HPOS="769" ID="ST_171.3.2.7" STYLEREFS="Style_3" VPOS="473" WIDTH="50" WC="1.00" CC="00" TAGREFS=""/>
            <SP HPOS="819" ID="SP_171.3.2.8" VPOS="461" WIDTH="30"/>
            <String CONTENT="showed" HEIGHT="35" HPOS="849" ID="ST_171.3.2.9" STYLEREFS="Style_3" VPOS="461" WIDTH="138" WC="0.99" CC="000000" TAGREFS=""/>
            <SP HPOS="987" ID="SP_171.3.2.10" VPOS="472" WIDTH="32"/>
            <String CONTENT="a" HEIGHT="24" HPOS="1019" ID="ST_171.3.2.11" STYLEREFS="Style_3" VPOS="472" WIDTH="21" WC="0.87" CC="0" TAGREFS=""/>
            <SP HPOS="1040" ID="SP_171.3.2.12" VPOS="461" WIDTH="31"/>
            <String CONTENT="remainder" HEIGHT="35" HPOS="1071" ID="ST_171.3.2.13" STYLEREFS="Style_3" VPOS="461" WIDTH="195" WC="0.94" CC="000000000" TAGREFS=""/>
            <SP HPOS="1266" ID="SP_171.3.2.14" VPOS="461" WIDTH="31"/>
            <String CONTENT="of" HEIGHT="35" HPOS="1297" ID="ST_171.3.2.15" STYLEREFS="Style_3" VPOS="461" WIDTH="39" WC="1.00" CC="00" TAGREFS=""/>
          </TextLine>
          <TextLine HEIGHT="41" HPOS="246" ID="TL_171.3.3" VPOS="511" WIDTH="1087">
            <String CONTENT="$85,651," HEIGHT="40" HPOS="246" ID="ST_171.3.3.1" STYLEREFS="Style_3" VPOS="512" WIDTH="161" WC="0.89" CC="09900999" TAGREFS=""/>
            <SP HPOS="407" ID="SP_171.3.3.2" VPOS="511" WIDTH="11"/>
            <String CONTENT="instead" HEIGHT="35" HPOS="418" ID="ST_171.3.3.3" STYLEREFS="Style_3" VPOS="511" WIDTH="134" WC="0.97" CC="0000000" TAGREFS=""/>
            <SP HPOS="552" ID="SP_171.3.3.4" VPOS="511" WIDTH="9"/>
            <String CONTENT="of" HEIGHT="35" HPOS="561" ID="ST_171.3.3.5" STYLEREFS="Style_3" VPOS="511" WIDTH="40" WC="1.00" CC="00" TAGREFS=""/>
            <SP HPOS="601" ID="SP_171.3.3.6" VPOS="512" WIDTH="5"/>
            <String CONTENT="the" HEIGHT="34" HPOS="606" ID="ST_171.3.3.7" STYLEREFS="Style_3" VPOS="512" WIDTH="60" WC="1.00" CC="000" TAGREFS=""/>
            <SP HPOS="666" ID="SP_171.3.3.8" VPOS="516" WIDTH="8"/>
            <String CONTENT="correct" HEIGHT="30" HPOS="674" ID="ST_171.3.3.9" STYLEREFS="Style_3" VPOS="516" WIDTH="133" WC="1.00" CC="0000000" TAGREFS=""/>
            <SP HPOS="807" ID="SP_171.3.3.10" VPOS="517" WIDTH="9"/>
            <String CONTENT="amount" HEIGHT="29" HPOS="816" ID="ST_171.3.3.11" STYLEREFS="Style_3" VPOS="517" WIDTH="144" WC="0.86" CC="000000" TAGREFS=""/>
            <SP HPOS="960" ID="SP_171.3.3.12" VPOS="511" WIDTH="9"/>
            <String CONTENT="of" HEIGHT="35" HPOS="969" ID="ST_171.3.3.13" STYLEREFS="Style_3" VPOS="511" WIDTH="39" WC="1.00" CC="00" TAGREFS=""/>
            <SP HPOS="1008" ID="SP_171.3.3.14" VPOS="512" WIDTH="6"/>
            <String CONTENT="$84,651." HEIGHT="40" HPOS="1014" ID="ST_171.3.3.15" STYLEREFS="Style_3" VPOS="512" WIDTH="161" WC="0.96" CC="00000999" TAGREFS=""/>
            <SP HPOS="1175" ID="SP_171.3.3.16" VPOS="511" WIDTH="11"/>
            <String CONTENT="The" HEIGHT="35" HPOS="1186" ID="ST_171.3.3.17" STYLEREFS="Style_3" VPOS="511" WIDTH="74" WC="0.90" CC="000" TAGREFS=""/>
            <SP HPOS="1260" ID="SP_171.3.3.18" VPOS="511" WIDTH="8"/>
            <String CONTENT="law" HEIGHT="35" HPOS="1268" ID="ST_171.3.3.19" STYLEREFS="Style_3" VPOS="511" WIDTH="65" WC="0.87" CC="000" TAGREFS=""/>
          </TextLine>
          <TextLine HEIGHT="35" HPOS="245" ID="TL_171.3.4" VPOS="561" WIDTH="1089">
            <String CONTENT="of" HEIGHT="34" HPOS="245" ID="ST_171.3.4.1" STYLEREFS="Style_3" VPOS="561" WIDTH="39" WC="1.00" CC="00" TAGREFS=""/>
            <SP HPOS="284" ID="SP_171.3.4.2" VPOS="561" WIDTH="17"/>
            <String CONTENT="the" HEIGHT="34" HPOS="301" ID="ST_171.3.4.3" STYLEREFS="Style_3" VPOS="561" WIDTH="59" WC="1.00" CC="000" TAGREFS=""/>
            <SP HPOS="360" ID="SP_171.3.4.4" VPOS="572" WIDTH="18"/>
            <String CONTENT="case" HEIGHT="24" HPOS="378" ID="ST_171.3.4.5" STYLEREFS="Style_3" VPOS="572" WIDTH="79" WC="0.95" CC="0000" TAGREFS=""/>
            <SP HPOS="457" ID="SP_171.3.4.6" VPOS="561" WIDTH="20"/>
            <String CONTENT="is" HEIGHT="35" HPOS="477" ID="ST_171.3.4.7" STYLEREFS="Style_3" VPOS="561" WIDTH="27" WC="1.00" CC="00" TAGREFS=""/>
            <SP HPOS="504" ID="SP_171.3.4.8" VPOS="567" WIDTH="20"/>
            <String CONTENT="not" HEIGHT="29" HPOS="524" ID="ST_171.3.4.9" STYLEREFS="Style_3" VPOS="567" WIDTH="60" WC="1.00" CC="000" TAGREFS=""/>
            <SP HPOS="584" ID="SP_171.3.4.10" VPOS="572" WIDTH="19"/>
            <String CONTENT="so" HEIGHT="24" HPOS="603" ID="ST_171.3.4.11" STYLEREFS="Style_3" VPOS="572" WIDTH="38" WC="1.00" CC="00" TAGREFS=""/>
            <SP HPOS="641" ID="SP_171.3.4.12" VPOS="561" WIDTH="20"/>
            <String CONTENT="inflexible" HEIGHT="35" HPOS="661" ID="ST_171.3.4.13" STYLEREFS="Style_3" VPOS="561" WIDTH="173" WC="0.90" CC="0000000000" TAGREFS=""/>
            <SP HPOS="834" ID="SP_171.3.4.14" VPOS="562" WIDTH="18"/>
            <String CONTENT="that" HEIGHT="34" HPOS="852" ID="ST_171.3.4.15" STYLEREFS="Style_3" VPOS="562" WIDTH="77" WC="0.99" CC="0000" TAGREFS=""/>
            <SP HPOS="929" ID="SP_171.3.4.16" VPOS="572" WIDTH="19"/>
            <String CONTENT="we" HEIGHT="24" HPOS="948" ID="ST_171.3.4.17" STYLEREFS="Style_3" VPOS="572" WIDTH="52" WC="0.99" CC="00" TAGREFS=""/>
            <SP HPOS="1000" ID="SP_171.3.4.18" VPOS="566" WIDTH="18"/>
            <String CONTENT="cannot" HEIGHT="30" HPOS="1018" ID="ST_171.3.4.19" STYLEREFS="Style_3" VPOS="566" WIDTH="127" WC="0.99" CC="000000" TAGREFS=""/>
            <SP HPOS="1145" ID="SP_171.3.4.20" VPOS="562" WIDTH="20"/>
            <String CONTENT="resolve" HEIGHT="34" HPOS="1165" ID="ST_171.3.4.21" STYLEREFS="Style_3" VPOS="562" WIDTH="129" WC="0.93" CC="0000000" TAGREFS=""/>
            <SP HPOS="1294" ID="SP_171.3.4.22" VPOS="572" WIDTH="19"/>
            <String CONTENT="a" HEIGHT="24" HPOS="1313" ID="ST_171.3.4.23" STYLEREFS="Style_3" VPOS="572" WIDTH="21" WC="0.78" CC="0" TAGREFS=""/>
          </TextLine>
          <TextLine HEIGHT="44" HPOS="246" ID="TL_171.3.5" VPOS="611" WIDTH="1089">
            <String CONTENT="conflict" HEIGHT="34" HPOS="246" ID="ST_171.3.5.1" STYLEREFS="Style_3" VPOS="611" WIDTH="138" WC="0.99" CC="00000000" TAGREFS=""/>
            <SP HPOS="384" ID="SP_171.3.5.2" VPOS="616" WIDTH="21"/>
            <String CONTENT="apparent" HEIGHT="39" HPOS="405" ID="ST_171.3.5.3" STYLEREFS="Style_3" VPOS="616" WIDTH="168" WC="0.96" CC="00000000" TAGREFS=""/>
            <SP HPOS="573" ID="SP_171.3.5.4" VPOS="622" WIDTH="21"/>
            <String CONTENT="on" HEIGHT="24" HPOS="594" ID="ST_171.3.5.5" STYLEREFS="Style_3" VPOS="622" WIDTH="44" WC="0.73" CC="00" TAGREFS=""/>
            <SP HPOS="638" ID="SP_171.3.5.6" VPOS="612" WIDTH="22"/>
            <String CONTENT="the" HEIGHT="34" HPOS="660" ID="ST_171.3.5.7" STYLEREFS="Style_3" VPOS="612" WIDTH="59" WC="0.72" CC="000" TAGREFS=""/>
            <SP HPOS="719" ID="SP_171.3.5.8" VPOS="611" WIDTH="21"/>
            <String CONTENT="face" HEIGHT="35" HPOS="740" ID="ST_171.3.5.9" STYLEREFS="Style_3" VPOS="611" WIDTH="77" WC="1.00" CC="0000" TAGREFS=""/>
            <SP HPOS="817" ID="SP_171.3.5.10" VPOS="611" WIDTH="21"/>
            <String CONTENT="of" HEIGHT="35" HPOS="838" ID="ST_171.3.5.11" STYLEREFS="Style_3" VPOS="611" WIDTH="39" WC="1.00" CC="00" TAGREFS=""/>
            <SP HPOS="877" ID="SP_171.3.5.12" VPOS="612" WIDTH="18"/>
            <String CONTENT="the" HEIGHT="34" HPOS="895" ID="ST_171.3.5.13" STYLEREFS="Style_3" VPOS="612" WIDTH="59" WC="0.97" CC="000" TAGREFS=""/>
            <SP HPOS="954" ID="SP_171.3.5.14" VPOS="612" WIDTH="21"/>
            <String CONTENT="earlier" HEIGHT="34" HPOS="975" ID="ST_171.3.5.15" STYLEREFS="Style_3" VPOS="612" WIDTH="123" WC="0.95" CC="0000000" TAGREFS=""/>
            <SP HPOS="1098" ID="SP_171.3.5.16" VPOS="611" WIDTH="20"/>
            <String CONTENT="opinion," HEIGHT="44" HPOS="1118" ID="ST_171.3.5.17" STYLEREFS="Style_3" VPOS="611" WIDTH="150" WC="0.96" CC="00000000" TAGREFS=""/>
            <SP HPOS="1268" ID="SP_171.3.5.18" VPOS="612" WIDTH="22"/>
            <String CONTENT="by" HEIGHT="43" HPOS="1290" ID="ST_171.3.5.19" STYLEREFS="Style_3" VPOS="612" WIDTH="45" WC="0.90" CC="00" TAGREFS=""/>
          </TextLine>
          <TextLine HEIGHT="44" HPOS="246" ID="TL_171.3.6" VPOS="661" WIDTH="1088">
            <String CONTENT="correcting" HEIGHT="44" HPOS="246" ID="ST_171.3.6.1" STYLEREFS="Style_3" VPOS="661" WIDTH="191" WC="0.99" CC="0000000000" TAGREFS=""/>
            <SP HPOS="437" ID="SP_171.3.6.2" VPOS="672" WIDTH="11"/>
            <String CONTENT="an" HEIGHT="24" HPOS="448" ID="ST_171.3.6.3" STYLEREFS="Style_3" VPOS="672" WIDTH="44" WC="0.81" CC="00" TAGREFS=""/>
            <SP HPOS="492" ID="SP_171.3.6.4" VPOS="661" WIDTH="11"/>
            <String CONTENT="obvious" HEIGHT="35" HPOS="503" ID="ST_171.3.6.5" STYLEREFS="Style_3" VPOS="661" WIDTH="142" WC="0.92" CC="0000000" TAGREFS=""/>
            <SP HPOS="645" ID="SP_171.3.6.6" VPOS="661" WIDTH="11"/>
            <String CONTENT="arithmetical" HEIGHT="35" HPOS="656" ID="ST_171.3.6.7" STYLEREFS="Style_3" VPOS="661" WIDTH="232" WC="0.97" CC="000000000000" TAGREFS=""/>
            <SP HPOS="888" ID="SP_171.3.6.8" VPOS="672" WIDTH="11"/>
            <String CONTENT="error." HEIGHT="24" HPOS="899" ID="ST_171.3.6.9" STYLEREFS="Style_3" VPOS="672" WIDTH="103" WC="0.98" CC="000000" TAGREFS=""/>
            <SP HPOS="1002" ID="SP_171.3.6.10" VPOS="661" WIDTH="17"/>
            <String CONTENT="[266" HEIGHT="44" HPOS="1019" ID="ST_171.3.6.11" STYLEREFS="Style_3" VPOS="661" WIDTH="82" WC="1.00" CC="0000" TAGREFS=""/>
            <SP HPOS="1101" ID="SP_171.3.6.12" VPOS="662" WIDTH="11"/>
            <String CONTENT="Ark." HEIGHT="35" HPOS="1112" ID="ST_171.3.6.13" STYLEREFS="Style_3" VPOS="662" WIDTH="85" WC="1.00" CC="0000" TAGREFS=""/>
            <SP HPOS="1197" ID="SP_171.3.6.14" VPOS="667" WIDTH="11"/>
            <String CONTENT="at" HEIGHT="29" HPOS="1208" ID="ST_171.3.6.15" STYLEREFS="Style_3" VPOS="667" WIDTH="36" WC="0.98" CC="00" TAGREFS=""/>
            <SP HPOS="1244" ID="SP_171.3.6.16" VPOS="662" WIDTH="12"/>
            <String CONTENT="566," HEIGHT="41" HPOS="1256" ID="ST_171.3.6.17" STYLEREFS="Style_3" VPOS="662" WIDTH="78" WC="0.91" CC="0000" TAGREFS=""/>
          </TextLine>
          <TextLine HEIGHT="44" HPOS="248" ID="TL_171.3.7" VPOS="711" WIDTH="378">
            <String CONTENT="587" HEIGHT="34" HPOS="248" ID="ST_171.3.7.1" STYLEREFS="Style_3" VPOS="712" WIDTH="66" WC="0.86" CC="000" TAGREFS=""/>
            <SP HPOS="314" ID="SP_171.3.7.2" VPOS="711" WIDTH="22"/>
            <String CONTENT="S.W.2d" HEIGHT="35" HPOS="336" ID="ST_171.3.7.3" STYLEREFS="Style_3" VPOS="711" WIDTH="142" WC="1.00" CC="000990" TAGREFS=""/>
            <SP HPOS="478" ID="SP_171.3.7.4" VPOS="717" WIDTH="21"/>
            <String CONTENT="at" HEIGHT="29" HPOS="499" ID="ST_171.3.7.5" STYLEREFS="Style_3" VPOS="717" WIDTH="36" WC="1.00" CC="00" TAGREFS=""/>
            <SP HPOS="535" ID="SP_171.3.7.6" VPOS="712" WIDTH="21"/>
            <String CONTENT="25.]" HEIGHT="43" HPOS="556" ID="ST_171.3.7.7" STYLEREFS="Style_3" VPOS="712" WIDTH="70" WC="0.77" CC="0099" TAGREFS=""/>
          </TextLine>
        </TextBlock>
        <TextBlock HEIGHT="341.0" HPOS="122.0" ID="BL_171.4" TAGREFS="b171-4" VPOS="797.0" WIDTH="1215.0">
          <TextLine HEIGHT="45" HPOS="122" ID="TL_171.4.1" VPOS="797" WIDTH="1214">
            <String CONTENT="Unlike" HEIGHT="35" HPOS="122" ID="ST_171.4.1.1" STYLEREFS="Style_3" VPOS="797" WIDTH="130" WC="0.98" CC="000000" TAGREFS=""/>
            <SP HPOS="252" ID="SP_171.4.1.2" VPOS="798" WIDTH="13"/>
            <String CONTENT="the" HEIGHT="34" HPOS="265" ID="ST_171.4.1.3" STYLEREFS="Style_3" VPOS="798" WIDTH="59" WC="1.00" CC="000" TAGREFS=""/>
            <SP HPOS="324" ID="SP_171.4.1.4" VPOS="798" WIDTH="16"/>
            <String CONTENT="misspelling" HEIGHT="43" HPOS="340" ID="ST_171.4.1.5" STYLEREFS="Style_3" VPOS="798" WIDTH="210" WC="0.96" CC="00000000000" TAGREFS=""/>
            <SP HPOS="550" ID="SP_171.4.1.6" VPOS="803" WIDTH="15"/>
            <String CONTENT="to" HEIGHT="29" HPOS="565" ID="ST_171.4.1.7" STYLEREFS="Style_3" VPOS="803" WIDTH="35" WC="0.97" CC="00" TAGREFS=""/>
            <SP HPOS="600" ID="SP_171.4.1.8" VPOS="798" WIDTH="14"/>
            <String CONTENT="which" HEIGHT="34" HPOS="614" ID="ST_171.4.1.9" STYLEREFS="Style_3" VPOS="798" WIDTH="113" WC="0.96" CC="00000" TAGREFS=""/>
            <SP HPOS="727" ID="SP_171.4.1.10" VPOS="798" WIDTH="15"/>
            <String CONTENT="the" HEIGHT="34" HPOS="742" ID="ST_171.4.1.11" STYLEREFS="Style_3" VPOS="798" WIDTH="59" WC="1.00" CC="000" TAGREFS=""/>
            <SP HPOS="801" ID="SP_171.4.1.12" VPOS="798" WIDTH="13"/>
            <String CONTENT="majority" HEIGHT="44" HPOS="814" ID="ST_171.4.1.13" STYLEREFS="Style_3" VPOS="798" WIDTH="162" WC="0.98" CC="00000000" TAGREFS=""/>
            <SP HPOS="976" ID="SP_171.4.1.14" VPOS="798" WIDTH="15"/>
            <String CONTENT="opinion" HEIGHT="44" HPOS="991" ID="ST_171.4.1.15" STYLEREFS="Style_3" VPOS="798" WIDTH="139" WC="0.97" CC="0000000" TAGREFS=""/>
            <SP HPOS="1130" ID="SP_171.4.1.16" VPOS="798" WIDTH="14"/>
            <String CONTENT="refers," HEIGHT="41" HPOS="1144" ID="ST_171.4.1.17" STYLEREFS="Style_3" VPOS="798" WIDTH="118" WC="0.96" CC="0000000" TAGREFS=""/>
            <SP HPOS="1262" ID="SP_171.4.1.18" VPOS="798" WIDTH="15"/>
            <String CONTENT="the" HEIGHT="34" HPOS="1277" ID="ST_171.4.1.19" STYLEREFS="Style_3" VPOS="798" WIDTH="59" WC="1.00" CC="000" TAGREFS=""/>
          </TextLine>
          <TextLine HEIGHT="44" HPOS="122" ID="TL_171.4.2" VPOS="847" WIDTH="1215">
            <String CONTENT="correction" HEIGHT="34" HPOS="122" ID="ST_171.4.2.1" STYLEREFS="Style_3" VPOS="847" WIDTH="192" WC="0.99" CC="0000000000" TAGREFS=""/>
            <SP HPOS="314" ID="SP_171.4.2.2" VPOS="847" WIDTH="16"/>
            <String CONTENT="of" HEIGHT="34" HPOS="330" ID="ST_171.4.2.3" STYLEREFS="Style_3" VPOS="847" WIDTH="39" WC="1.00" CC="00" TAGREFS=""/>
            <SP HPOS="369" ID="SP_171.4.2.4" VPOS="847" WIDTH="13"/>
            <String CONTENT="this" HEIGHT="35" HPOS="382" ID="ST_171.4.2.5" STYLEREFS="Style_3" VPOS="847" WIDTH="68" WC="0.86" CC="0000" TAGREFS=""/>
            <SP HPOS="450" ID="SP_171.4.2.6" VPOS="848" WIDTH="16"/>
            <String CONTENT="mathematical" HEIGHT="34" HPOS="466" ID="ST_171.4.2.7" STYLEREFS="Style_3" VPOS="848" WIDTH="263" WC="0.95" CC="000000000000" TAGREFS=""/>
            <SP HPOS="729" ID="SP_171.4.2.8" VPOS="858" WIDTH="17"/>
            <String CONTENT="error" HEIGHT="24" HPOS="746" ID="ST_171.4.2.9" STYLEREFS="Style_3" VPOS="858" WIDTH="93" WC="0.96" CC="00000" TAGREFS=""/>
            <SP HPOS="839" ID="SP_171.4.2.10" VPOS="847" WIDTH="16"/>
            <String CONTENT="changed" HEIGHT="44" HPOS="855" ID="ST_171.4.2.11" STYLEREFS="Style_3" VPOS="847" WIDTH="158" WC="0.89" CC="0000000" TAGREFS=""/>
            <SP HPOS="1013" ID="SP_171.4.2.12" VPOS="848" WIDTH="16"/>
            <String CONTENT="the" HEIGHT="34" HPOS="1029" ID="ST_171.4.2.13" STYLEREFS="Style_3" VPOS="848" WIDTH="60" WC="0.83" CC="000" TAGREFS=""/>
            <SP HPOS="1089" ID="SP_171.4.2.14" VPOS="848" WIDTH="15"/>
            <String CONTENT="result" HEIGHT="34" HPOS="1104" ID="ST_171.4.2.15" STYLEREFS="Style_3" VPOS="848" WIDTH="106" WC="0.95" CC="000000" TAGREFS=""/>
            <SP HPOS="1210" ID="SP_171.4.2.16" VPOS="848" WIDTH="16"/>
            <String CONTENT="of" HEIGHT="34" HPOS="1226" ID="ST_171.4.2.17" STYLEREFS="Style_3" VPOS="848" WIDTH="39" WC="1.00" CC="00" TAGREFS=""/>
            <SP HPOS="1265" ID="SP_171.4.2.18" VPOS="848" WIDTH="12"/>
            <String CONTENT="the" HEIGHT="34" HPOS="1277" ID="ST_171.4.2.19" STYLEREFS="Style_3" VPOS="848" WIDTH="60" WC="0.76" CC="000" TAGREFS=""/>
          </TextLine>
          <TextLine HEIGHT="44" HPOS="122" ID="TL_171.4.3" VPOS="897" WIDTH="1214">
            <String CONTENT="case" HEIGHT="26" HPOS="122" ID="ST_171.4.3.1" STYLEREFS="Style_3" VPOS="907" WIDTH="81" WC="0.80" CC="0000" TAGREFS=""/>
            <SP HPOS="203" ID="SP_171.4.3.2" VPOS="902" WIDTH="10"/>
            <String CONTENT="to" HEIGHT="29" HPOS="213" ID="ST_171.4.3.3" STYLEREFS="Style_3" VPOS="902" WIDTH="35" WC="1.00" CC="00" TAGREFS=""/>
            <SP HPOS="248" ID="SP_171.4.3.4" VPOS="897" WIDTH="10"/>
            <String CONTENT="the" HEIGHT="34" HPOS="258" ID="ST_171.4.3.5" STYLEREFS="Style_3" VPOS="897" WIDTH="59" WC="1.00" CC="000" TAGREFS=""/>
            <SP HPOS="317" ID="SP_171.4.3.6" VPOS="902" WIDTH="10"/>
            <String CONTENT="extent" HEIGHT="29" HPOS="327" ID="ST_171.4.3.7" STYLEREFS="Style_3" VPOS="902" WIDTH="116" WC="0.89" CC="000000" TAGREFS=""/>
            <SP HPOS="443" ID="SP_171.4.3.8" VPOS="897" WIDTH="10"/>
            <String CONTENT="of" HEIGHT="34" HPOS="453" ID="ST_171.4.3.9" STYLEREFS="Style_3" VPOS="897" WIDTH="39" WC="1.00" CC="00" TAGREFS=""/>
            <SP HPOS="492" ID="SP_171.4.3.10" VPOS="897" WIDTH="7"/>
            <String CONTENT="reducing" HEIGHT="43" HPOS="499" ID="ST_171.4.3.11" STYLEREFS="Style_3" VPOS="897" WIDTH="166" WC="1.00" CC="00000000" TAGREFS=""/>
            <SP HPOS="665" ID="SP_171.4.3.12" VPOS="897" WIDTH="10"/>
            <String CONTENT="the" HEIGHT="35" HPOS="675" ID="ST_171.4.3.13" STYLEREFS="Style_3" VPOS="897" WIDTH="59" WC="1.00" CC="000" TAGREFS=""/>
            <SP HPOS="734" ID="SP_171.4.3.14" VPOS="897" WIDTH="6"/>
            <String CONTENT="judgment" HEIGHT="43" HPOS="740" ID="ST_171.4.3.15" STYLEREFS="Style_3" VPOS="897" WIDTH="184" WC="0.93" CC="00000000" TAGREFS=""/>
            <SP HPOS="924" ID="SP_171.4.3.16" VPOS="897" WIDTH="10"/>
            <String CONTENT="by" HEIGHT="44" HPOS="934" ID="ST_171.4.3.17" STYLEREFS="Style_3" VPOS="897" WIDTH="45" WC="0.89" CC="00" TAGREFS=""/>
            <SP HPOS="979" ID="SP_171.4.3.18" VPOS="898" WIDTH="11"/>
            <String CONTENT="$" HEIGHT="36" HPOS="990" ID="ST_171.4.3.19" STYLEREFS="Style_3" VPOS="898" WIDTH="19" WC="0.80" CC="0" TAGREFS=""/>
            <SP HPOS="1009" ID="SP_171.4.3.20" VPOS="898" WIDTH="8"/>
            <String CONTENT="1,000." HEIGHT="40" HPOS="1017" ID="ST_171.4.3.21" STYLEREFS="Style_3" VPOS="898" WIDTH="110" WC="0.71" CC="990000" TAGREFS=""/>
            <SP HPOS="1127" ID="SP_171.4.3.22" VPOS="898" WIDTH="13"/>
            <String CONTENT="We" HEIGHT="34" HPOS="1140" ID="ST_171.4.3.23" STYLEREFS="Style_3" VPOS="898" WIDTH="65" WC="1.00" CC="99" TAGREFS=""/>
            <SP HPOS="1205" ID="SP_171.4.3.24" VPOS="897" WIDTH="9"/>
            <String CONTENT="should" HEIGHT="35" HPOS="1214" ID="ST_171.4.3.25" STYLEREFS="Style_3" VPOS="897" WIDTH="122" WC="0.82" CC="000000" TAGREFS=""/>
          </TextLine>
          <TextLine HEIGHT="35" HPOS="123" ID="TL_171.4.4" VPOS="946" WIDTH="1212">
            <String CONTENT="likewise" HEIGHT="33" HPOS="123" ID="ST_171.4.4.1" STYLEREFS="Style_3" VPOS="947" WIDTH="152" WC="0.96" CC="00000000" TAGREFS=""/>
            <SP HPOS="275" ID="SP_171.4.4.2" VPOS="946" WIDTH="17"/>
            <String CONTENT="feel" HEIGHT="34" HPOS="292" ID="ST_171.4.4.3" STYLEREFS="Style_3" VPOS="946" WIDTH="66" WC="0.91" CC="0000" TAGREFS=""/>
            <SP HPOS="358" ID="SP_171.4.4.4" VPOS="946" WIDTH="18"/>
            <String CONTENT="free" HEIGHT="35" HPOS="376" ID="ST_171.4.4.5" STYLEREFS="Style_3" VPOS="946" WIDTH="72" WC="1.00" CC="0000" TAGREFS=""/>
            <SP HPOS="448" ID="SP_171.4.4.6" VPOS="952" WIDTH="17"/>
            <String CONTENT="to" HEIGHT="29" HPOS="465" ID="ST_171.4.4.7" STYLEREFS="Style_3" VPOS="952" WIDTH="35" WC="1.00" CC="00" TAGREFS=""/>
            <SP HPOS="500" ID="SP_171.4.4.8" VPOS="952" WIDTH="18"/>
            <String CONTENT="correct" HEIGHT="29" HPOS="518" ID="ST_171.4.4.9" STYLEREFS="Style_3" VPOS="952" WIDTH="133" WC="1.00" CC="0000000" TAGREFS=""/>
            <SP HPOS="651" ID="SP_171.4.4.10" VPOS="947" WIDTH="17"/>
            <String CONTENT="the" HEIGHT="34" HPOS="668" ID="ST_171.4.4.11" STYLEREFS="Style_3" VPOS="947" WIDTH="60" WC="0.95" CC="000" TAGREFS=""/>
            <SP HPOS="728" ID="SP_171.4.4.12" VPOS="947" WIDTH="16"/>
            <String CONTENT="mistake" HEIGHT="34" HPOS="744" ID="ST_171.4.4.13" STYLEREFS="Style_3" VPOS="947" WIDTH="148" WC="0.95" CC="0000000" TAGREFS=""/>
            <SP HPOS="892" ID="SP_171.4.4.14" VPOS="947" WIDTH="17"/>
            <String CONTENT="here" HEIGHT="34" HPOS="909" ID="ST_171.4.4.15" STYLEREFS="Style_3" VPOS="947" WIDTH="82" WC="0.99" CC="0000" TAGREFS=""/>
            <SP HPOS="991" ID="SP_171.4.4.16" VPOS="946" WIDTH="17"/>
            <String CONTENT="and" HEIGHT="35" HPOS="1008" ID="ST_171.4.4.17" STYLEREFS="Style_3" VPOS="946" WIDTH="68" WC="0.82" CC="000" TAGREFS=""/>
            <SP HPOS="1076" ID="SP_171.4.4.18" VPOS="947" WIDTH="18"/>
            <String CONTENT="increase" HEIGHT="34" HPOS="1094" ID="ST_171.4.4.19" STYLEREFS="Style_3" VPOS="947" WIDTH="154" WC="0.92" CC="00000000" TAGREFS=""/>
            <SP HPOS="1248" ID="SP_171.4.4.20" VPOS="948" WIDTH="17"/>
            <String CONTENT="Mr." HEIGHT="33" HPOS="1265" ID="ST_171.4.4.21" STYLEREFS="Style_3" VPOS="948" WIDTH="70" WC="1.00" CC="000" TAGREFS=""/>
          </TextLine>
          <TextLine HEIGHT="44" HPOS="123" ID="TL_171.4.5" VPOS="996" WIDTH="1214">
            <String CONTENT="Potter’s" HEIGHT="34" HPOS="123" ID="ST_171.4.5.1" STYLEREFS="Style_3" VPOS="996" WIDTH="147" WC="0.81" CC="00000090" TAGREFS=""/>
            <SP HPOS="270" ID="SP_171.4.5.2" VPOS="996" WIDTH="10"/>
            <String CONTENT="share" HEIGHT="34" HPOS="280" ID="ST_171.4.5.3" STYLEREFS="Style_3" VPOS="996" WIDTH="100" WC="0.91" CC="00000" TAGREFS=""/>
            <SP HPOS="380" ID="SP_171.4.5.4" VPOS="996" WIDTH="9"/>
            <String CONTENT="of" HEIGHT="34" HPOS="389" ID="ST_171.4.5.5" STYLEREFS="Style_3" VPOS="996" WIDTH="39" WC="1.00" CC="00" TAGREFS=""/>
            <SP HPOS="428" ID="SP_171.4.5.6" VPOS="996" WIDTH="6"/>
            <String CONTENT="the" HEIGHT="34" HPOS="434" ID="ST_171.4.5.7" STYLEREFS="Style_3" VPOS="996" WIDTH="59" WC="0.95" CC="000" TAGREFS=""/>
            <SP HPOS="493" ID="SP_171.4.5.8" VPOS="997" WIDTH="8"/>
            <String CONTENT="value" HEIGHT="33" HPOS="501" ID="ST_171.4.5.9" STYLEREFS="Style_3" VPOS="997" WIDTH="101" WC="1.00" CC="00000" TAGREFS=""/>
            <SP HPOS="602" ID="SP_171.4.5.10" VPOS="996" WIDTH="10"/>
            <String CONTENT="of" HEIGHT="34" HPOS="612" ID="ST_171.4.5.11" STYLEREFS="Style_3" VPOS="996" WIDTH="39" WC="1.00" CC="00" TAGREFS=""/>
            <SP HPOS="651" ID="SP_171.4.5.12" VPOS="996" WIDTH="6"/>
            <String CONTENT="the" HEIGHT="34" HPOS="657" ID="ST_171.4.5.13" STYLEREFS="Style_3" VPOS="996" WIDTH="59" WC="1.00" CC="000" TAGREFS=""/>
            <SP HPOS="716" ID="SP_171.4.5.14" VPOS="1002" WIDTH="9"/>
            <String CONTENT="property" HEIGHT="38" HPOS="725" ID="ST_171.4.5.15" STYLEREFS="Style_3" VPOS="1002" WIDTH="161" WC="0.99" CC="00000000" TAGREFS=""/>
            <SP HPOS="886" ID="SP_171.4.5.16" VPOS="996" WIDTH="10"/>
            <String CONTENT="in" HEIGHT="34" HPOS="896" ID="ST_171.4.5.17" STYLEREFS="Style_3" VPOS="996" WIDTH="34" WC="0.71" CC="00" TAGREFS=""/>
            <SP HPOS="930" ID="SP_171.4.5.18" VPOS="996" WIDTH="9"/>
            <String CONTENT="question" HEIGHT="44" HPOS="939" ID="ST_171.4.5.19" STYLEREFS="Style_3" VPOS="996" WIDTH="159" WC="0.96" CC="00000000" TAGREFS=""/>
            <SP HPOS="1098" ID="SP_171.4.5.20" VPOS="1001" WIDTH="10"/>
            <String CONTENT="to" HEIGHT="30" HPOS="1108" ID="ST_171.4.5.21" STYLEREFS="Style_3" VPOS="1001" WIDTH="35" WC="1.00" CC="00" TAGREFS=""/>
            <SP HPOS="1143" ID="SP_171.4.5.22" VPOS="997" WIDTH="9"/>
            <String CONTENT="reflect" HEIGHT="34" HPOS="1152" ID="ST_171.4.5.23" STYLEREFS="Style_3" VPOS="997" WIDTH="117" WC="0.97" CC="0000000" TAGREFS=""/>
            <SP HPOS="1269" ID="SP_171.4.5.24" VPOS="997" WIDTH="9"/>
            <String CONTENT="the" HEIGHT="34" HPOS="1278" ID="ST_171.4.5.25" STYLEREFS="Style_3" VPOS="997" WIDTH="59" WC="0.95" CC="000" TAGREFS=""/>
          </TextLine>
          <TextLine HEIGHT="45" HPOS="124" ID="TL_171.4.6" VPOS="1045" WIDTH="1213">
            <String CONTENT="increase" HEIGHT="35" HPOS="124" ID="ST_171.4.6.1" STYLEREFS="Style_3" VPOS="1045" WIDTH="155" WC="0.99" CC="00000000" TAGREFS=""/>
            <SP HPOS="279" ID="SP_171.4.6.2" VPOS="1046" WIDTH="18"/>
            <String CONTENT="in" HEIGHT="33" HPOS="297" ID="ST_171.4.6.3" STYLEREFS="Style_3" VPOS="1046" WIDTH="34" WC="0.99" CC="00" TAGREFS=""/>
            <SP HPOS="331" ID="SP_171.4.6.4" VPOS="1046" WIDTH="19"/>
            <String CONTENT="the" HEIGHT="34" HPOS="350" ID="ST_171.4.6.5" STYLEREFS="Style_3" VPOS="1046" WIDTH="58" WC="0.78" CC="000" TAGREFS=""/>
            <SP HPOS="408" ID="SP_171.4.6.6" VPOS="1046" WIDTH="16"/>
            <String CONTENT="value" HEIGHT="34" HPOS="424" ID="ST_171.4.6.7" STYLEREFS="Style_3" VPOS="1046" WIDTH="102" WC="0.99" CC="00000" TAGREFS=""/>
            <SP HPOS="526" ID="SP_171.4.6.8" VPOS="1046" WIDTH="17"/>
            <String CONTENT="of" HEIGHT="34" HPOS="543" ID="ST_171.4.6.9" STYLEREFS="Style_3" VPOS="1046" WIDTH="39" WC="1.00" CC="00" TAGREFS=""/>
            <SP HPOS="582" ID="SP_171.4.6.10" VPOS="1046" WIDTH="15"/>
            <String CONTENT="his" HEIGHT="34" HPOS="597" ID="ST_171.4.6.11" STYLEREFS="Style_3" VPOS="1046" WIDTH="53" WC="1.00" CC="000" TAGREFS=""/>
            <SP HPOS="650" ID="SP_171.4.6.12" VPOS="1046" WIDTH="18"/>
            <String CONTENT="identifiable" HEIGHT="34" HPOS="668" ID="ST_171.4.6.13" STYLEREFS="Style_3" VPOS="1046" WIDTH="213" WC="0.94" CC="000000000000" TAGREFS=""/>
            <SP HPOS="881" ID="SP_171.4.6.14" VPOS="1046" WIDTH="17"/>
            <String CONTENT="investment" HEIGHT="34" HPOS="898" ID="ST_171.4.6.15" STYLEREFS="Style_3" VPOS="1046" WIDTH="207" WC="0.88" CC="0000000000" TAGREFS=""/>
            <SP HPOS="1105" ID="SP_171.4.6.16" VPOS="1046" WIDTH="18"/>
            <String CONTENT="of" HEIGHT="34" HPOS="1123" ID="ST_171.4.6.17" STYLEREFS="Style_3" VPOS="1046" WIDTH="39" WC="1.00" CC="00" TAGREFS=""/>
            <SP HPOS="1162" ID="SP_171.4.6.18" VPOS="1051" WIDTH="15"/>
            <String CONTENT="property" HEIGHT="39" HPOS="1177" ID="ST_171.4.6.19" STYLEREFS="Style_3" VPOS="1051" WIDTH="160" WC="0.96" CC="00000000" TAGREFS=""/>
          </TextLine>
          <TextLine HEIGHT="43" HPOS="124" ID="TL_171.4.7" VPOS="1095" WIDTH="581">
            <String CONTENT="held" HEIGHT="34" HPOS="124" ID="ST_171.4.7.1" STYLEREFS="Style_3" VPOS="1095" WIDTH="80" WC="0.91" CC="0000" TAGREFS=""/>
            <SP HPOS="204" ID="SP_171.4.7.2" VPOS="1095" WIDTH="21"/>
            <String CONTENT="by" HEIGHT="43" HPOS="225" ID="ST_171.4.7.3" STYLEREFS="Style_3" VPOS="1095" WIDTH="45" WC="1.00" CC="00" TAGREFS=""/>
            <SP HPOS="270" ID="SP_171.4.7.4" VPOS="1095" WIDTH="21"/>
            <String CONTENT="him" HEIGHT="34" HPOS="291" ID="ST_171.4.7.5" STYLEREFS="Style_3" VPOS="1095" WIDTH="71" WC="1.00" CC="000" TAGREFS=""/>
            <SP HPOS="362" ID="SP_171.4.7.6" VPOS="1095" WIDTH="21"/>
            <String CONTENT="before" HEIGHT="35" HPOS="383" ID="ST_171.4.7.7" STYLEREFS="Style_3" VPOS="1095" WIDTH="118" WC="0.87" CC="000000" TAGREFS=""/>
            <SP HPOS="501" ID="SP_171.4.7.8" VPOS="1096" WIDTH="20"/>
            <String CONTENT="marriage." HEIGHT="42" HPOS="521" ID="ST_171.4.7.9" STYLEREFS="Style_3" VPOS="1096" WIDTH="184" WC="1.00" CC="000000000" TAGREFS=""/>
          </TextLine>
        </TextBlock>
        <TextBlock HEIGHT="444.0" HPOS="124.0" ID="BL_171.5" TAGREFS="b171-5" VPOS="1181.0" WIDTH="1215.0">
          <TextLine HEIGHT="44" HPOS="217" ID="TL_171.5.1" VPOS="1181" WIDTH="1120">
            <String CONTENT="In" HEIGHT="34" HPOS="217" ID="ST_171.5.1.1" STYLEREFS="Style_3" VPOS="1181" WIDTH="39" WC="1.00" CC="00" TAGREFS=""/>
            <SP HPOS="256" ID="SP_171.5.1.2" VPOS="1181" WIDTH="15"/>
            <String CONTENT="Washington" HEIGHT="44" HPOS="271" ID="ST_171.5.1.3" STYLEREFS="Style_4" VPOS="1181" WIDTH="225" WC="0.90" CC="0000000000" TAGREFS=""/>
            <SP HPOS="496" ID="SP_171.5.1.4" VPOS="1193" WIDTH="8"/>
            <String CONTENT="v." HEIGHT="22" HPOS="504" ID="ST_171.5.1.5" STYLEREFS="Style_3" VPOS="1193" WIDTH="30" WC="1.00" CC="00" TAGREFS=""/>
            <SP HPOS="534" ID="SP_171.5.1.6" VPOS="1182" WIDTH="10"/>
            <String CONTENT="State," HEIGHT="40" HPOS="544" ID="ST_171.5.1.7" STYLEREFS="Style_4" VPOS="1182" WIDTH="114" WC="0.67" CC="000000" TAGREFS=""/>
            <SP HPOS="658" ID="SP_171.5.1.8" VPOS="1182" WIDTH="12"/>
            <String CONTENT="278" HEIGHT="33" HPOS="670" ID="ST_171.5.1.9" STYLEREFS="Style_3" VPOS="1182" WIDTH="66" WC="0.66" CC="000" TAGREFS=""/>
            <SP HPOS="736" ID="SP_171.5.1.10" VPOS="1182" WIDTH="12"/>
            <String CONTENT="Ark." HEIGHT="34" HPOS="748" ID="ST_171.5.1.11" STYLEREFS="Style_3" VPOS="1182" WIDTH="84" WC="1.00" CC="0000" TAGREFS=""/>
            <SP HPOS="832" ID="SP_171.5.1.12" VPOS="1182" WIDTH="13"/>
            <String CONTENT="5, 643" HEIGHT="40" HPOS="845" ID="ST_171.5.1.13" STYLEREFS="Style_3" VPOS="1182" WIDTH="108" WC="1.0" CC="000000" TAGREFS=""/>
            <SP HPOS="953" ID="SP_171.5.1.14" VPOS="1181" WIDTH="12"/>
            <String CONTENT="S.W.2d" HEIGHT="35" HPOS="965" ID="ST_171.5.1.15" STYLEREFS="Style_3" VPOS="1181" WIDTH="144" WC="0.85" CC="000000" TAGREFS=""/>
            <SP HPOS="1109" ID="SP_171.5.1.16" VPOS="1183" WIDTH="11"/>
            <String CONTENT="255" HEIGHT="33" HPOS="1120" ID="ST_171.5.1.17" STYLEREFS="Style_3" VPOS="1183" WIDTH="66" WC="0.90" CC="000" TAGREFS=""/>
            <SP HPOS="1186" ID="SP_171.5.1.18" VPOS="1181" WIDTH="14"/>
            <String CONTENT="(1982)," HEIGHT="44" HPOS="1200" ID="ST_171.5.1.19" STYLEREFS="Style_3" VPOS="1181" WIDTH="137" WC="0.94" CC="0000000" TAGREFS=""/>
          </TextLine>
          <TextLine HEIGHT="36" HPOS="124" ID="TL_171.5.2" VPOS="1230" WIDTH="1214">
            <String CONTENT="we" HEIGHT="23" HPOS="124" ID="ST_171.5.2.1" STYLEREFS="Style_3" VPOS="1242" WIDTH="51" WC="1.00" CC="00" TAGREFS=""/>
            <SP HPOS="175" ID="SP_171.5.2.2" VPOS="1230" WIDTH="20"/>
            <String CONTENT="held" HEIGHT="35" HPOS="195" ID="ST_171.5.2.3" STYLEREFS="Style_3" VPOS="1230" WIDTH="80" WC="1.00" CC="0000" TAGREFS=""/>
            <SP HPOS="275" ID="SP_171.5.2.4" VPOS="1231" WIDTH="19"/>
            <String CONTENT="that" HEIGHT="34" HPOS="294" ID="ST_171.5.2.5" STYLEREFS="Style_3" VPOS="1231" WIDTH="76" WC="1.00" CC="0000" TAGREFS=""/>
            <SP HPOS="370" ID="SP_171.5.2.6" VPOS="1231" WIDTH="19"/>
            <String CONTENT="if" HEIGHT="34" HPOS="389" ID="ST_171.5.2.7" STYLEREFS="Style_3" VPOS="1231" WIDTH="30" WC="1.00" CC="00" TAGREFS=""/>
            <SP HPOS="419" ID="SP_171.5.2.8" VPOS="1231" WIDTH="15"/>
            <String CONTENT="interim" HEIGHT="35" HPOS="434" ID="ST_171.5.2.9" STYLEREFS="Style_3" VPOS="1231" WIDTH="139" WC="1.00" CC="0000000" TAGREFS=""/>
            <SP HPOS="573" ID="SP_171.5.2.10" VPOS="1231" WIDTH="19"/>
            <String CONTENT="decisions" HEIGHT="35" HPOS="592" ID="ST_171.5.2.11" STYLEREFS="Style_3" VPOS="1231" WIDTH="169" WC="0.92" CC="000000000" TAGREFS=""/>
            <SP HPOS="761" ID="SP_171.5.2.12" VPOS="1232" WIDTH="19"/>
            <String CONTENT="between" HEIGHT="34" HPOS="780" ID="ST_171.5.2.13" STYLEREFS="Style_3" VPOS="1232" WIDTH="154" WC="0.89" CC="0000000" TAGREFS=""/>
            <SP HPOS="934" ID="SP_171.5.2.14" VPOS="1232" WIDTH="20"/>
            <String CONTENT="the" HEIGHT="34" HPOS="954" ID="ST_171.5.2.15" STYLEREFS="Style_3" VPOS="1232" WIDTH="60" WC="0.98" CC="000" TAGREFS=""/>
            <SP HPOS="1014" ID="SP_171.5.2.16" VPOS="1232" WIDTH="17"/>
            <String CONTENT="first" HEIGHT="34" HPOS="1031" ID="ST_171.5.2.17" STYLEREFS="Style_3" VPOS="1232" WIDTH="75" WC="1.00" CC="00000" TAGREFS=""/>
            <SP HPOS="1106" ID="SP_171.5.2.18" VPOS="1231" WIDTH="19"/>
            <String CONTENT="and" HEIGHT="35" HPOS="1125" ID="ST_171.5.2.19" STYLEREFS="Style_3" VPOS="1231" WIDTH="68" WC="0.87" CC="000" TAGREFS=""/>
            <SP HPOS="1193" ID="SP_171.5.2.20" VPOS="1231" WIDTH="19"/>
            <String CONTENT="second" HEIGHT="35" HPOS="1212" ID="ST_171.5.2.21" STYLEREFS="Style_3" VPOS="1231" WIDTH="126" WC="1.00" CC="000000" TAGREFS=""/>
          </TextLine>
          <TextLine HEIGHT="45" HPOS="125" ID="TL_171.5.3" VPOS="1280" WIDTH="1213">
            <String CONTENT="appeals" HEIGHT="44" HPOS="125" ID="ST_171.5.3.1" STYLEREFS="Style_3" VPOS="1281" WIDTH="142" WC="1.00" CC="0000000" TAGREFS=""/>
            <SP HPOS="267" ID="SP_171.5.3.2" VPOS="1280" WIDTH="12"/>
            <String CONTENT="of" HEIGHT="35" HPOS="279" ID="ST_171.5.3.3" STYLEREFS="Style_3" VPOS="1280" WIDTH="40" WC="1.00" CC="00" TAGREFS=""/>
            <SP HPOS="319" ID="SP_171.5.3.4" VPOS="1292" WIDTH="9"/>
            <String CONTENT="a" HEIGHT="23" HPOS="328" ID="ST_171.5.3.5" STYLEREFS="Style_3" VPOS="1292" WIDTH="19" WC="1.00" CC="0" TAGREFS=""/>
            <SP HPOS="347" ID="SP_171.5.3.6" VPOS="1292" WIDTH="13"/>
            <String CONTENT="case" HEIGHT="24" HPOS="360" ID="ST_171.5.3.7" STYLEREFS="Style_3" VPOS="1292" WIDTH="79" WC="1.00" CC="0000" TAGREFS=""/>
            <SP HPOS="439" ID="SP_171.5.3.8" VPOS="1281" WIDTH="12"/>
            <String CONTENT="change" HEIGHT="44" HPOS="451" ID="ST_171.5.3.9" STYLEREFS="Style_3" VPOS="1281" WIDTH="135" WC="0.90" CC="000000" TAGREFS=""/>
            <SP HPOS="586" ID="SP_171.5.3.10" VPOS="1282" WIDTH="11"/>
            <String CONTENT="the" HEIGHT="34" HPOS="597" ID="ST_171.5.3.11" STYLEREFS="Style_3" VPOS="1282" WIDTH="59" WC="1.00" CC="000" TAGREFS=""/>
            <SP HPOS="656" ID="SP_171.5.3.12" VPOS="1282" WIDTH="12"/>
            <String CONTENT="law" HEIGHT="34" HPOS="668" ID="ST_171.5.3.13" STYLEREFS="Style_3" VPOS="1282" WIDTH="66" WC="1.00" CC="000" TAGREFS=""/>
            <SP HPOS="734" ID="SP_171.5.3.14" VPOS="1292" WIDTH="12"/>
            <String CONTENT="so" HEIGHT="24" HPOS="746" ID="ST_171.5.3.15" STYLEREFS="Style_3" VPOS="1292" WIDTH="37" WC="1.00" CC="00" TAGREFS=""/>
            <SP HPOS="783" ID="SP_171.5.3.16" VPOS="1282" WIDTH="12"/>
            <String CONTENT="that" HEIGHT="34" HPOS="795" ID="ST_171.5.3.17" STYLEREFS="Style_3" VPOS="1282" WIDTH="76" WC="0.96" CC="0000" TAGREFS=""/>
            <SP HPOS="871" ID="SP_171.5.3.18" VPOS="1282" WIDTH="12"/>
            <String CONTENT="what" HEIGHT="35" HPOS="883" ID="ST_171.5.3.19" STYLEREFS="Style_3" VPOS="1282" WIDTH="93" WC="0.86" CC="0000" TAGREFS=""/>
            <SP HPOS="976" ID="SP_171.5.3.20" VPOS="1293" WIDTH="12"/>
            <String CONTENT="we" HEIGHT="23" HPOS="988" ID="ST_171.5.3.21" STYLEREFS="Style_3" VPOS="1293" WIDTH="52" WC="1.00" CC="00" TAGREFS=""/>
            <SP HPOS="1040" ID="SP_171.5.3.22" VPOS="1281" WIDTH="11"/>
            <String CONTENT="said" HEIGHT="36" HPOS="1051" ID="ST_171.5.3.23" STYLEREFS="Style_3" VPOS="1281" WIDTH="75" WC="1.00" CC="0000" TAGREFS=""/>
            <SP HPOS="1126" ID="SP_171.5.3.24" VPOS="1293" WIDTH="12"/>
            <String CONTENT="on" HEIGHT="24" HPOS="1138" ID="ST_171.5.3.25" STYLEREFS="Style_3" VPOS="1293" WIDTH="44" WC="1.00" CC="00" TAGREFS=""/>
            <SP HPOS="1182" ID="SP_171.5.3.26" VPOS="1282" WIDTH="12"/>
            <String CONTENT="the" HEIGHT="35" HPOS="1194" ID="ST_171.5.3.27" STYLEREFS="Style_3" VPOS="1282" WIDTH="59" WC="0.92" CC="000" TAGREFS=""/>
            <SP HPOS="1253" ID="SP_171.5.3.28" VPOS="1282" WIDTH="11"/>
            <String CONTENT="first" HEIGHT="35" HPOS="1264" ID="ST_171.5.3.29" STYLEREFS="Style_3" VPOS="1282" WIDTH="74" WC="1.00" CC="00000" TAGREFS=""/>
          </TextLine>
          <TextLine HEIGHT="45" HPOS="125" ID="TL_171.5.4" VPOS="1331" WIDTH="1213">
            <String CONTENT="appeal" HEIGHT="43" HPOS="125" ID="ST_171.5.4.1" STYLEREFS="Style_3" VPOS="1331" WIDTH="124" WC="0.94" CC="000000" TAGREFS=""/>
            <SP HPOS="249" ID="SP_171.5.4.2" VPOS="1331" WIDTH="11"/>
            <String CONTENT="is" HEIGHT="34" HPOS="260" ID="ST_171.5.4.3" STYLEREFS="Style_3" VPOS="1331" WIDTH="27" WC="1.00" CC="00" TAGREFS=""/>
            <SP HPOS="287" ID="SP_171.5.4.4" VPOS="1342" WIDTH="12"/>
            <String CONTENT="no" HEIGHT="23" HPOS="299" ID="ST_171.5.4.5" STYLEREFS="Style_3" VPOS="1342" WIDTH="43" WC="0.97" CC="00" TAGREFS=""/>
            <SP HPOS="342" ID="SP_171.5.4.6" VPOS="1331" WIDTH="11"/>
            <String CONTENT="longer" HEIGHT="43" HPOS="353" ID="ST_171.5.4.7" STYLEREFS="Style_3" VPOS="1331" WIDTH="117" WC="0.98" CC="000000" TAGREFS=""/>
            <SP HPOS="470" ID="SP_171.5.4.8" VPOS="1332" WIDTH="10"/>
            <String CONTENT="the" HEIGHT="34" HPOS="480" ID="ST_171.5.4.9" STYLEREFS="Style_3" VPOS="1332" WIDTH="60" WC="1.00" CC="000" TAGREFS=""/>
            <SP HPOS="540" ID="SP_171.5.4.10" VPOS="1332" WIDTH="10"/>
            <String CONTENT="law," HEIGHT="41" HPOS="550" ID="ST_171.5.4.11" STYLEREFS="Style_3" VPOS="1332" WIDTH="76" WC="0.93" CC="0000" TAGREFS=""/>
            <SP HPOS="626" ID="SP_171.5.4.12" VPOS="1343" WIDTH="11"/>
            <String CONTENT="we" HEIGHT="23" HPOS="637" ID="ST_171.5.4.13" STYLEREFS="Style_3" VPOS="1343" WIDTH="52" WC="1.00" CC="00" TAGREFS=""/>
            <SP HPOS="689" ID="SP_171.5.4.14" VPOS="1343" WIDTH="10"/>
            <String CONTENT="are" HEIGHT="23" HPOS="699" ID="ST_171.5.4.15" STYLEREFS="Style_3" VPOS="1343" WIDTH="59" WC="0.95" CC="000" TAGREFS=""/>
            <SP HPOS="758" ID="SP_171.5.4.16" VPOS="1337" WIDTH="10"/>
            <String CONTENT="not" HEIGHT="29" HPOS="768" ID="ST_171.5.4.17" STYLEREFS="Style_3" VPOS="1337" WIDTH="59" WC="0.95" CC="000" TAGREFS=""/>
            <SP HPOS="827" ID="SP_171.5.4.18" VPOS="1332" WIDTH="10"/>
            <String CONTENT="bound" HEIGHT="34" HPOS="837" ID="ST_171.5.4.19" STYLEREFS="Style_3" VPOS="1332" WIDTH="116" WC="0.78" CC="00000" TAGREFS=""/>
            <SP HPOS="953" ID="SP_171.5.4.20" VPOS="1332" WIDTH="11"/>
            <String CONTENT="in" HEIGHT="34" HPOS="964" ID="ST_171.5.4.21" STYLEREFS="Style_3" VPOS="1332" WIDTH="34" WC="0.88" CC="00" TAGREFS=""/>
            <SP HPOS="998" ID="SP_171.5.4.22" VPOS="1332" WIDTH="11"/>
            <String CONTENT="the" HEIGHT="35" HPOS="1009" ID="ST_171.5.4.23" STYLEREFS="Style_3" VPOS="1332" WIDTH="59" WC="1.00" CC="000" TAGREFS=""/>
            <SP HPOS="1068" ID="SP_171.5.4.24" VPOS="1332" WIDTH="10"/>
            <String CONTENT="second" HEIGHT="35" HPOS="1078" ID="ST_171.5.4.25" STYLEREFS="Style_3" VPOS="1332" WIDTH="126" WC="0.87" CC="000000" TAGREFS=""/>
            <SP HPOS="1204" ID="SP_171.5.4.26" VPOS="1332" WIDTH="11"/>
            <String CONTENT="appeal" HEIGHT="44" HPOS="1215" ID="ST_171.5.4.27" STYLEREFS="Style_3" VPOS="1332" WIDTH="123" WC="1.00" CC="000000" TAGREFS=""/>
          </TextLine>
          <TextLine HEIGHT="44" HPOS="125" ID="TL_171.5.5" VPOS="1381" WIDTH="1213">
            <String CONTENT="by" HEIGHT="43" HPOS="125" ID="ST_171.5.5.1" STYLEREFS="Style_3" VPOS="1381" WIDTH="45" WC="0.92" CC="00" TAGREFS=""/>
            <SP HPOS="170" ID="SP_171.5.5.2" VPOS="1381" WIDTH="10"/>
            <String CONTENT="what" HEIGHT="34" HPOS="180" ID="ST_171.5.5.3" STYLEREFS="Style_3" VPOS="1381" WIDTH="94" WC="0.99" CC="0000" TAGREFS=""/>
            <SP HPOS="274" ID="SP_171.5.5.4" VPOS="1392" WIDTH="9"/>
            <String CONTENT="we" HEIGHT="23" HPOS="283" ID="ST_171.5.5.5" STYLEREFS="Style_3" VPOS="1392" WIDTH="51" WC="1.00" CC="00" TAGREFS=""/>
            <SP HPOS="334" ID="SP_171.5.5.6" VPOS="1381" WIDTH="9"/>
            <String CONTENT="did" HEIGHT="34" HPOS="343" ID="ST_171.5.5.7" STYLEREFS="Style_3" VPOS="1381" WIDTH="59" WC="0.98" CC="000" TAGREFS=""/>
            <SP HPOS="402" ID="SP_171.5.5.8" VPOS="1392" WIDTH="10"/>
            <String CONTENT="or" HEIGHT="24" HPOS="412" ID="ST_171.5.5.9" STYLEREFS="Style_3" VPOS="1392" WIDTH="37" WC="1.00" CC="00" TAGREFS=""/>
            <SP HPOS="449" ID="SP_171.5.5.10" VPOS="1381" WIDTH="10"/>
            <String CONTENT="said" HEIGHT="35" HPOS="459" ID="ST_171.5.5.11" STYLEREFS="Style_3" VPOS="1381" WIDTH="75" WC="0.99" CC="0000" TAGREFS=""/>
            <SP HPOS="534" ID="SP_171.5.5.12" VPOS="1382" WIDTH="11"/>
            <String CONTENT="in" HEIGHT="34" HPOS="545" ID="ST_171.5.5.13" STYLEREFS="Style_3" VPOS="1382" WIDTH="34" WC="0.77" CC="00" TAGREFS=""/>
            <SP HPOS="579" ID="SP_171.5.5.14" VPOS="1382" WIDTH="11"/>
            <String CONTENT="the" HEIGHT="34" HPOS="590" ID="ST_171.5.5.15" STYLEREFS="Style_3" VPOS="1382" WIDTH="59" WC="0.88" CC="000" TAGREFS=""/>
            <SP HPOS="649" ID="SP_171.5.5.16" VPOS="1382" WIDTH="9"/>
            <String CONTENT="first." HEIGHT="34" HPOS="658" ID="ST_171.5.5.17" STYLEREFS="Style_3" VPOS="1382" WIDTH="84" WC="0.98" CC="000000" TAGREFS=""/>
            <SP HPOS="742" ID="SP_171.5.5.18" VPOS="1382" WIDTH="12"/>
            <String CONTENT="Our" HEIGHT="34" HPOS="754" ID="ST_171.5.5.19" STYLEREFS="Style_3" VPOS="1382" WIDTH="75" WC="0.86" CC="000" TAGREFS=""/>
            <SP HPOS="829" ID="SP_171.5.5.20" VPOS="1382" WIDTH="10"/>
            <String CONTENT="“right" HEIGHT="43" HPOS="839" ID="ST_171.5.5.21" STYLEREFS="Style_3" VPOS="1382" WIDTH="115" WC="0.83" CC="900000" TAGREFS=""/>
            <SP HPOS="954" ID="SP_171.5.5.22" VPOS="1393" WIDTH="9"/>
            <String CONTENT="or" HEIGHT="23" HPOS="963" ID="ST_171.5.5.23" STYLEREFS="Style_3" VPOS="1393" WIDTH="39" WC="1.00" CC="00" TAGREFS=""/>
            <SP HPOS="1002" ID="SP_171.5.5.24" VPOS="1382" WIDTH="9"/>
            <String CONTENT="wrong”" HEIGHT="43" HPOS="1011" ID="ST_171.5.5.25" STYLEREFS="Style_3" VPOS="1382" WIDTH="140" WC="0.71" CC="000009" TAGREFS=""/>
            <SP HPOS="1151" ID="SP_171.5.5.26" VPOS="1382" WIDTH="11"/>
            <String CONTENT="stonewall" HEIGHT="35" HPOS="1162" ID="ST_171.5.5.27" STYLEREFS="Style_3" VPOS="1382" WIDTH="176" WC="0.87" CC="000000000" TAGREFS=""/>
          </TextLine>
          <TextLine HEIGHT="45" HPOS="125" ID="TL_171.5.6" VPOS="1431" WIDTH="1214">
            <String CONTENT="thus" HEIGHT="34" HPOS="125" ID="ST_171.5.6.1" STYLEREFS="Style_3" VPOS="1431" WIDTH="80" WC="0.83" CC="0000" TAGREFS=""/>
            <SP HPOS="205" ID="SP_171.5.6.2" VPOS="1431" WIDTH="14"/>
            <String CONTENT="has" HEIGHT="34" HPOS="219" ID="ST_171.5.6.3" STYLEREFS="Style_3" VPOS="1431" WIDTH="62" WC="1.00" CC="000" TAGREFS=""/>
            <SP HPOS="281" ID="SP_171.5.6.4" VPOS="1431" WIDTH="13"/>
            <String CONTENT="another" HEIGHT="35" HPOS="294" ID="ST_171.5.6.5" STYLEREFS="Style_3" VPOS="1431" WIDTH="144" WC="0.98" CC="0000000" TAGREFS=""/>
            <SP HPOS="438" ID="SP_171.5.6.6" VPOS="1432" WIDTH="12"/>
            <String CONTENT="chink." HEIGHT="34" HPOS="450" ID="ST_171.5.6.7" STYLEREFS="Style_3" VPOS="1432" WIDTH="115" WC="0.93" CC="000000" TAGREFS=""/>
            <SP HPOS="565" ID="SP_171.5.6.8" VPOS="1432" WIDTH="15"/>
            <String CONTENT="In" HEIGHT="34" HPOS="580" ID="ST_171.5.6.9" STYLEREFS="Style_3" VPOS="1432" WIDTH="39" WC="0.95" CC="00" TAGREFS=""/>
            <SP HPOS="619" ID="SP_171.5.6.10" VPOS="1443" WIDTH="13"/>
            <String CONTENT="my" HEIGHT="32" HPOS="632" ID="ST_171.5.6.11" STYLEREFS="Style_3" VPOS="1443" WIDTH="59" WC="1.00" CC="00" TAGREFS=""/>
            <SP HPOS="691" ID="SP_171.5.6.12" VPOS="1432" WIDTH="11"/>
            <String CONTENT="view," HEIGHT="41" HPOS="702" ID="ST_171.5.6.13" STYLEREFS="Style_3" VPOS="1432" WIDTH="96" WC="0.97" CC="00000" TAGREFS=""/>
            <SP HPOS="798" ID="SP_171.5.6.14" VPOS="1432" WIDTH="14"/>
            <String CONTENT="application" HEIGHT="44" HPOS="812" ID="ST_171.5.6.15" STYLEREFS="Style_3" VPOS="1432" WIDTH="210" WC="0.99" CC="00000000000" TAGREFS=""/>
            <SP HPOS="1022" ID="SP_171.5.6.16" VPOS="1432" WIDTH="13"/>
            <String CONTENT="of" HEIGHT="34" HPOS="1035" ID="ST_171.5.6.17" STYLEREFS="Style_3" VPOS="1432" WIDTH="39" WC="1.00" CC="00" TAGREFS=""/>
            <SP HPOS="1074" ID="SP_171.5.6.18" VPOS="1432" WIDTH="9"/>
            <String CONTENT="the" HEIGHT="34" HPOS="1083" ID="ST_171.5.6.19" STYLEREFS="Style_3" VPOS="1432" WIDTH="59" WC="0.89" CC="000" TAGREFS=""/>
            <SP HPOS="1142" ID="SP_171.5.6.20" VPOS="1432" WIDTH="12"/>
            <String CONTENT="law" HEIGHT="35" HPOS="1154" ID="ST_171.5.6.21" STYLEREFS="Style_3" VPOS="1432" WIDTH="65" WC="1.00" CC="000" TAGREFS=""/>
            <SP HPOS="1219" ID="SP_171.5.6.22" VPOS="1432" WIDTH="12"/>
            <String CONTENT="of" HEIGHT="35" HPOS="1231" ID="ST_171.5.6.23" STYLEREFS="Style_3" VPOS="1432" WIDTH="40" WC="1.00" CC="00" TAGREFS=""/>
            <SP HPOS="1271" ID="SP_171.5.6.24" VPOS="1432" WIDTH="8"/>
            <String CONTENT="the" HEIGHT="35" HPOS="1279" ID="ST_171.5.6.25" STYLEREFS="Style_3" VPOS="1432" WIDTH="60" WC="0.99" CC="000" TAGREFS=""/>
          </TextLine>
          <TextLine HEIGHT="45" HPOS="125" ID="TL_171.5.7" VPOS="1480" WIDTH="1214">
            <String CONTENT="case" HEIGHT="24" HPOS="125" ID="ST_171.5.7.1" STYLEREFS="Style_3" VPOS="1491" WIDTH="80" WC="1.00" CC="0000" TAGREFS=""/>
            <SP HPOS="205" ID="SP_171.5.7.2" VPOS="1480" WIDTH="13"/>
            <String CONTENT="doctrine" HEIGHT="35" HPOS="218" ID="ST_171.5.7.3" STYLEREFS="Style_3" VPOS="1480" WIDTH="155" WC="0.98" CC="00000000" TAGREFS=""/>
            <SP HPOS="373" ID="SP_171.5.7.4" VPOS="1486" WIDTH="12"/>
            <String CONTENT="to" HEIGHT="30" HPOS="385" ID="ST_171.5.7.5" STYLEREFS="Style_3" VPOS="1486" WIDTH="35" WC="1.00" CC="00" TAGREFS=""/>
            <SP HPOS="420" ID="SP_171.5.7.6" VPOS="1481" WIDTH="13"/>
            <String CONTENT="preclude" HEIGHT="44" HPOS="433" ID="ST_171.5.7.7" STYLEREFS="Style_3" VPOS="1481" WIDTH="163" WC="0.94" CC="00000000" TAGREFS=""/>
            <SP HPOS="596" ID="SP_171.5.7.8" VPOS="1492" WIDTH="12"/>
            <String CONTENT="us" HEIGHT="24" HPOS="608" ID="ST_171.5.7.9" STYLEREFS="Style_3" VPOS="1492" WIDTH="40" WC="1.00" CC="00" TAGREFS=""/>
            <SP HPOS="648" ID="SP_171.5.7.10" VPOS="1481" WIDTH="13"/>
            <String CONTENT="from" HEIGHT="35" HPOS="661" ID="ST_171.5.7.11" STYLEREFS="Style_3" VPOS="1481" WIDTH="92" WC="0.90" CC="0000" TAGREFS=""/>
            <SP HPOS="753" ID="SP_171.5.7.12" VPOS="1482" WIDTH="12"/>
            <String CONTENT="correcting" HEIGHT="43" HPOS="765" ID="ST_171.5.7.13" STYLEREFS="Style_3" VPOS="1482" WIDTH="192" WC="0.94" CC="0000000000" TAGREFS=""/>
            <SP HPOS="957" ID="SP_171.5.7.14" VPOS="1493" WIDTH="13"/>
            <String CONTENT="a" HEIGHT="23" HPOS="970" ID="ST_171.5.7.15" STYLEREFS="Style_3" VPOS="1493" WIDTH="20" WC="1.00" CC="0" TAGREFS=""/>
            <SP HPOS="990" ID="SP_171.5.7.16" VPOS="1482" WIDTH="13"/>
            <String CONTENT="mistake" HEIGHT="35" HPOS="1003" ID="ST_171.5.7.17" STYLEREFS="Style_3" VPOS="1482" WIDTH="148" WC="1.00" CC="0000000" TAGREFS=""/>
            <SP HPOS="1151" ID="SP_171.5.7.18" VPOS="1482" WIDTH="13"/>
            <String CONTENT="makes" HEIGHT="35" HPOS="1164" ID="ST_171.5.7.19" STYLEREFS="Style_3" VPOS="1482" WIDTH="118" WC="0.93" CC="00000" TAGREFS=""/>
            <SP HPOS="1282" ID="SP_171.5.7.20" VPOS="1493" WIDTH="13"/>
            <String CONTENT="no" HEIGHT="24" HPOS="1295" ID="ST_171.5.7.21" STYLEREFS="Style_3" VPOS="1493" WIDTH="44" WC="0.73" CC="00" TAGREFS=""/>
          </TextLine>
          <TextLine HEIGHT="45" HPOS="125" ID="TL_171.5.8" VPOS="1531" WIDTH="1212">
            <String CONTENT="sense" HEIGHT="23" HPOS="125" ID="ST_171.5.8.1" STYLEREFS="Style_3" VPOS="1542" WIDTH="99" WC="0.90" CC="00000" TAGREFS=""/>
            <SP HPOS="224" ID="SP_171.5.8.2" VPOS="1531" WIDTH="19"/>
            <String CONTENT="whether" HEIGHT="34" HPOS="243" ID="ST_171.5.8.3" STYLEREFS="Style_3" VPOS="1531" WIDTH="153" WC="0.96" CC="0000000" TAGREFS=""/>
            <SP HPOS="396" ID="SP_171.5.8.4" VPOS="1542" WIDTH="20"/>
            <String CONTENT="we" HEIGHT="24" HPOS="416" ID="ST_171.5.8.5" STYLEREFS="Style_3" VPOS="1542" WIDTH="51" WC="0.99" CC="00" TAGREFS=""/>
            <SP HPOS="467" ID="SP_171.5.8.6" VPOS="1531" WIDTH="19"/>
            <String CONTENT="have" HEIGHT="35" HPOS="486" ID="ST_171.5.8.7" STYLEREFS="Style_3" VPOS="1531" WIDTH="88" WC="0.89" CC="0000" TAGREFS=""/>
            <SP HPOS="574" ID="SP_171.5.8.8" VPOS="1531" WIDTH="19"/>
            <String CONTENT="changed" HEIGHT="44" HPOS="593" ID="ST_171.5.8.9" STYLEREFS="Style_3" VPOS="1531" WIDTH="159" WC="0.91" CC="0000000" TAGREFS=""/>
            <SP HPOS="752" ID="SP_171.5.8.10" VPOS="1532" WIDTH="19"/>
            <String CONTENT="the" HEIGHT="34" HPOS="771" ID="ST_171.5.8.11" STYLEREFS="Style_3" VPOS="1532" WIDTH="59" WC="0.94" CC="000" TAGREFS=""/>
            <SP HPOS="830" ID="SP_171.5.8.12" VPOS="1532" WIDTH="20"/>
            <String CONTENT="law," HEIGHT="41" HPOS="850" ID="ST_171.5.8.13" STYLEREFS="Style_3" VPOS="1532" WIDTH="76" WC="1.00" CC="0000" TAGREFS=""/>
            <SP HPOS="926" ID="SP_171.5.8.14" VPOS="1543" WIDTH="21"/>
            <String CONTENT="as" HEIGHT="23" HPOS="947" ID="ST_171.5.8.15" STYLEREFS="Style_3" VPOS="1543" WIDTH="38" WC="1.00" CC="00" TAGREFS=""/>
            <SP HPOS="985" ID="SP_171.5.8.16" VPOS="1532" WIDTH="20"/>
            <String CONTENT="in" HEIGHT="34" HPOS="1005" ID="ST_171.5.8.17" STYLEREFS="Style_3" VPOS="1532" WIDTH="35" WC="1.00" CC="00" TAGREFS=""/>
            <SP HPOS="1040" ID="SP_171.5.8.18" VPOS="1532" WIDTH="24"/>
            <String CONTENT="Washington" HEIGHT="44" HPOS="1064" ID="ST_171.5.8.19" STYLEREFS="Style_4" VPOS="1532" WIDTH="224" WC="0.89" CC="0000000000" TAGREFS=""/>
            <SP HPOS="1288" ID="SP_171.5.8.20" VPOS="1543" WIDTH="18"/>
            <String CONTENT="v." HEIGHT="24" HPOS="1306" ID="ST_171.5.8.21" STYLEREFS="Style_3" VPOS="1543" WIDTH="31" WC="1.00" CC="00" TAGREFS=""/>
          </TextLine>
          <TextLine HEIGHT="44" HPOS="124" ID="TL_171.5.9" VPOS="1581" WIDTH="1213">
            <String CONTENT="State," HEIGHT="39" HPOS="124" ID="ST_171.5.9.1" STYLEREFS="Style_4" VPOS="1581" WIDTH="113" WC="0.98" CC="000000" TAGREFS=""/>
            <SP HPOS="237" ID="SP_171.5.9.2" VPOS="1592" WIDTH="12"/>
            <String CONTENT="supra," HEIGHT="33" HPOS="249" ID="ST_171.5.9.3" STYLEREFS="Style_4" VPOS="1592" WIDTH="119" WC="0.92" CC="000000" TAGREFS=""/>
            <SP HPOS="368" ID="SP_171.5.9.4" VPOS="1592" WIDTH="11"/>
            <String CONTENT="or" HEIGHT="24" HPOS="379" ID="ST_171.5.9.5" STYLEREFS="Style_3" VPOS="1592" WIDTH="38" WC="1.00" CC="00" TAGREFS=""/>
            <SP HPOS="417" ID="SP_171.5.9.6" VPOS="1581" WIDTH="11"/>
            <String CONTENT="merely" HEIGHT="44" HPOS="428" ID="ST_171.5.9.7" STYLEREFS="Style_3" VPOS="1581" WIDTH="130" WC="0.91" CC="000000" TAGREFS=""/>
            <SP HPOS="558" ID="SP_171.5.9.8" VPOS="1581" WIDTH="10"/>
            <String CONTENT="found" HEIGHT="35" HPOS="568" ID="ST_171.5.9.9" STYLEREFS="Style_3" VPOS="1581" WIDTH="109" WC="0.80" CC="00000" TAGREFS=""/>
            <SP HPOS="677" ID="SP_171.5.9.10" VPOS="1581" WIDTH="10"/>
            <String CONTENT="it" HEIGHT="35" HPOS="687" ID="ST_171.5.9.11" STYLEREFS="Style_3" VPOS="1581" WIDTH="26" WC="1.00" CC="00" TAGREFS=""/>
            <SP HPOS="713" ID="SP_171.5.9.12" VPOS="1587" WIDTH="10"/>
            <String CONTENT="out" HEIGHT="29" HPOS="723" ID="ST_171.5.9.13" STYLEREFS="Style_3" VPOS="1587" WIDTH="60" WC="0.87" CC="000" TAGREFS=""/>
            <SP HPOS="783" ID="SP_171.5.9.14" VPOS="1593" WIDTH="10"/>
            <String CONTENT="as" HEIGHT="23" HPOS="793" ID="ST_171.5.9.15" STYLEREFS="Style_3" VPOS="1593" WIDTH="38" WC="1.00" CC="00" TAGREFS=""/>
            <SP HPOS="831" ID="SP_171.5.9.16" VPOS="1593" WIDTH="10"/>
            <String CONTENT="we" HEIGHT="23" HPOS="841" ID="ST_171.5.9.17" STYLEREFS="Style_3" VPOS="1593" WIDTH="51" WC="0.95" CC="00" TAGREFS=""/>
            <SP HPOS="892" ID="SP_171.5.9.18" VPOS="1592" WIDTH="10"/>
            <String CONTENT="seem" HEIGHT="24" HPOS="902" ID="ST_171.5.9.19" STYLEREFS="Style_3" VPOS="1592" WIDTH="94" WC="1.00" CC="0000" TAGREFS=""/>
            <SP HPOS="996" ID="SP_171.5.9.20" VPOS="1587" WIDTH="10"/>
            <String CONTENT="to" HEIGHT="29" HPOS="1006" ID="ST_171.5.9.21" STYLEREFS="Style_3" VPOS="1587" WIDTH="36" WC="1.00" CC="00" TAGREFS=""/>
            <SP HPOS="1042" ID="SP_171.5.9.22" VPOS="1582" WIDTH="10"/>
            <String CONTENT="have" HEIGHT="34" HPOS="1052" ID="ST_171.5.9.23" STYLEREFS="Style_3" VPOS="1582" WIDTH="87" WC="1.00" CC="0000" TAGREFS=""/>
            <SP HPOS="1139" ID="SP_171.5.9.24" VPOS="1582" WIDTH="9"/>
            <String CONTENT="done" HEIGHT="35" HPOS="1148" ID="ST_171.5.9.25" STYLEREFS="Style_3" VPOS="1582" WIDTH="89" WC="1.00" CC="0000" TAGREFS=""/>
            <SP HPOS="1237" ID="SP_171.5.9.26" VPOS="1582" WIDTH="9"/>
            <String CONTENT="here." HEIGHT="34" HPOS="1246" ID="ST_171.5.9.27" STYLEREFS="Style_3" VPOS="1582" WIDTH="91" WC="0.94" CC="00000" TAGREFS=""/>
          </TextLine>
        </TextBlock>
        <TextBlock HEIGHT="790.0" HPOS="125.0" ID="BL_171.6" TAGREFS="b171-6" VPOS="1666.0" WIDTH="1218.0">
          <TextLine HEIGHT="44" HPOS="217" ID="TL_171.6.1" VPOS="1666" WIDTH="1122">
            <String CONTENT="The" HEIGHT="34" HPOS="217" ID="ST_171.6.1.1" STYLEREFS="Style_3" VPOS="1666" WIDTH="74" WC="0.83" CC="000" TAGREFS=""/>
            <SP HPOS="291" ID="SP_171.6.1.2" VPOS="1666" WIDTH="11"/>
            <String CONTENT="changes" HEIGHT="43" HPOS="302" ID="ST_171.6.1.3" STYLEREFS="Style_3" VPOS="1666" WIDTH="150" WC="0.93" CC="0000000" TAGREFS=""/>
            <SP HPOS="452" ID="SP_171.6.1.4" VPOS="1667" WIDTH="12"/>
            <String CONTENT="taking" HEIGHT="43" HPOS="464" ID="ST_171.6.1.5" STYLEREFS="Style_3" VPOS="1667" WIDTH="120" WC="1.00" CC="000000" TAGREFS=""/>
            <SP HPOS="584" ID="SP_171.6.1.6" VPOS="1667" WIDTH="12"/>
            <String CONTENT="place" HEIGHT="43" HPOS="596" ID="ST_171.6.1.7" STYLEREFS="Style_3" VPOS="1667" WIDTH="99" WC="0.95" CC="00000" TAGREFS=""/>
            <SP HPOS="695" ID="SP_171.6.1.8" VPOS="1667" WIDTH="11"/>
            <String CONTENT="in" HEIGHT="34" HPOS="706" ID="ST_171.6.1.9" STYLEREFS="Style_3" VPOS="1667" WIDTH="34" WC="0.78" CC="00" TAGREFS=""/>
            <SP HPOS="740" ID="SP_171.6.1.10" VPOS="1667" WIDTH="12"/>
            <String CONTENT="the" HEIGHT="34" HPOS="752" ID="ST_171.6.1.11" STYLEREFS="Style_3" VPOS="1667" WIDTH="59" WC="0.92" CC="000" TAGREFS=""/>
            <SP HPOS="811" ID="SP_171.6.1.12" VPOS="1667" WIDTH="11"/>
            <String CONTENT="law" HEIGHT="34" HPOS="822" ID="ST_171.6.1.13" STYLEREFS="Style_3" VPOS="1667" WIDTH="64" WC="1.00" CC="000" TAGREFS=""/>
            <SP HPOS="886" ID="SP_171.6.1.14" VPOS="1667" WIDTH="12"/>
            <String CONTENT="of" HEIGHT="34" HPOS="898" ID="ST_171.6.1.15" STYLEREFS="Style_3" VPOS="1667" WIDTH="39" WC="1.00" CC="00" TAGREFS=""/>
            <SP HPOS="937" ID="SP_171.6.1.16" VPOS="1668" WIDTH="8"/>
            <String CONTENT="the" HEIGHT="33" HPOS="945" ID="ST_171.6.1.17" STYLEREFS="Style_3" VPOS="1668" WIDTH="59" WC="1.00" CC="000" TAGREFS=""/>
            <SP HPOS="1004" ID="SP_171.6.1.18" VPOS="1678" WIDTH="11"/>
            <String CONTENT="case" HEIGHT="24" HPOS="1015" ID="ST_171.6.1.19" STYLEREFS="Style_3" VPOS="1678" WIDTH="80" WC="0.94" CC="0000" TAGREFS=""/>
            <SP HPOS="1095" ID="SP_171.6.1.20" VPOS="1667" WIDTH="10"/>
            <String CONTENT="doctrine" HEIGHT="35" HPOS="1105" ID="ST_171.6.1.21" STYLEREFS="Style_3" VPOS="1667" WIDTH="155" WC="0.95" CC="00000000" TAGREFS=""/>
            <SP HPOS="1260" ID="SP_171.6.1.22" VPOS="1667" WIDTH="11"/>
            <String CONTENT="and" HEIGHT="35" HPOS="1271" ID="ST_171.6.1.23" STYLEREFS="Style_3" VPOS="1667" WIDTH="68" WC="0.68" CC="000" TAGREFS=""/>
          </TextLine>
          <TextLine HEIGHT="46" HPOS="125" ID="TL_171.6.2" VPOS="1715" WIDTH="1214">
            <String CONTENT="cases" HEIGHT="24" HPOS="125" ID="ST_171.6.2.1" STYLEREFS="Style_3" VPOS="1726" WIDTH="97" WC="1.00" CC="00000" TAGREFS=""/>
            <SP HPOS="222" ID="SP_171.6.2.2" VPOS="1715" WIDTH="12"/>
            <String CONTENT="from" HEIGHT="35" HPOS="234" ID="ST_171.6.2.3" STYLEREFS="Style_3" VPOS="1715" WIDTH="90" WC="1.00" CC="0000" TAGREFS=""/>
            <SP HPOS="324" ID="SP_171.6.2.4" VPOS="1716" WIDTH="11"/>
            <String CONTENT="the" HEIGHT="34" HPOS="335" ID="ST_171.6.2.5" STYLEREFS="Style_3" VPOS="1716" WIDTH="59" WC="1.00" CC="000" TAGREFS=""/>
            <SP HPOS="394" ID="SP_171.6.2.6" VPOS="1716" WIDTH="7"/>
            <String CONTENT="jurisdictions" HEIGHT="43" HPOS="401" ID="ST_171.6.2.7" STYLEREFS="Style_3" VPOS="1716" WIDTH="237" WC="0.96" CC="0000000000000" TAGREFS=""/>
            <SP HPOS="638" ID="SP_171.6.2.8" VPOS="1717" WIDTH="11"/>
            <String CONTENT="which" HEIGHT="34" HPOS="649" ID="ST_171.6.2.9" STYLEREFS="Style_3" VPOS="1717" WIDTH="112" WC="0.87" CC="00000" TAGREFS=""/>
            <SP HPOS="761" ID="SP_171.6.2.10" VPOS="1717" WIDTH="12"/>
            <String CONTENT="have" HEIGHT="34" HPOS="773" ID="ST_171.6.2.11" STYLEREFS="Style_3" VPOS="1717" WIDTH="87" WC="1.00" CC="0000" TAGREFS=""/>
            <SP HPOS="860" ID="SP_171.6.2.12" VPOS="1717" WIDTH="9"/>
            <String CONTENT="departed" HEIGHT="44" HPOS="869" ID="ST_171.6.2.13" STYLEREFS="Style_3" VPOS="1717" WIDTH="168" WC="0.96" CC="00000000" TAGREFS=""/>
            <SP HPOS="1037" ID="SP_171.6.2.14" VPOS="1717" WIDTH="11"/>
            <String CONTENT="from" HEIGHT="35" HPOS="1048" ID="ST_171.6.2.15" STYLEREFS="Style_3" VPOS="1717" WIDTH="91" WC="0.84" CC="0000" TAGREFS=""/>
            <SP HPOS="1139" ID="SP_171.6.2.16" VPOS="1717" WIDTH="10"/>
            <String CONTENT="the" HEIGHT="35" HPOS="1149" ID="ST_171.6.2.17" STYLEREFS="Style_3" VPOS="1717" WIDTH="59" WC="1.00" CC="000" TAGREFS=""/>
            <SP HPOS="1208" ID="SP_171.6.2.18" VPOS="1718" WIDTH="10"/>
            <String CONTENT="totally" HEIGHT="43" HPOS="1218" ID="ST_171.6.2.19" STYLEREFS="Style_3" VPOS="1718" WIDTH="121" WC="1.00" CC="0000000" TAGREFS=""/>
          </TextLine>
          <TextLine HEIGHT="44" HPOS="126" ID="TL_171.6.3" VPOS="1765" WIDTH="1209">
            <String CONTENT="inflexible" HEIGHT="35" HPOS="126" ID="ST_171.6.3.1" STYLEREFS="Style_3" VPOS="1765" WIDTH="175" WC="1.00" CC="0000000000" TAGREFS=""/>
            <SP HPOS="301" ID="SP_171.6.3.2" VPOS="1766" WIDTH="19"/>
            <String CONTENT="approach" HEIGHT="43" HPOS="320" ID="ST_171.6.3.3" STYLEREFS="Style_3" VPOS="1766" WIDTH="175" WC="1.00" CC="00000000" TAGREFS=""/>
            <SP HPOS="495" ID="SP_171.6.3.4" VPOS="1777" WIDTH="21"/>
            <String CONTENT="are" HEIGHT="23" HPOS="516" ID="ST_171.6.3.5" STYLEREFS="Style_3" VPOS="1777" WIDTH="59" WC="1.00" CC="000" TAGREFS=""/>
            <SP HPOS="575" ID="SP_171.6.3.6" VPOS="1766" WIDTH="20"/>
            <String CONTENT="outlined" HEIGHT="34" HPOS="595" ID="ST_171.6.3.7" STYLEREFS="Style_3" VPOS="1766" WIDTH="155" WC="0.97" CC="00000000" TAGREFS=""/>
            <SP HPOS="750" ID="SP_171.6.3.8" VPOS="1767" WIDTH="20"/>
            <String CONTENT="in" HEIGHT="33" HPOS="770" ID="ST_171.6.3.9" STYLEREFS="Style_3" VPOS="1767" WIDTH="35" WC="0.77" CC="00" TAGREFS=""/>
            <SP HPOS="805" ID="SP_171.6.3.10" VPOS="1767" WIDTH="19"/>
            <String CONTENT="Annot.," HEIGHT="40" HPOS="824" ID="ST_171.6.3.11" STYLEREFS="Style_3" VPOS="1767" WIDTH="142" WC="0.89" CC="0000099" TAGREFS=""/>
            <SP HPOS="966" ID="SP_171.6.3.12" VPOS="1768" WIDTH="22"/>
            <String CONTENT="87" HEIGHT="33" HPOS="988" ID="ST_171.6.3.13" STYLEREFS="Style_3" VPOS="1768" WIDTH="43" WC="0.82" CC="00" TAGREFS=""/>
            <SP HPOS="1031" ID="SP_171.6.3.14" VPOS="1768" WIDTH="21"/>
            <String CONTENT="A.L.R." HEIGHT="33" HPOS="1052" ID="ST_171.6.3.15" STYLEREFS="Style_3" VPOS="1768" WIDTH="132" WC="1.00" CC="000000" TAGREFS=""/>
            <SP HPOS="1184" ID="SP_171.6.3.16" VPOS="1767" WIDTH="22"/>
            <String CONTENT="2d" HEIGHT="34" HPOS="1206" ID="ST_171.6.3.17" STYLEREFS="Style_3" VPOS="1767" WIDTH="45" WC="0.95" CC="00" TAGREFS=""/>
            <SP HPOS="1251" ID="SP_171.6.3.18" VPOS="1768" WIDTH="21"/>
            <String CONTENT="271" HEIGHT="33" HPOS="1272" ID="ST_171.6.3.19" STYLEREFS="Style_3" VPOS="1768" WIDTH="63" WC="0.95" CC="000" TAGREFS=""/>
          </TextLine>
          <TextLine HEIGHT="46" HPOS="127" ID="TL_171.6.4" VPOS="1814" WIDTH="1213">
            <String CONTENT="(1963)," HEIGHT="43" HPOS="127" ID="ST_171.6.4.1" STYLEREFS="Style_3" VPOS="1814" WIDTH="140" WC="0.93" CC="9990099" TAGREFS=""/>
            <SP HPOS="267" ID="SP_171.6.4.2" VPOS="1815" WIDTH="10"/>
            <String CONTENT="and" HEIGHT="34" HPOS="277" ID="ST_171.6.4.3" STYLEREFS="Style_3" VPOS="1815" WIDTH="69" WC="0.97" CC="000" TAGREFS=""/>
            <SP HPOS="346" ID="SP_171.6.4.4" VPOS="1815" WIDTH="9"/>
            <String CONTENT="its" HEIGHT="34" HPOS="355" ID="ST_171.6.4.5" STYLEREFS="Style_3" VPOS="1815" WIDTH="42" WC="0.89" CC="000" TAGREFS=""/>
            <SP HPOS="397" ID="SP_171.6.4.6" VPOS="1816" WIDTH="10"/>
            <String CONTENT="later" HEIGHT="33" HPOS="407" ID="ST_171.6.4.7" STYLEREFS="Style_3" VPOS="1816" WIDTH="87" WC="1.00" CC="00000" TAGREFS=""/>
            <SP HPOS="494" ID="SP_171.6.4.8" VPOS="1826" WIDTH="9"/>
            <String CONTENT="cases" HEIGHT="23" HPOS="503" ID="ST_171.6.4.9" STYLEREFS="Style_3" VPOS="1826" WIDTH="96" WC="1.00" CC="00000" TAGREFS=""/>
            <SP HPOS="599" ID="SP_171.6.4.10" VPOS="1816" WIDTH="10"/>
            <String CONTENT="supplement." HEIGHT="43" HPOS="609" ID="ST_171.6.4.11" STYLEREFS="Style_3" VPOS="1816" WIDTH="228" WC="0.97" CC="00000000000" TAGREFS=""/>
            <SP HPOS="837" ID="SP_171.6.4.12" VPOS="1816" WIDTH="11"/>
            <String CONTENT="While" HEIGHT="34" HPOS="848" ID="ST_171.6.4.13" STYLEREFS="Style_3" VPOS="1816" WIDTH="116" WC="0.95" CC="00000" TAGREFS=""/>
            <SP HPOS="964" ID="SP_171.6.4.14" VPOS="1827" WIDTH="8"/>
            <String CONTENT="a" HEIGHT="23" HPOS="972" ID="ST_171.6.4.15" STYLEREFS="Style_3" VPOS="1827" WIDTH="21" WC="1.00" CC="0" TAGREFS=""/>
            <SP HPOS="993" ID="SP_171.6.4.16" VPOS="1816" WIDTH="9"/>
            <String CONTENT="long" HEIGHT="43" HPOS="1002" ID="ST_171.6.4.17" STYLEREFS="Style_3" VPOS="1816" WIDTH="80" WC="0.75" CC="0000" TAGREFS=""/>
            <SP HPOS="1082" ID="SP_171.6.4.18" VPOS="1816" WIDTH="9"/>
            <String CONTENT="opinion" HEIGHT="44" HPOS="1091" ID="ST_171.6.4.19" STYLEREFS="Style_3" VPOS="1816" WIDTH="139" WC="0.95" CC="0000000" TAGREFS=""/>
            <SP HPOS="1230" ID="SP_171.6.4.20" VPOS="1816" WIDTH="8"/>
            <String CONTENT="could" HEIGHT="35" HPOS="1238" ID="ST_171.6.4.21" STYLEREFS="Style_3" VPOS="1816" WIDTH="102" WC="1.00" CC="00000" TAGREFS=""/>
          </TextLine>
          <TextLine HEIGHT="44" HPOS="126" ID="TL_171.6.5" VPOS="1864" WIDTH="1215">
            <String CONTENT="be" HEIGHT="34" HPOS="126" ID="ST_171.6.5.1" STYLEREFS="Style_3" VPOS="1864" WIDTH="44" WC="0.90" CC="00" TAGREFS=""/>
            <SP HPOS="170" ID="SP_171.6.5.2" VPOS="1864" WIDTH="14"/>
            <String CONTENT="written" HEIGHT="35" HPOS="184" ID="ST_171.6.5.3" STYLEREFS="Style_3" VPOS="1864" WIDTH="137" WC="0.97" CC="0000000" TAGREFS=""/>
            <SP HPOS="321" ID="SP_171.6.5.4" VPOS="1865" WIDTH="15"/>
            <String CONTENT="setting" HEIGHT="43" HPOS="336" ID="ST_171.6.5.5" STYLEREFS="Style_3" VPOS="1865" WIDTH="125" WC="1.00" CC="0000000" TAGREFS=""/>
            <SP HPOS="461" ID="SP_171.6.5.6" VPOS="1870" WIDTH="16"/>
            <String CONTENT="out" HEIGHT="29" HPOS="477" ID="ST_171.6.5.7" STYLEREFS="Style_3" VPOS="1870" WIDTH="60" WC="1.00" CC="000" TAGREFS=""/>
            <SP HPOS="537" ID="SP_171.6.5.8" VPOS="1865" WIDTH="15"/>
            <String CONTENT="the" HEIGHT="34" HPOS="552" ID="ST_171.6.5.9" STYLEREFS="Style_3" VPOS="1865" WIDTH="59" WC="1.00" CC="000" TAGREFS=""/>
            <SP HPOS="611" ID="SP_171.6.5.10" VPOS="1876" WIDTH="15"/>
            <String CONTENT="reasons" HEIGHT="23" HPOS="626" ID="ST_171.6.5.11" STYLEREFS="Style_3" VPOS="1876" WIDTH="139" WC="0.92" CC="0000000" TAGREFS=""/>
            <SP HPOS="765" ID="SP_171.6.5.12" VPOS="1865" WIDTH="15"/>
            <String CONTENT="given" HEIGHT="43" HPOS="780" ID="ST_171.6.5.13" STYLEREFS="Style_3" VPOS="1865" WIDTH="99" WC="0.87" CC="00000" TAGREFS=""/>
            <SP HPOS="879" ID="SP_171.6.5.14" VPOS="1866" WIDTH="16"/>
            <String CONTENT="in" HEIGHT="34" HPOS="895" ID="ST_171.6.5.15" STYLEREFS="Style_3" VPOS="1866" WIDTH="34" WC="0.92" CC="00" TAGREFS=""/>
            <SP HPOS="929" ID="SP_171.6.5.16" VPOS="1865" WIDTH="15"/>
            <String CONTENT="modern" HEIGHT="35" HPOS="944" ID="ST_171.6.5.17" STYLEREFS="Style_3" VPOS="1865" WIDTH="142" WC="0.87" CC="000000" TAGREFS=""/>
            <SP HPOS="1086" ID="SP_171.6.5.18" VPOS="1876" WIDTH="17"/>
            <String CONTENT="cases" HEIGHT="24" HPOS="1103" ID="ST_171.6.5.19" STYLEREFS="Style_3" VPOS="1876" WIDTH="96" WC="1.00" CC="00000" TAGREFS=""/>
            <SP HPOS="1199" ID="SP_171.6.5.20" VPOS="1865" WIDTH="15"/>
            <String CONTENT="for" HEIGHT="35" HPOS="1214" ID="ST_171.6.5.21" STYLEREFS="Style_3" VPOS="1865" WIDTH="53" WC="1.00" CC="000" TAGREFS=""/>
            <SP HPOS="1267" ID="SP_171.6.5.22" VPOS="1866" WIDTH="14"/>
            <String CONTENT="the" HEIGHT="34" HPOS="1281" ID="ST_171.6.5.23" STYLEREFS="Style_3" VPOS="1866" WIDTH="60" WC="1.00" CC="000" TAGREFS=""/>
          </TextLine>
          <TextLine HEIGHT="45" HPOS="126" ID="TL_171.6.6" VPOS="1914" WIDTH="1215">
            <String CONTENT="exercise" HEIGHT="35" HPOS="126" ID="ST_171.6.6.1" STYLEREFS="Style_3" VPOS="1914" WIDTH="153" WC="0.97" CC="00000000" TAGREFS=""/>
            <SP HPOS="279" ID="SP_171.6.6.2" VPOS="1914" WIDTH="14"/>
            <String CONTENT="of" HEIGHT="35" HPOS="293" ID="ST_171.6.6.3" STYLEREFS="Style_3" VPOS="1914" WIDTH="39" WC="1.00" CC="00" TAGREFS=""/>
            <SP HPOS="332" ID="SP_171.6.6.4" VPOS="1925" WIDTH="13"/>
            <String CONTENT="some" HEIGHT="25" HPOS="345" ID="ST_171.6.6.5" STYLEREFS="Style_3" VPOS="1925" WIDTH="94" WC="0.86" CC="0000" TAGREFS=""/>
            <SP HPOS="439" ID="SP_171.6.6.6" VPOS="1914" WIDTH="14"/>
            <String CONTENT="discretion" HEIGHT="36" HPOS="453" ID="ST_171.6.6.7" STYLEREFS="Style_3" VPOS="1914" WIDTH="187" WC="0.93" CC="0000000000" TAGREFS=""/>
            <SP HPOS="640" ID="SP_171.6.6.8" VPOS="1915" WIDTH="15"/>
            <String CONTENT="in" HEIGHT="35" HPOS="655" ID="ST_171.6.6.9" STYLEREFS="Style_3" VPOS="1915" WIDTH="35" WC="0.81" CC="00" TAGREFS=""/>
            <SP HPOS="690" ID="SP_171.6.6.10" VPOS="1915" WIDTH="16"/>
            <String CONTENT="application" HEIGHT="44" HPOS="706" ID="ST_171.6.6.11" STYLEREFS="Style_3" VPOS="1915" WIDTH="210" WC="0.99" CC="00000000000" TAGREFS=""/>
            <SP HPOS="916" ID="SP_171.6.6.12" VPOS="1915" WIDTH="15"/>
            <String CONTENT="of" HEIGHT="35" HPOS="931" ID="ST_171.6.6.13" STYLEREFS="Style_3" VPOS="1915" WIDTH="39" WC="1.00" CC="00" TAGREFS=""/>
            <SP HPOS="970" ID="SP_171.6.6.14" VPOS="1916" WIDTH="12"/>
            <String CONTENT="the" HEIGHT="34" HPOS="982" ID="ST_171.6.6.15" STYLEREFS="Style_3" VPOS="1916" WIDTH="60" WC="1.00" CC="000" TAGREFS=""/>
            <SP HPOS="1042" ID="SP_171.6.6.16" VPOS="1916" WIDTH="15"/>
            <String CONTENT="law" HEIGHT="34" HPOS="1057" ID="ST_171.6.6.17" STYLEREFS="Style_3" VPOS="1916" WIDTH="65" WC="0.87" CC="000" TAGREFS=""/>
            <SP HPOS="1122" ID="SP_171.6.6.18" VPOS="1915" WIDTH="15"/>
            <String CONTENT="of" HEIGHT="36" HPOS="1137" ID="ST_171.6.6.19" STYLEREFS="Style_3" VPOS="1915" WIDTH="39" WC="1.00" CC="00" TAGREFS=""/>
            <SP HPOS="1176" ID="SP_171.6.6.20" VPOS="1916" WIDTH="12"/>
            <String CONTENT="the" HEIGHT="35" HPOS="1188" ID="ST_171.6.6.21" STYLEREFS="Style_3" VPOS="1916" WIDTH="59" WC="0.96" CC="000" TAGREFS=""/>
            <SP HPOS="1247" ID="SP_171.6.6.22" VPOS="1927" WIDTH="14"/>
            <String CONTENT="case" HEIGHT="24" HPOS="1261" ID="ST_171.6.6.23" STYLEREFS="Style_3" VPOS="1927" WIDTH="80" WC="1.00" CC="0000" TAGREFS=""/>
          </TextLine>
          <TextLine HEIGHT="46" HPOS="126" ID="TL_171.6.7" VPOS="1964" WIDTH="1215">
            <String CONTENT="doctrine," HEIGHT="42" HPOS="126" ID="ST_171.6.7.1" STYLEREFS="Style_3" VPOS="1964" WIDTH="168" WC="0.94" CC="000000000" TAGREFS=""/>
            <SP HPOS="294" ID="SP_171.6.7.2" VPOS="1965" WIDTH="15"/>
            <String CONTENT="it" HEIGHT="35" HPOS="309" ID="ST_171.6.7.3" STYLEREFS="Style_3" VPOS="1965" WIDTH="26" WC="1.00" CC="00" TAGREFS=""/>
            <SP HPOS="335" ID="SP_171.6.7.4" VPOS="1965" WIDTH="15"/>
            <String CONTENT="need" HEIGHT="35" HPOS="350" ID="ST_171.6.7.5" STYLEREFS="Style_3" VPOS="1965" WIDTH="86" WC="0.97" CC="0000" TAGREFS=""/>
            <SP HPOS="436" ID="SP_171.6.7.6" VPOS="1971" WIDTH="15"/>
            <String CONTENT="not" HEIGHT="29" HPOS="451" ID="ST_171.6.7.7" STYLEREFS="Style_3" VPOS="1971" WIDTH="59" WC="0.92" CC="000" TAGREFS=""/>
            <SP HPOS="510" ID="SP_171.6.7.8" VPOS="1965" WIDTH="15"/>
            <String CONTENT="be" HEIGHT="35" HPOS="525" ID="ST_171.6.7.9" STYLEREFS="Style_3" VPOS="1965" WIDTH="43" WC="0.86" CC="00" TAGREFS=""/>
            <SP HPOS="568" ID="SP_171.6.7.10" VPOS="1965" WIDTH="14"/>
            <String CONTENT="done" HEIGHT="35" HPOS="582" ID="ST_171.6.7.11" STYLEREFS="Style_3" VPOS="1965" WIDTH="90" WC="0.88" CC="0000" TAGREFS=""/>
            <SP HPOS="672" ID="SP_171.6.7.12" VPOS="1966" WIDTH="13"/>
            <String CONTENT="here" HEIGHT="34" HPOS="685" ID="ST_171.6.7.13" STYLEREFS="Style_3" VPOS="1966" WIDTH="82" WC="0.99" CC="0000" TAGREFS=""/>
            <SP HPOS="767" ID="SP_171.6.7.14" VPOS="1966" WIDTH="14"/>
            <String CONTENT="because" HEIGHT="35" HPOS="781" ID="ST_171.6.7.15" STYLEREFS="Style_3" VPOS="1966" WIDTH="148" WC="1.00" CC="0000000" TAGREFS=""/>
            <SP HPOS="929" ID="SP_171.6.7.16" VPOS="1966" WIDTH="14"/>
            <String CONTENT="the" HEIGHT="35" HPOS="943" ID="ST_171.6.7.17" STYLEREFS="Style_3" VPOS="1966" WIDTH="59" WC="1.00" CC="000" TAGREFS=""/>
            <SP HPOS="1002" ID="SP_171.6.7.18" VPOS="1966" WIDTH="14"/>
            <String CONTENT="subject" HEIGHT="44" HPOS="1016" ID="ST_171.6.7.19" STYLEREFS="Style_3" VPOS="1966" WIDTH="135" WC="1.00" CC="0000000" TAGREFS=""/>
            <SP HPOS="1151" ID="SP_171.6.7.20" VPOS="1966" WIDTH="14"/>
            <String CONTENT="is" HEIGHT="35" HPOS="1165" ID="ST_171.6.7.21" STYLEREFS="Style_3" VPOS="1966" WIDTH="27" WC="1.00" CC="00" TAGREFS=""/>
            <SP HPOS="1192" ID="SP_171.6.7.22" VPOS="1966" WIDTH="14"/>
            <String CONTENT="treated" HEIGHT="35" HPOS="1206" ID="ST_171.6.7.23" STYLEREFS="Style_3" VPOS="1966" WIDTH="135" WC="0.87" CC="0000000" TAGREFS=""/>
          </TextLine>
          <TextLine HEIGHT="45" HPOS="126" ID="TL_171.6.8" VPOS="2015" WIDTH="1215">
            <String CONTENT="comprehensively" HEIGHT="44" HPOS="126" ID="ST_171.6.8.1" STYLEREFS="Style_3" VPOS="2015" WIDTH="317" WC="0.96" CC="000000000000000" TAGREFS=""/>
            <SP HPOS="443" ID="SP_171.6.8.2" VPOS="2016" WIDTH="22"/>
            <String CONTENT="in" HEIGHT="34" HPOS="465" ID="ST_171.6.8.3" STYLEREFS="Style_3" VPOS="2016" WIDTH="35" WC="0.84" CC="00" TAGREFS=""/>
            <SP HPOS="500" ID="SP_171.6.8.4" VPOS="2017" WIDTH="23"/>
            <String CONTENT="A." HEIGHT="33" HPOS="523" ID="ST_171.6.8.5" STYLEREFS="Style_3" VPOS="2017" WIDTH="44" WC="1.00" CC="00" TAGREFS=""/>
            <SP HPOS="567" ID="SP_171.6.8.6" VPOS="2016" WIDTH="25"/>
            <String CONTENT="Vestal," HEIGHT="41" HPOS="592" ID="ST_171.6.8.7" STYLEREFS="Style_3" VPOS="2016" WIDTH="131" WC="1.00" CC="0000000" TAGREFS=""/>
            <SP HPOS="723" ID="SP_171.6.8.8" VPOS="2017" WIDTH="23"/>
            <String CONTENT="Law" HEIGHT="33" HPOS="746" ID="ST_171.6.8.9" STYLEREFS="Style_4" VPOS="2017" WIDTH="81" WC="0.93" CC="000" TAGREFS=""/>
            <SP HPOS="827" ID="SP_171.6.8.10" VPOS="2015" WIDTH="22"/>
            <String CONTENT="of" HEIGHT="45" HPOS="849" ID="ST_171.6.8.11" STYLEREFS="Style_4" VPOS="2015" WIDTH="45" WC="1.00" CC="00" TAGREFS=""/>
            <SP HPOS="894" ID="SP_171.6.8.12" VPOS="2016" WIDTH="16"/>
            <String CONTENT="the" HEIGHT="35" HPOS="910" ID="ST_171.6.8.13" STYLEREFS="Style_4" VPOS="2016" WIDTH="58" WC="1.00" CC="000" TAGREFS=""/>
            <SP HPOS="968" ID="SP_171.6.8.14" VPOS="2017" WIDTH="24"/>
            <String CONTENT="Case:" HEIGHT="34" HPOS="992" ID="ST_171.6.8.15" STYLEREFS="Style_4" VPOS="2017" WIDTH="103" WC="0.95" CC="00000" TAGREFS=""/>
            <SP HPOS="1095" ID="SP_171.6.8.16" VPOS="2016" WIDTH="21"/>
            <String CONTENT="Single" HEIGHT="44" HPOS="1116" ID="ST_171.6.8.17" STYLEREFS="Style_4" VPOS="2016" WIDTH="122" WC="0.99" CC="000000" TAGREFS=""/>
            <SP HPOS="1238" ID="SP_171.6.8.18" VPOS="2017" WIDTH="20"/>
            <String CONTENT="Suit" HEIGHT="34" HPOS="1258" ID="ST_171.6.8.19" STYLEREFS="Style_4" VPOS="2017" WIDTH="83" WC="1.00" CC="0000" TAGREFS=""/>
          </TextLine>
          <TextLine HEIGHT="45" HPOS="126" ID="TL_171.6.9" VPOS="2065" WIDTH="1215">
            <String CONTENT="Preclusion," HEIGHT="41" HPOS="126" ID="ST_171.6.9.1" STYLEREFS="Style_4" VPOS="2065" WIDTH="216" WC="0.86" CC="00000000000" TAGREFS=""/>
            <SP HPOS="342" ID="SP_171.6.9.2" VPOS="2067" WIDTH="16"/>
            <String CONTENT="1967" HEIGHT="33" HPOS="358" ID="ST_171.6.9.3" STYLEREFS="Style_3" VPOS="2067" WIDTH="86" WC="0.91" CC="9900" TAGREFS=""/>
            <SP HPOS="444" ID="SP_171.6.9.4" VPOS="2066" WIDTH="12"/>
            <String CONTENT="Utah" HEIGHT="35" HPOS="456" ID="ST_171.6.9.5" STYLEREFS="Style_3" VPOS="2066" WIDTH="97" WC="0.92" CC="0000" TAGREFS=""/>
            <SP HPOS="553" ID="SP_171.6.9.6" VPOS="2067" WIDTH="11"/>
            <String CONTENT="L." HEIGHT="33" HPOS="564" ID="ST_171.6.9.7" STYLEREFS="Style_3" VPOS="2067" WIDTH="38" WC="1.00" CC="00" TAGREFS=""/>
            <SP HPOS="602" ID="SP_171.6.9.8" VPOS="2067" WIDTH="13"/>
            <String CONTENT="Rev." HEIGHT="33" HPOS="615" ID="ST_171.6.9.9" STYLEREFS="Style_3" VPOS="2067" WIDTH="84" WC="1.00" CC="0000" TAGREFS=""/>
            <SP HPOS="699" ID="SP_171.6.9.10" VPOS="2068" WIDTH="16"/>
            <String CONTENT="1." HEIGHT="32" HPOS="715" ID="ST_171.6.9.11" STYLEREFS="Style_3" VPOS="2068" WIDTH="28" WC="1.00" CC="99" TAGREFS=""/>
            <SP HPOS="743" ID="SP_171.6.9.12" VPOS="2066" WIDTH="12"/>
            <String CONTENT="Additionally," HEIGHT="44" HPOS="755" ID="ST_171.6.9.13" STYLEREFS="Style_3" VPOS="2066" WIDTH="250" WC="0.99" CC="0000000000000" TAGREFS=""/>
            <SP HPOS="1005" ID="SP_171.6.9.14" VPOS="2067" WIDTH="12"/>
            <String CONTENT="I" HEIGHT="33" HPOS="1017" ID="ST_171.6.9.15" STYLEREFS="Style_3" VPOS="2067" WIDTH="15" WC="1.00" CC="9" TAGREFS=""/>
            <SP HPOS="1032" ID="SP_171.6.9.16" VPOS="2066" WIDTH="11"/>
            <String CONTENT="believe" HEIGHT="35" HPOS="1043" ID="ST_171.6.9.17" STYLEREFS="Style_3" VPOS="2066" WIDTH="131" WC="0.93" CC="0000000" TAGREFS=""/>
            <SP HPOS="1174" ID="SP_171.6.9.18" VPOS="2067" WIDTH="8"/>
            <String CONTENT="the" HEIGHT="34" HPOS="1182" ID="ST_171.6.9.19" STYLEREFS="Style_3" VPOS="2067" WIDTH="60" WC="0.87" CC="000" TAGREFS=""/>
            <SP HPOS="1242" ID="SP_171.6.9.20" VPOS="2066" WIDTH="9"/>
            <String CONTENT="facts" HEIGHT="35" HPOS="1251" ID="ST_171.6.9.21" STYLEREFS="Style_3" VPOS="2066" WIDTH="90" WC="1.00" CC="00000" TAGREFS=""/>
          </TextLine>
          <TextLine HEIGHT="36" HPOS="126" ID="TL_171.6.10" VPOS="2115" WIDTH="1216">
            <String CONTENT="of" HEIGHT="34" HPOS="126" ID="ST_171.6.10.1" STYLEREFS="Style_3" VPOS="2115" WIDTH="40" WC="1.00" CC="00" TAGREFS=""/>
            <SP HPOS="166" ID="SP_171.6.10.2" VPOS="2115" WIDTH="11"/>
            <String CONTENT="the" HEIGHT="34" HPOS="177" ID="ST_171.6.10.3" STYLEREFS="Style_3" VPOS="2115" WIDTH="60" WC="0.97" CC="000" TAGREFS=""/>
            <SP HPOS="237" ID="SP_171.6.10.4" VPOS="2126" WIDTH="15"/>
            <String CONTENT="case" HEIGHT="23" HPOS="252" ID="ST_171.6.10.5" STYLEREFS="Style_3" VPOS="2126" WIDTH="80" WC="1.00" CC="0000" TAGREFS=""/>
            <SP HPOS="332" ID="SP_171.6.10.6" VPOS="2115" WIDTH="14"/>
            <String CONTENT="before" HEIGHT="35" HPOS="346" ID="ST_171.6.10.7" STYLEREFS="Style_3" VPOS="2115" WIDTH="118" WC="1.00" CC="000000" TAGREFS=""/>
            <SP HPOS="464" ID="SP_171.6.10.8" VPOS="2126" WIDTH="15"/>
            <String CONTENT="us" HEIGHT="24" HPOS="479" ID="ST_171.6.10.9" STYLEREFS="Style_3" VPOS="2126" WIDTH="40" WC="1.00" CC="00" TAGREFS=""/>
            <SP HPOS="519" ID="SP_171.6.10.10" VPOS="2126" WIDTH="15"/>
            <String CONTENT="are" HEIGHT="24" HPOS="534" ID="ST_171.6.10.11" STYLEREFS="Style_3" VPOS="2126" WIDTH="60" WC="0.95" CC="000" TAGREFS=""/>
            <SP HPOS="594" ID="SP_171.6.10.12" VPOS="2116" WIDTH="14"/>
            <String CONTENT="sufficient" HEIGHT="34" HPOS="608" ID="ST_171.6.10.13" STYLEREFS="Style_3" VPOS="2116" WIDTH="172" WC="0.75" CC="0090000000" TAGREFS=""/>
            <SP HPOS="780" ID="SP_171.6.10.14" VPOS="2121" WIDTH="14"/>
            <String CONTENT="to" HEIGHT="29" HPOS="794" ID="ST_171.6.10.15" STYLEREFS="Style_3" VPOS="2121" WIDTH="35" WC="1.00" CC="00" TAGREFS=""/>
            <SP HPOS="829" ID="SP_171.6.10.16" VPOS="2116" WIDTH="15"/>
            <String CONTENT="illustrate" HEIGHT="34" HPOS="844" ID="ST_171.6.10.17" STYLEREFS="Style_3" VPOS="2116" WIDTH="171" WC="0.96" CC="0000000000" TAGREFS=""/>
            <SP HPOS="1015" ID="SP_171.6.10.18" VPOS="2116" WIDTH="14"/>
            <String CONTENT="both" HEIGHT="35" HPOS="1029" ID="ST_171.6.10.19" STYLEREFS="Style_3" VPOS="2116" WIDTH="84" WC="1.00" CC="0000" TAGREFS=""/>
            <SP HPOS="1113" ID="SP_171.6.10.20" VPOS="2116" WIDTH="15"/>
            <String CONTENT="sides" HEIGHT="34" HPOS="1128" ID="ST_171.6.10.21" STYLEREFS="Style_3" VPOS="2116" WIDTH="89" WC="1.00" CC="00000" TAGREFS=""/>
            <SP HPOS="1217" ID="SP_171.6.10.22" VPOS="2116" WIDTH="15"/>
            <String CONTENT="of" HEIGHT="34" HPOS="1232" ID="ST_171.6.10.23" STYLEREFS="Style_3" VPOS="2116" WIDTH="39" WC="1.00" CC="00" TAGREFS=""/>
            <SP HPOS="1271" ID="SP_171.6.10.24" VPOS="2116" WIDTH="11"/>
            <String CONTENT="the" HEIGHT="34" HPOS="1282" ID="ST_171.6.10.25" STYLEREFS="Style_3" VPOS="2116" WIDTH="60" WC="1.00" CC="000" TAGREFS=""/>
          </TextLine>
          <TextLine HEIGHT="44" HPOS="127" ID="TL_171.6.11" VPOS="2164" WIDTH="1214">
            <String CONTENT="issue." HEIGHT="34" HPOS="127" ID="ST_171.6.11.1" STYLEREFS="Style_3" VPOS="2164" WIDTH="101" WC="0.98" CC="000000" TAGREFS=""/>
            <SP HPOS="228" ID="SP_171.6.11.2" VPOS="2166" WIDTH="21"/>
            <String CONTENT="Potter" HEIGHT="32" HPOS="249" ID="ST_171.6.11.3" STYLEREFS="Style_4" VPOS="2166" WIDTH="122" WC="0.95" CC="000000" TAGREFS=""/>
            <SP HPOS="371" ID="SP_171.6.11.4" VPOS="2176" WIDTH="16"/>
            <String CONTENT="v." HEIGHT="23" HPOS="387" ID="ST_171.6.11.5" STYLEREFS="Style_3" VPOS="2176" WIDTH="31" WC="1.00" CC="00" TAGREFS=""/>
            <SP HPOS="418" ID="SP_171.6.11.6" VPOS="2166" WIDTH="20"/>
            <String CONTENT="Potter" HEIGHT="33" HPOS="438" ID="ST_171.6.11.7" STYLEREFS="Style_4" VPOS="2166" WIDTH="122" WC="0.96" CC="000000" TAGREFS=""/>
            <SP HPOS="560" ID="SP_171.6.11.8" VPOS="2165" WIDTH="18"/>
            <String CONTENT="is" HEIGHT="34" HPOS="578" ID="ST_171.6.11.9" STYLEREFS="Style_3" VPOS="2165" WIDTH="27" WC="1.00" CC="00" TAGREFS=""/>
            <SP HPOS="605" ID="SP_171.6.11.10" VPOS="2176" WIDTH="21"/>
            <String CONTENT="a" HEIGHT="23" HPOS="626" ID="ST_171.6.11.11" STYLEREFS="Style_3" VPOS="2176" WIDTH="20" WC="1.00" CC="0" TAGREFS=""/>
            <SP HPOS="646" ID="SP_171.6.11.12" VPOS="2165" WIDTH="20"/>
            <String CONTENT="little" HEIGHT="34" HPOS="666" ID="ST_171.6.11.13" STYLEREFS="Style_3" VPOS="2165" WIDTH="89" WC="0.94" CC="000000" TAGREFS=""/>
            <SP HPOS="755" ID="SP_171.6.11.14" VPOS="2165" WIDTH="19"/>
            <String CONTENT="like" HEIGHT="34" HPOS="774" ID="ST_171.6.11.15" STYLEREFS="Style_3" VPOS="2165" WIDTH="68" WC="1.00" CC="0000" TAGREFS=""/>
            <SP HPOS="842" ID="SP_171.6.11.16" VPOS="2165" WIDTH="18"/>
            <String CONTENT="Jarndyce" HEIGHT="43" HPOS="860" ID="ST_171.6.11.17" STYLEREFS="Style_4" VPOS="2165" WIDTH="175" WC="1.00" CC="00000000" TAGREFS=""/>
            <SP HPOS="1035" ID="SP_171.6.11.18" VPOS="2177" WIDTH="18"/>
            <String CONTENT="v." HEIGHT="22" HPOS="1053" ID="ST_171.6.11.19" STYLEREFS="Style_3" VPOS="2177" WIDTH="31" WC="1.00" CC="00" TAGREFS=""/>
            <SP HPOS="1084" ID="SP_171.6.11.20" VPOS="2165" WIDTH="20"/>
            <String CONTENT="Jarndyce." HEIGHT="43" HPOS="1104" ID="ST_171.6.11.21" STYLEREFS="Style_4" VPOS="2165" WIDTH="184" WC="0.98" CC="000000000" TAGREFS=""/>
            <SP HPOS="1288" ID="SP_171.6.11.22" VPOS="2166" WIDTH="22"/>
            <String CONTENT="It" HEIGHT="34" HPOS="1310" ID="ST_171.6.11.23" STYLEREFS="Style_3" VPOS="2166" WIDTH="31" WC="1.00" CC="00" TAGREFS=""/>
          </TextLine>
          <TextLine HEIGHT="44" HPOS="127" ID="TL_171.6.12" VPOS="2213" WIDTH="1215">
            <String CONTENT="seems" HEIGHT="23" HPOS="127" ID="ST_171.6.12.1" STYLEREFS="Style_3" VPOS="2224" WIDTH="111" WC="1.00" CC="00000" TAGREFS=""/>
            <SP HPOS="238" ID="SP_171.6.12.2" VPOS="2218" WIDTH="17"/>
            <String CONTENT="to" HEIGHT="29" HPOS="255" ID="ST_171.6.12.3" STYLEREFS="Style_3" VPOS="2218" WIDTH="35" WC="1.00" CC="00" TAGREFS=""/>
            <SP HPOS="290" ID="SP_171.6.12.4" VPOS="2224" WIDTH="16"/>
            <String CONTENT="go" HEIGHT="32" HPOS="306" ID="ST_171.6.12.5" STYLEREFS="Style_3" VPOS="2224" WIDTH="44" WC="1.00" CC="00" TAGREFS=""/>
            <SP HPOS="350" ID="SP_171.6.12.6" VPOS="2224" WIDTH="16"/>
            <String CONTENT="on" HEIGHT="23" HPOS="366" ID="ST_171.6.12.7" STYLEREFS="Style_3" VPOS="2224" WIDTH="43" WC="0.84" CC="00" TAGREFS=""/>
            <SP HPOS="409" ID="SP_171.6.12.8" VPOS="2213" WIDTH="16"/>
            <String CONTENT="forever." HEIGHT="35" HPOS="425" ID="ST_171.6.12.9" STYLEREFS="Style_3" VPOS="2213" WIDTH="143" WC="1.00" CC="00000000" TAGREFS=""/>
            <SP HPOS="568" ID="SP_171.6.12.10" VPOS="2215" WIDTH="18"/>
            <String CONTENT="As" HEIGHT="32" HPOS="586" ID="ST_171.6.12.11" STYLEREFS="Style_3" VPOS="2215" WIDTH="50" WC="1.00" CC="00" TAGREFS=""/>
            <SP HPOS="636" ID="SP_171.6.12.12" VPOS="2214" WIDTH="17"/>
            <String CONTENT="the" HEIGHT="34" HPOS="653" ID="ST_171.6.12.13" STYLEREFS="Style_3" VPOS="2214" WIDTH="59" WC="0.89" CC="000" TAGREFS=""/>
            <SP HPOS="712" ID="SP_171.6.12.14" VPOS="2214" WIDTH="15"/>
            <String CONTENT="majority" HEIGHT="43" HPOS="727" ID="ST_171.6.12.15" STYLEREFS="Style_3" VPOS="2214" WIDTH="163" WC="1.00" CC="00000000" TAGREFS=""/>
            <SP HPOS="890" ID="SP_171.6.12.16" VPOS="2214" WIDTH="15"/>
            <String CONTENT="opinion" HEIGHT="43" HPOS="905" ID="ST_171.6.12.17" STYLEREFS="Style_3" VPOS="2214" WIDTH="140" WC="0.89" CC="0000000" TAGREFS=""/>
            <SP HPOS="1045" ID="SP_171.6.12.18" VPOS="2214" WIDTH="16"/>
            <String CONTENT="points" HEIGHT="43" HPOS="1061" ID="ST_171.6.12.19" STYLEREFS="Style_3" VPOS="2214" WIDTH="112" WC="0.87" CC="000000" TAGREFS=""/>
            <SP HPOS="1173" ID="SP_171.6.12.20" VPOS="2220" WIDTH="16"/>
            <String CONTENT="out," HEIGHT="35" HPOS="1189" ID="ST_171.6.12.21" STYLEREFS="Style_3" VPOS="2220" WIDTH="71" WC="1.00" CC="0000" TAGREFS=""/>
            <SP HPOS="1260" ID="SP_171.6.12.22" VPOS="2225" WIDTH="16"/>
            <String CONTENT="one" HEIGHT="23" HPOS="1276" ID="ST_171.6.12.23" STYLEREFS="Style_3" VPOS="2225" WIDTH="66" WC="1.00" CC="000" TAGREFS=""/>
          </TextLine>
          <TextLine HEIGHT="43" HPOS="127" ID="TL_171.6.13" VPOS="2262" WIDTH="1215">
            <String CONTENT="trial" HEIGHT="34" HPOS="127" ID="ST_171.6.13.1" STYLEREFS="Style_3" VPOS="2262" WIDTH="79" WC="1.00" CC="00000" TAGREFS=""/>
            <SP HPOS="206" ID="SP_171.6.13.2" VPOS="2262" WIDTH="15"/>
            <String CONTENT="judge" HEIGHT="43" HPOS="221" ID="ST_171.6.13.3" STYLEREFS="Style_3" VPOS="2262" WIDTH="109" WC="1.00" CC="00000" TAGREFS=""/>
            <SP HPOS="330" ID="SP_171.6.13.4" VPOS="2262" WIDTH="18"/>
            <String CONTENT="left" HEIGHT="35" HPOS="348" ID="ST_171.6.13.5" STYLEREFS="Style_3" VPOS="2262" WIDTH="62" WC="1.00" CC="0000" TAGREFS=""/>
            <SP HPOS="410" ID="SP_171.6.13.6" VPOS="2263" WIDTH="17"/>
            <String CONTENT="the" HEIGHT="34" HPOS="427" ID="ST_171.6.13.7" STYLEREFS="Style_3" VPOS="2263" WIDTH="59" WC="1.00" CC="000" TAGREFS=""/>
            <SP HPOS="486" ID="SP_171.6.13.8" VPOS="2273" WIDTH="17"/>
            <String CONTENT="case" HEIGHT="24" HPOS="503" ID="ST_171.6.13.9" STYLEREFS="Style_3" VPOS="2273" WIDTH="80" WC="1.00" CC="0000" TAGREFS=""/>
            <SP HPOS="583" ID="SP_171.6.13.10" VPOS="2263" WIDTH="18"/>
            <String CONTENT="because" HEIGHT="34" HPOS="601" ID="ST_171.6.13.11" STYLEREFS="Style_3" VPOS="2263" WIDTH="149" WC="1.00" CC="0000000" TAGREFS=""/>
            <SP HPOS="750" ID="SP_171.6.13.12" VPOS="2263" WIDTH="17"/>
            <String CONTENT="of" HEIGHT="34" HPOS="767" ID="ST_171.6.13.13" STYLEREFS="Style_3" VPOS="2263" WIDTH="40" WC="1.00" CC="00" TAGREFS=""/>
            <SP HPOS="807" ID="SP_171.6.13.14" VPOS="2263" WIDTH="13"/>
            <String CONTENT="his" HEIGHT="34" HPOS="820" ID="ST_171.6.13.15" STYLEREFS="Style_3" VPOS="2263" WIDTH="52" WC="0.90" CC="000" TAGREFS=""/>
            <SP HPOS="872" ID="SP_171.6.13.16" VPOS="2263" WIDTH="19"/>
            <String CONTENT="frustration" HEIGHT="35" HPOS="891" ID="ST_171.6.13.17" STYLEREFS="Style_3" VPOS="2263" WIDTH="203" WC="0.88" CC="00000000000" TAGREFS=""/>
            <SP HPOS="1094" ID="SP_171.6.13.18" VPOS="2264" WIDTH="18"/>
            <String CONTENT="with" HEIGHT="34" HPOS="1112" ID="ST_171.6.13.19" STYLEREFS="Style_3" VPOS="2264" WIDTH="83" WC="0.86" CC="0000" TAGREFS=""/>
            <SP HPOS="1195" ID="SP_171.6.13.20" VPOS="2263" WIDTH="18"/>
            <String CONTENT="it." HEIGHT="35" HPOS="1213" ID="ST_171.6.13.21" STYLEREFS="Style_3" VPOS="2263" WIDTH="36" WC="1.00" CC="000" TAGREFS=""/>
            <SP HPOS="1249" ID="SP_171.6.13.22" VPOS="2263" WIDTH="18"/>
            <String CONTENT="The" HEIGHT="35" HPOS="1267" ID="ST_171.6.13.23" STYLEREFS="Style_3" VPOS="2263" WIDTH="75" WC="0.85" CC="000" TAGREFS=""/>
          </TextLine>
          <TextLine HEIGHT="45" HPOS="127" ID="TL_171.6.14" VPOS="2312" WIDTH="1213">
            <String CONTENT="temptation" HEIGHT="44" HPOS="127" ID="ST_171.6.14.1" STYLEREFS="Style_3" VPOS="2312" WIDTH="208" WC="0.98" CC="0000000000" TAGREFS=""/>
            <SP HPOS="335" ID="SP_171.6.14.2" VPOS="2317" WIDTH="28"/>
            <String CONTENT="to" HEIGHT="30" HPOS="363" ID="ST_171.6.14.3" STYLEREFS="Style_3" VPOS="2317" WIDTH="35" WC="1.00" CC="00" TAGREFS=""/>
            <SP HPOS="398" ID="SP_171.6.14.4" VPOS="2318" WIDTH="28"/>
            <String CONTENT="opt" HEIGHT="38" HPOS="426" ID="ST_171.6.14.5" STYLEREFS="Style_3" VPOS="2318" WIDTH="59" WC="1.00" CC="000" TAGREFS=""/>
            <SP HPOS="485" ID="SP_171.6.14.6" VPOS="2312" WIDTH="27"/>
            <String CONTENT="for" HEIGHT="35" HPOS="512" ID="ST_171.6.14.7" STYLEREFS="Style_3" VPOS="2312" WIDTH="54" WC="1.00" CC="000" TAGREFS=""/>
            <SP HPOS="566" ID="SP_171.6.14.8" VPOS="2313" WIDTH="29"/>
            <String CONTENT="“finality" HEIGHT="43" HPOS="595" ID="ST_171.6.14.9" STYLEREFS="Style_3" VPOS="2313" WIDTH="157" WC="0.85" CC="900000000" TAGREFS=""/>
            <SP HPOS="752" ID="SP_171.6.14.10" VPOS="2324" WIDTH="27"/>
            <String CONTENT="over" HEIGHT="23" HPOS="779" ID="ST_171.6.14.11" STYLEREFS="Style_3" VPOS="2324" WIDTH="79" WC="1.00" CC="0000" TAGREFS=""/>
            <SP HPOS="858" ID="SP_171.6.14.12" VPOS="2313" WIDTH="28"/>
            <String CONTENT="everything”" HEIGHT="44" HPOS="886" ID="ST_171.6.14.13" STYLEREFS="Style_3" VPOS="2313" WIDTH="223" WC="0.89" CC="00000000009" TAGREFS=""/>
            <SP HPOS="1109" ID="SP_171.6.14.14" VPOS="2313" WIDTH="29"/>
            <String CONTENT="is" HEIGHT="35" HPOS="1138" ID="ST_171.6.14.15" STYLEREFS="Style_3" VPOS="2313" WIDTH="27" WC="1.00" CC="00" TAGREFS=""/>
            <SP HPOS="1165" ID="SP_171.6.14.16" VPOS="2318" WIDTH="28"/>
            <String CONTENT="present." HEIGHT="39" HPOS="1193" ID="ST_171.6.14.17" STYLEREFS="Style_3" VPOS="2318" WIDTH="147" WC="0.94" CC="00000000" TAGREFS=""/>
          </TextLine>
          <TextLine HEIGHT="44" HPOS="129" ID="TL_171.6.15" VPOS="2362" WIDTH="1213">
            <String CONTENT="However," HEIGHT="40" HPOS="129" ID="ST_171.6.15.1" STYLEREFS="Style_3" VPOS="2363" WIDTH="179" WC="0.94" CC="00000000" TAGREFS=""/>
            <SP HPOS="308" ID="SP_171.6.15.2" VPOS="2373" WIDTH="14"/>
            <String CONTENT="we" HEIGHT="24" HPOS="322" ID="ST_171.6.15.3" STYLEREFS="Style_3" VPOS="2373" WIDTH="51" WC="1.00" CC="00" TAGREFS=""/>
            <SP HPOS="373" ID="SP_171.6.15.4" VPOS="2362" WIDTH="11"/>
            <String CONTENT="should" HEIGHT="35" HPOS="384" ID="ST_171.6.15.5" STYLEREFS="Style_3" VPOS="2362" WIDTH="123" WC="1.00" CC="000000" TAGREFS=""/>
            <SP HPOS="507" ID="SP_171.6.15.6" VPOS="2368" WIDTH="13"/>
            <String CONTENT="not" HEIGHT="29" HPOS="520" ID="ST_171.6.15.7" STYLEREFS="Style_3" VPOS="2368" WIDTH="60" WC="1.00" CC="000" TAGREFS=""/>
            <SP HPOS="580" ID="SP_171.6.15.8" VPOS="2363" WIDTH="12"/>
            <String CONTENT="let" HEIGHT="34" HPOS="592" ID="ST_171.6.15.9" STYLEREFS="Style_3" VPOS="2363" WIDTH="47" WC="1.00" CC="000" TAGREFS=""/>
            <SP HPOS="639" ID="SP_171.6.15.10" VPOS="2373" WIDTH="12"/>
            <String CONTENT="our" HEIGHT="24" HPOS="651" ID="ST_171.6.15.11" STYLEREFS="Style_3" VPOS="2373" WIDTH="63" WC="0.97" CC="000" TAGREFS=""/>
            <SP HPOS="714" ID="SP_171.6.15.12" VPOS="2362" WIDTH="12"/>
            <String CONTENT="frustration" HEIGHT="36" HPOS="726" ID="ST_171.6.15.13" STYLEREFS="Style_3" VPOS="2362" WIDTH="203" WC="0.99" CC="00000000000" TAGREFS=""/>
            <SP HPOS="929" ID="SP_171.6.15.14" VPOS="2368" WIDTH="13"/>
            <String CONTENT="get" HEIGHT="38" HPOS="942" ID="ST_171.6.15.15" STYLEREFS="Style_3" VPOS="2368" WIDTH="58" WC="1.00" CC="000" TAGREFS=""/>
            <SP HPOS="1000" ID="SP_171.6.15.16" VPOS="2363" WIDTH="12"/>
            <String CONTENT="the" HEIGHT="35" HPOS="1012" ID="ST_171.6.15.17" STYLEREFS="Style_3" VPOS="2363" WIDTH="59" WC="0.85" CC="000" TAGREFS=""/>
            <SP HPOS="1071" ID="SP_171.6.15.18" VPOS="2363" WIDTH="12"/>
            <String CONTENT="better" HEIGHT="35" HPOS="1083" ID="ST_171.6.15.19" STYLEREFS="Style_3" VPOS="2363" WIDTH="111" WC="0.98" CC="000000" TAGREFS=""/>
            <SP HPOS="1194" ID="SP_171.6.15.20" VPOS="2363" WIDTH="12"/>
            <String CONTENT="of" HEIGHT="35" HPOS="1206" ID="ST_171.6.15.21" STYLEREFS="Style_3" VPOS="2363" WIDTH="39" WC="1.00" CC="00" TAGREFS=""/>
            <SP HPOS="1245" ID="SP_171.6.15.22" VPOS="2374" WIDTH="8"/>
            <String CONTENT="us" HEIGHT="24" HPOS="1253" ID="ST_171.6.15.23" STYLEREFS="Style_3" VPOS="2374" WIDTH="41" WC="0.64" CC="00" TAGREFS=""/>
            <SP HPOS="1294" ID="SP_171.6.15.24" VPOS="2368" WIDTH="12"/>
            <String CONTENT="to" HEIGHT="30" HPOS="1306" ID="ST_171.6.15.25" STYLEREFS="Style_3" VPOS="2368" WIDTH="36" WC="1.00" CC="00" TAGREFS=""/>
          </TextLine>
          <TextLine HEIGHT="44" HPOS="128" ID="TL_171.6.16" VPOS="2412" WIDTH="1215">
            <String CONTENT="the" HEIGHT="34" HPOS="128" ID="ST_171.6.16.1" STYLEREFS="Style_3" VPOS="2412" WIDTH="59" WC="0.97" CC="000" TAGREFS=""/>
            <SP HPOS="187" ID="SP_171.6.16.2" VPOS="2417" WIDTH="10"/>
            <String CONTENT="extent" HEIGHT="30" HPOS="197" ID="ST_171.6.16.3" STYLEREFS="Style_3" VPOS="2417" WIDTH="117" WC="0.98" CC="000000" TAGREFS=""/>
            <SP HPOS="314" ID="SP_171.6.16.4" VPOS="2423" WIDTH="10"/>
            <String CONTENT="we" HEIGHT="24" HPOS="324" ID="ST_171.6.16.5" STYLEREFS="Style_3" VPOS="2423" WIDTH="51" WC="1.00" CC="00" TAGREFS=""/>
            <SP HPOS="375" ID="SP_171.6.16.6" VPOS="2412" WIDTH="9"/>
            <String CONTENT="refuse" HEIGHT="35" HPOS="384" ID="ST_171.6.16.7" STYLEREFS="Style_3" VPOS="2412" WIDTH="115" WC="1.00" CC="000000" TAGREFS=""/>
            <SP HPOS="499" ID="SP_171.6.16.8" VPOS="2418" WIDTH="9"/>
            <String CONTENT="to" HEIGHT="29" HPOS="508" ID="ST_171.6.16.9" STYLEREFS="Style_3" VPOS="2418" WIDTH="35" WC="0.96" CC="00" TAGREFS=""/>
            <SP HPOS="543" ID="SP_171.6.16.10" VPOS="2413" WIDTH="10"/>
            <String CONTENT="recognize" HEIGHT="43" HPOS="553" ID="ST_171.6.16.11" STYLEREFS="Style_3" VPOS="2413" WIDTH="182" WC="0.98" CC="000000000" TAGREFS=""/>
            <SP HPOS="735" ID="SP_171.6.16.12" VPOS="2424" WIDTH="9"/>
            <String CONTENT="our" HEIGHT="24" HPOS="744" ID="ST_171.6.16.13" STYLEREFS="Style_3" VPOS="2424" WIDTH="62" WC="0.97" CC="000" TAGREFS=""/>
            <SP HPOS="806" ID="SP_171.6.16.14" VPOS="2413" WIDTH="9"/>
            <String CONTENT="mistake" HEIGHT="35" HPOS="815" ID="ST_171.6.16.15" STYLEREFS="Style_3" VPOS="2413" WIDTH="149" WC="1.00" CC="0000000" TAGREFS=""/>
            <SP HPOS="964" ID="SP_171.6.16.16" VPOS="2413" WIDTH="9"/>
            <String CONTENT="and" HEIGHT="34" HPOS="973" ID="ST_171.6.16.17" STYLEREFS="Style_3" VPOS="2413" WIDTH="69" WC="0.86" CC="000" TAGREFS=""/>
            <SP HPOS="1042" ID="SP_171.6.16.18" VPOS="2418" WIDTH="10"/>
            <String CONTENT="correct" HEIGHT="30" HPOS="1052" ID="ST_171.6.16.19" STYLEREFS="Style_3" VPOS="2418" WIDTH="132" WC="0.89" CC="0000000" TAGREFS=""/>
            <SP HPOS="1184" ID="SP_171.6.16.20" VPOS="2413" WIDTH="10"/>
            <String CONTENT="it." HEIGHT="35" HPOS="1194" ID="ST_171.6.16.21" STYLEREFS="Style_3" VPOS="2413" WIDTH="36" WC="1.00" CC="000" TAGREFS=""/>
            <SP HPOS="1230" ID="SP_171.6.16.22" VPOS="2413" WIDTH="12"/>
            <String CONTENT="If" HEIGHT="35" HPOS="1242" ID="ST_171.6.16.23" STYLEREFS="Style_3" VPOS="2413" WIDTH="35" WC="1.00" CC="00" TAGREFS=""/>
            <SP HPOS="1277" ID="SP_171.6.16.24" VPOS="2413" WIDTH="6"/>
            <String CONTENT="the" HEIGHT="35" HPOS="1283" ID="ST_171.6.16.25" STYLEREFS="Style_3" VPOS="2413" WIDTH="60" WC="1.00" CC="000" TAGREFS=""/>
          </TextLine>
        </TextBlock>
      </PrintSpace>
    </Page>
  </Layout>
</alto>
