1661 2696
1277 256 65 34 599

345 396 112 35 There
468 407 69 24 was
550 396 145 43 nothing
707 397 34 33 in
753 396 96 35 these
860 397 269 34 circumstances
1141 401 36 29 to
1188 397 87 34 alert
1286 397 59 34 the

255 447 217 43 prosecution
488 452 35 29 to
539 457 67 33 any
623 446 185 35 likelihood
823 446 39 35 of
874 447 204 34 Stuecken’s
1094 447 157 34 absence.
1268 447 77 34 Nor

255 497 45 34 do
323 508 51 23 we
396 496 71 35 find
491 496 76 36 that
591 496 59 35 the
673 496 218 45 prosecution
914 496 123 35 should
1061 497 88 34 have
1172 497 173 34 exercised

255 552 136 37 greater
401 547 170 43 diligence
580 547 34 33 in
624 546 101 35 order
735 551 35 30 to
780 547 87 34 have
876 546 198 35 discovered
1085 547 59 34 the
1153 546 147 35 absence
1309 547 40 34 of

256 596 67 35 this
344 596 146 35 witness.

317 674 93 33 Here
421 678 68 36 too,
502 673 60 35 the
573 678 200 39 prosecutor
785 673 105 35 relied
902 684 45 24 on
959 673 52 34 his
1024 673 176 44 subpoena
1213 673 68 34 and
1293 673 52 35 his

131 728 118 29 recent
265 723 216 35 observation
498 722 39 36 of
550 723 123 44 Spikes
690 723 35 35 in
741 729 109 35 court,
867 724 68 34 and
952 723 97 35 there
1065 735 70 23 was
1152 723 142 44 nothing
1311 729 35 29 to

131 773 88 34 alert
233 773 59 34 the
305 778 89 29 state
407 778 35 29 to
456 784 68 33 any
537 773 186 35 likelihood
736 773 77 35 that
825 773 123 44 Spikes
962 773 113 35 would
1089 779 60 29 not
1162 778 117 30 return
1292 773 54 35 for

131 822 60 35 the
216 822 126 36 second
367 823 67 43 day
459 823 39 35 of
520 823 60 34 the
605 823 90 35 trial.
722 823 113 35 When
861 824 43 34 he
929 823 107 35 failed
1061 829 36 29 to
1123 834 139 33 appear,
1288 824 59 34 the

131 878 201 38 prosecutor
342 872 203 44 dispatched
556 884 20 23 a
587 873 130 44 deputy
727 873 122 35 sheriff
856 878 36 30 to
902 873 122 35 search
1035 873 53 35 for
1099 874 82 34 him.
1193 874 151 34 Accord­

132 922 105 44 ingly,
257 934 51 24 we
326 923 70 34 find
415 923 59 35 the
492 928 90 30 state
601 923 103 35 made
723 934 19 23 a
761 923 88 43 good
868 923 89 35 faith
977 924 102 34 effort
1098 929 35 29 to
1151 923 118 35 obtain
1289 925 58 34 the

132 983 164 33 presence
316 972 39 35 of
372 973 133 43 Spikes,
527 973 69 34 and
616 973 52 34 his
689 973 185 44 testimony
894 974 92 34 from
1006 974 59 34 the
1084 974 74 34 first
1178 974 79 34 trial
1277 986 69 23 was

132 1023 160 43 properly
312 1022 169 35 admitted
502 1023 72 34 into
595 1023 172 35 evidence.

223 1100 75 34 The
310 1099 175 43 appellant
498 1104 81 30 next
591 1099 198 43 challenges
801 1100 59 34 the
872 1100 187 44 testimony
1071 1100 39 35 of
1120 1100 227 43 Investigator

133 1148 53 34 Ed
203 1149 147 35 Gilbert.
370 1149 135 35 Gilbert
522 1149 75 35 first
614 1149 174 44 appeared
805 1160 43 24 on
865 1150 60 35 the
941 1150 102 34 stand
1060 1155 36 30 to
1113 1150 83 35 read
1213 1150 133 44 Spikes’

132 1199 93 43 prior
234 1198 186 44 testimony
429 1199 72 35 into
510 1199 173 35 evidence.
693 1199 75 35 The
777 1200 176 43 appellant
962 1210 124 33 argues
1096 1201 26 34 it
1131 1211 70 23 was
1211 1211 92 24 error
1312 1206 36 29 to

132 1248 101 34 allow
253 1248 136 35 Gilbert
408 1254 35 29 to
462 1249 247 44 subsequently
728 1249 118 44 testify
865 1250 94 35 since
977 1250 54 41 he,
1052 1250 34 34 in
1106 1250 114 41 effect,
1240 1250 106 35 heard

132 1298 135 43 Spikes’
277 1298 185 44 testimony
471 1299 134 43 despite
614 1299 59 34 the
683 1299 72 35 fact
764 1299 76 35 that
850 1300 58 34 the
917 1300 128 44 parties
1055 1300 69 34 had
1134 1300 145 34 invoked
1289 1301 59 34 the

133 1348 85 34 rule.
238 1347 98 35 Unif.
356 1349 43 33 R.
420 1348 96 35 Evid.
537 1349 79 34 615.
638 1349 165 34 Gilbert’s
822 1360 76 23 own
917 1349 187 44 testimony
1122 1350 171 34 consisted
1312 1350 40 34 of

133 1398 145 42 nothing
291 1408 96 24 more
398 1398 84 34 than
495 1398 143 43 naming
651 1398 59 35 the
723 1398 174 35 witnesses
910 1399 44 34 he
966 1398 69 35 had
1048 1399 218 34 interviewed
1280 1400 68 34 and

133 1447 100 43 using
250 1458 20 23 a
288 1447 70 43 city
374 1458 81 33 map
472 1453 35 29 to
524 1447 148 44 identify
688 1448 59 34 the
763 1448 167 35 locations
946 1448 40 34 of
1000 1453 122 30 streets
1139 1448 68 35 and
1224 1449 123 34 houses

132 1497 150 34 testified
303 1497 106 34 about
430 1497 44 44 by
494 1496 59 36 the
573 1497 99 35 other
692 1497 185 35 witnesses.

226 1574 39 34 In
291 1573 195 36 McCorkle
509 1585 31 23 v.
565 1574 114 42 State,
706 1575 68 34 270
799 1575 85 34 Ark.
912 1575 79 41 679,
1018 1575 67 34 607
1112 1575 142 35 S.W.2d
1281 1576 65 34 655

135 1622 139 44 (1980),
292 1634 41 24 as
348 1623 174 36 amended
537 1635 45 23 on
598 1624 120 35 denial
732 1624 47 44 of
786 1624 194 44 rehearing,
997 1636 51 23 we
1064 1625 80 34 held
1160 1625 27 34 it
1203 1636 69 23 was
1289 1631 59 29 not

132 1684 95 23 error
238 1678 35 30 to
285 1673 99 35 allow
395 1685 20 23 a
427 1673 129 45 deputy
566 1674 221 43 prosecuting
798 1680 158 38 attorney
967 1679 35 30 to
1013 1675 119 43 testify
1142 1685 44 24 on
1197 1675 151 35 rebuttal

132 1723 100 33 when
247 1723 44 34 he
304 1733 70 24 was
388 1728 59 29 not
461 1723 123 44 placed
598 1724 110 34 under
722 1724 59 34 the
795 1724 83 34 rule.
895 1725 39 34 In
948 1735 38 23 so
1000 1724 153 44 holding,
1167 1725 68 34 this
1249 1730 98 29 court

133 1772 125 35 stated:

259 1850 94 33 Here
368 1876 6 7 .
403 1877 6 6 .
437 1877 6 7 .
463 1849 91 44 [t]he
567 1850 138 35 witness
719 1861 69 23 was
802 1850 35 35 in
851 1850 59 35 the
923 1856 198 30 courtroom
1134 1851 80 44 only
1228 1851 120 44 briefly

258 1898 68 36 and
340 1899 59 34 did
412 1905 59 29 not
484 1900 84 34 hear
580 1900 60 34 the
653 1900 177 45 appellant
842 1901 128 43 testify.
985 1901 113 34 There
1110 1901 28 34 is
1151 1911 45 24 no
1208 1906 139 30 conten-

257 1949 72 35 tion
343 1949 77 35 that
434 1950 59 34 the
506 1950 187 44 testimony
706 1951 44 34 he
764 1950 59 35 did
836 1950 95 42 hear,
945 1961 22 24 a
980 1951 236 44 policeman’s,
1230 1962 70 24 was
1313 1952 35 34 in

259 2010 68 32 any
346 2010 76 32 way
443 1999 131 35 related
595 2005 36 29 to
652 2000 60 34 the
732 2005 127 29 matter
880 2001 106 34 about
1007 2001 113 34 which
1141 2001 59 35 the
1220 2001 129 44 deputy

258 2048 160 41 testified,
436 2060 61 23 nor
514 2048 82 35 does
613 2049 27 34 it
657 2060 129 33 appear
803 2049 90 35 from
910 2051 59 33 the
985 2050 132 35 record.
1136 2051 65 34 We
1217 2050 71 35 find
1305 2062 44 23 no

258 2108 104 24 error.

132 2173 69 33 See
222 2173 87 39 also,
332 2173 195 44 Gustafson
544 2184 32 23 v.
597 2174 114 41 State,
732 2174 66 33 267
820 2174 85 34 Ark.
927 2175 80 40 278,
1029 2175 68 34 590
1117 2174 143 35 S.W.2d
1281 2176 66 33 853

135 2221 139 44 (1979).

319 2299 109 34 Lewis
447 2299 62 35 has
528 2305 61 28 not
606 2299 260 35 demonstrated
884 2300 77 35 that
980 2300 166 35 Gilbert’s
1164 2301 186 43 testimony

133 2348 132 34 related
283 2354 36 29 to
337 2348 133 43 Spikes’
489 2349 92 44 prior
598 2349 187 43 testimony
803 2349 34 34 in
855 2350 85 34 such
957 2361 21 22 a
996 2361 77 32 way
1089 2351 77 33 that
1184 2350 164 34 Gilbert’s

133 2408 151 23 answers
301 2398 102 33 could
420 2398 87 34 have
523 2398 88 34 been
629 2398 150 35 affected
796 2399 46 43 by
858 2399 53 34 his
928 2409 164 33 presence
1108 2400 36 33 in
1161 2399 59 34 the
1236 2405 112 28 court-
