1661 2688
307 425 91 31 tions
417 433 45 23 on
479 422 102 34 State
601 420 71 35 and
689 420 109 35 Local
819 422 184 39 Taxation,
1024 420 128 43 Chapt.
1177 421 40 33 12
1237 430 31 33 p.
1290 420 66 34 665
1380 418 136 44 (1981).

307 283 67 33 504

584 499 65 34 We
672 498 71 35 find
767 498 76 34 that
866 497 68 35 this
958 498 28 34 is
1010 508 20 24 a
1053 508 79 23 user
1155 497 65 41 fee,
1244 497 124 44 passed
1392 497 45 43 by
1460 497 59 34 the

306 549 215 43 Legislature
534 554 35 29 to
582 553 222 38 compensate
817 548 59 34 the
889 553 90 29 state
991 547 53 35 for
1058 547 58 34 the
1129 558 91 23 wear
1233 546 69 35 and
1315 552 74 29 tear
1402 558 44 23 on
1459 546 59 34 the

306 598 176 43 highways
493 598 127 34 caused
631 598 45 43 by
686 598 116 34 trucks
813 597 159 43 carrying
983 597 59 34 the
1051 597 122 42 higher
1183 597 153 42 weights.
1349 598 31 33 It
1390 597 27 33 is
1428 601 59 29 not
1497 607 20 23 a

306 648 163 43 privilege
478 652 59 30 tax
548 648 33 34 in
592 658 20 23 a
623 647 171 34 technical
804 657 108 24 sense.
924 648 33 33 A
967 647 163 43 privilege
1139 652 59 29 tax
1209 647 27 33 is
1247 646 20 13 “
1275 646 48 42 [a]
1337 651 59 30 tax
1406 657 44 23 on
1459 646 59 33 the

305 698 164 43 privilege
485 696 39 35 of
538 697 159 43 carrying
714 707 44 24 on
775 708 20 23 a
813 696 155 35 business
985 707 37 24 or
1040 707 20 23 a
1076 696 206 44 occupation
1299 695 54 35 for
1369 696 112 34 which
1498 706 20 24 a

305 747 127 35 license
441 758 37 23 or
488 746 174 36 franchise
671 746 28 35 is
708 746 193 45 required.”
913 746 135 35 Black’s
1059 747 82 33 Law
1151 746 214 43 Dictionary,
1377 746 77 43 (5th
1464 745 52 35 ed.

310 797 116 43 1979).
441 798 132 34 Trucks
587 802 60 29 not
660 797 159 44 carrying
832 797 60 34 the
905 796 121 44 higher
1039 796 126 43 weight
1179 807 59 24 are
1251 801 59 29 not
1323 795 195 44 prohibited

307 847 89 35 from
409 847 181 43 travelling
603 847 149 42 through
765 847 59 34 the
837 851 100 35 state,
951 847 91 40 thus,
1055 846 59 34 the
1127 846 103 35 HUE
1242 851 59 29 tax
1313 846 28 34 is
1354 851 60 29 not
1427 857 20 23 a
1459 851 59 29 tax

307 896 53 35 for
368 897 59 34 the
435 896 164 44 privilege
607 896 39 34 of
652 896 159 44 carrying
820 907 44 23 on
873 907 20 23 a
903 896 166 34 business.
1080 896 31 33 It
1120 896 27 34 is
1157 895 134 35 instead
1300 906 20 23 a
1329 896 128 42 charge
1465 895 53 34 for

305 947 60 33 the
381 946 149 42 damage
548 946 89 34 done
654 945 45 43 by
716 946 116 34 trucks
851 946 159 43 carrying
1028 945 59 34 the
1104 945 121 43 higher
1243 944 143 43 weights
1404 944 68 35 and
1491 945 27 33 is

306 995 143 35 exacted
461 1000 36 29 to
508 996 102 34 make
621 995 140 43 repairs.
773 995 104 34 Since
888 995 59 34 the
958 994 163 44 approval
1132 994 40 35 of
1180 1006 20 22 a
1211 1005 79 23 user
1301 993 55 36 fee
1367 994 81 34 does
1459 999 60 29 not

306 1045 205 35 necessitate
531 1056 20 24 a
571 1044 249 35 three-fourths
840 1044 162 43 majority
1022 1044 34 34 in
1077 1044 59 34 the
1156 1044 226 43 Legislature,
1403 1044 115 43 appel­

306 1095 101 34 lants’
429 1100 183 37 argument
633 1094 27 34 is
680 1094 145 35 without
845 1093 112 35 merit.

882 1179 59 34 VI.

438 1258 95 33 THE
552 1257 231 34 FINDINGS
805 1257 31 33 &
861 1256 333 35 CONCLUSIONS
1215 1256 61 34 OF
1297 1256 95 34 THE

336 1306 350 35 CHANCELLORS
704 1308 99 32 ARE
822 1306 342 34 INSUFFICIENT
1183 1306 163 34 UNDER
1365 1306 128 33 ARCP

789 1356 127 34 RULE
936 1355 96 44 52(a)

513 1433 179 35 Arkansas
711 1433 106 35 Rules
836 1432 39 35 of
891 1432 90 35 Civil
999 1431 194 36 Procedure
1211 1432 91 34 Rule
1321 1431 100 44 52(a)
1442 1442 75 34 pro­

305 1483 94 35 vides
412 1483 87 41 that,
513 1483 34 35 in
559 1483 178 35 contested
750 1483 132 35 actions
894 1482 89 35 tried
996 1483 45 43 by
1053 1493 20 24 a
1082 1482 109 44 judge
1202 1482 145 35 without
1359 1494 20 23 a
1388 1482 91 44 jury,
1492 1481 30 35 if

306 1532 181 45 requested
505 1533 44 44 by
564 1544 20 23 a
600 1538 111 38 party,
729 1533 81 34 “the
825 1537 99 30 court
939 1533 88 34 shall
1043 1532 71 34 find
1131 1533 58 34 the
1204 1532 89 34 facts
1310 1532 209 43 specifically

306 1582 68 35 and
390 1588 89 29 state
493 1582 194 44 separately
701 1582 44 35 its
759 1582 216 35 conclusions
990 1582 39 34 of
1041 1582 65 34 law
1121 1582 177 34 thereon.”
1313 1582 205 44 Appellants

306 1632 82 34 here
415 1632 114 42 object
557 1637 35 29 to
620 1632 60 34 the
707 1631 149 43 findings
884 1631 40 34 of
948 1631 74 35 fact
1050 1631 69 34 and
1146 1631 215 35 conclusions
1390 1631 39 35 of
1454 1631 65 34 law

306 1682 241 43 promulgated
564 1682 45 43 by
624 1681 60 34 the
699 1681 224 40 chancellors,
940 1681 164 42 claiming
1121 1681 81 43 they
1218 1691 89 23 were
1321 1691 82 33 very
1418 1680 99 41 brief,

305 1731 139 42 general
455 1730 68 35 and
533 1731 203 43 conclusory
744 1731 35 34 in
789 1735 134 30 nature.
934 1730 91 35 Rule
1036 1729 101 43 52(a)
1148 1730 81 35 does
1240 1735 59 29 not
1309 1730 141 34 address
1461 1730 58 34 the

306 1781 189 44 specificity
504 1781 82 34 with
596 1780 112 34 which
717 1780 149 43 findings
876 1779 39 35 of
921 1780 73 34 fact
1003 1779 69 35 and
1081 1780 216 34 conclusions
1306 1780 40 34 of
1352 1780 64 34 law
1426 1784 93 29 must

306 1830 43 34 be
359 1830 112 34 made.
485 1830 253 41 Furthermore,
749 1841 51 23 we
810 1830 122 34 review
942 1830 172 42 chancery
1124 1840 96 24 cases
1230 1829 44 34 de
1284 1840 88 24 novo
1382 1829 68 35 and
1460 1829 59 34 the

306 1879 224 35 chancellors’
541 1879 148 43 findings
701 1879 69 35 and
780 1879 216 35 conclusions
1007 1890 59 23 are
1077 1879 187 44 supported
1274 1879 45 43 by
1330 1879 59 35 the
1399 1878 119 35 record

305 1929 35 35 in
361 1929 67 35 this
449 1940 89 24 case.
559 1928 244 45 Accordingly,
825 1929 68 35 this
913 1929 96 43 point
1029 1929 28 34 is
1077 1933 60 30 not
1158 1929 74 34 well
1254 1929 113 35 taken.

873 2015 77 34 VH.

324 2091 307 35 APPELLANTS
649 2091 193 35 SHOULD
861 2092 61 33 BE
940 2092 241 34 AWARDED
1200 2090 302 35 ATTORNEYS’

316 2141 122 35 FEES
461 2142 127 34 WITH
603 2141 200 34 REGARD
826 2141 61 34 TO
902 2142 108 33 ANY
1022 2141 226 34 REFUNDS
1265 2141 242 34 RECEIVED

478 2192 66 34 BY
558 2191 243 34 MEMBERS
822 2191 61 34 OF
899 2192 282 33 APPELLANT
1200 2190 147 35 CLASS

397 2268 74 35 The
486 2268 193 44 appellants
694 2278 126 33 pursue
834 2272 68 30 two
916 2267 149 35 theories
1079 2268 140 42 seeking
1234 2267 186 44 attorneys’
1436 2267 81 34 fees.

307 2318 152 43 Initially
470 2318 81 44 they
562 2323 90 29 state
662 2318 77 34 that
749 2317 30 35 if
787 2318 67 34 this
866 2323 98 29 court
975 2317 123 35 should
1109 2317 71 35 find
1191 2317 76 35 that
1278 2317 59 34 the
1348 2317 102 35 HUE
1460 2322 59 29 tax

306 2367 27 35 is
351 2379 44 23 an
412 2368 115 42 illegal
544 2367 158 35 exaction
719 2367 69 35 and
804 2366 125 36 refund
946 2373 96 29 taxes
1059 2367 167 35 collected
1242 2372 36 29 to
1294 2367 172 34 members
1483 2366 38 34 of

306 2418 176 44 appellant
499 2418 100 40 class,
616 2417 77 35 that
710 2428 20 24 a
747 2417 135 44 portion
899 2416 123 36 should
1039 2417 44 34 be
1099 2416 161 35 awarded
1277 2427 38 24 as
1332 2416 185 44 attorneys’
