1648 2680
308 412 120 34 search
443 412 26 34 is
484 418 59 28 not
556 423 64 23 one
633 412 39 34 of
687 413 72 42 [the
772 413 196 43 exceptions
982 419 35 28 to
1030 414 59 33 the
1102 414 232 43 requirement
1347 414 39 34 of
1396 425 20 23 a
1429 414 91 34 valid

308 462 202 42 warrant].”

308 274 68 32 412

398 538 74 34 The
482 543 133 39 pretext
625 544 183 37 argument
818 539 205 34 overturned
1032 539 87 43 drug
1129 540 209 34 convictions
1348 540 34 34 in
1394 539 128 35 United

306 588 122 34 States
436 600 30 22 v.
480 589 172 43 Carriger,
664 589 62 34 541
743 588 84 35 F.2d
838 589 65 34 545
918 588 76 44 (6th
1005 589 71 34 Cir.
1092 589 116 43 1976).
1219 589 103 35 After
1331 590 189 43 conceding

308 638 81 44 they
398 637 59 35 did
467 644 59 29 not
536 639 86 34 have
631 639 166 43 probable
805 650 105 23 cause
919 639 53 35 for
981 639 59 35 the
1049 645 109 29 arrest
1167 640 39 34 of
1212 651 20 23 a
1242 640 181 44 suspected
1432 640 88 44 drug

308 688 161 43 supplier,
491 699 19 23 a
532 688 87 43 drug
640 689 236 34 enforcement
897 695 103 37 agent
1021 690 140 34 entered
1182 701 20 23 a
1223 690 120 34 locked
1365 691 155 43 building

308 738 149 42 through
476 749 20 23 a
514 738 84 34 door
617 738 62 34 left
697 749 87 33 open
804 739 44 43 by
866 739 175 34 workmen
1060 739 174 43 following
1252 751 20 23 a
1291 740 123 34 known
1432 740 87 43 drug

307 787 117 34 dealer
437 787 68 34 and
519 788 153 34 arrested
685 788 59 34 the
757 788 122 34 known
893 788 116 35 dealer
1022 789 68 34 and
1104 789 59 34 the
1175 789 181 43 suspected
1370 788 150 45 supplier

308 836 90 35 after
406 837 180 43 observing
596 848 20 23 a
625 838 190 42 suspicious
825 838 222 34 transaction.
1058 839 74 33 The
1140 844 99 28 court
1247 839 86 40 said,
1343 839 176 43 assuming

307 886 177 43 arguendo
495 887 165 43 probable
670 897 104 24 cause
784 892 35 29 to
830 892 109 29 arrest
950 887 59 34 the
1019 887 127 41 dealer,
1157 888 52 34 his
1220 893 110 29 arrest
1340 894 127 29 cannot
1477 889 43 34 be

307 936 84 34 used
403 947 37 23 as
453 947 20 23 a
486 941 133 38 pretext
631 942 35 28 to
678 941 109 29 arrest
800 937 163 42 Carriger
974 937 76 34 who
1062 948 69 23 was
1144 948 20 24 a
1176 938 181 43 suspected
1369 938 150 44 supplier

308 985 53 34 for
375 986 113 33 whom
504 986 80 42 they
600 985 68 34 had
684 996 43 23 no
742 986 166 43 probable
922 997 104 23 cause
1040 987 54 33 for
1109 992 119 29 arrest.
1244 987 74 34 The
1332 993 99 28 court
1444 987 74 35 said

308 1034 152 34 “several
472 1035 98 33 other
581 1035 139 34 circuits
732 1035 87 34 have
830 1035 72 34 also
913 1035 215 35 condemned
1140 1036 59 34 the
1210 1037 106 33 tactic
1326 1036 39 34 of
1373 1037 145 34 circum-

306 1083 140 42 venting
463 1084 58 33 the
539 1084 129 34 Fourth
685 1084 236 34 Amendment
938 1085 249 43 requirements
1204 1086 45 42 by
1266 1086 253 43 manipulating

307 1132 59 34 the
381 1132 85 34 time
482 1132 39 34 of
534 1144 19 23 a
570 1133 166 43 suspect’s
753 1139 109 29 arrest
878 1139 36 29 to
930 1134 155 34 coincide
1101 1135 82 33 with
1200 1135 52 33 his
1269 1145 163 33 presence
1447 1135 35 34 in
1498 1146 20 23 a

307 1182 98 43 place
425 1182 113 34 where
558 1188 223 37 government
802 1188 120 38 agents
943 1183 84 35 wish
1047 1189 36 29 to
1103 1184 155 34 search.”

396 1259 353 35 Amador-Gonzales
760 1271 30 23 v.
807 1259 128 36 United
944 1261 132 40 States,
1091 1261 63 34 391
1173 1261 84 34 F.2d
1272 1262 65 33 308
1355 1261 77 43 (5th
1446 1261 70 35 Cir.

311 1308 116 44 1968),
442 1309 154 35 involved
609 1321 44 23 an
667 1310 212 35 automobile
891 1316 109 29 arrest
1012 1311 54 34 for
1079 1311 111 35 minor
1202 1311 113 35 traffic
1325 1311 191 35 violations.

305 1359 75 34 The
395 1359 116 35 officer
526 1360 267 43 acknowledged
809 1360 44 35 he
867 1372 70 23 was
953 1361 137 43 looking
1106 1361 54 35 for
1175 1362 181 34 narcotics.
1374 1362 144 35 Critical

306 1408 53 35 for
372 1420 62 23 our
448 1420 163 33 purposes
624 1410 92 41 here,
730 1411 153 43 scrutiny
896 1410 39 35 of
945 1411 58 34 the
1015 1411 120 34 record
1149 1411 157 35 revealed
1319 1422 44 24 no
1376 1411 142 45 disposi-

306 1459 71 34 tion
391 1459 40 34 of
442 1459 59 34 the
514 1459 154 43 charges.
685 1461 39 33 In
739 1461 219 43 suppressing
972 1461 59 34 the
1045 1461 162 34 evidence
1220 1461 163 35 obtained
1398 1473 119 33 pursu-

305 1514 61 29 ant
379 1514 35 29 to
427 1509 59 34 the
499 1509 111 35 traffic
622 1515 110 29 arrest
745 1510 59 34 the
816 1516 98 28 court
927 1511 90 34 cited
1031 1522 96 23 cases
1140 1511 69 34 and
1222 1512 172 43 language
1406 1512 111 34 which

305 1559 128 43 clearly
453 1559 188 34 mandated
662 1559 68 35 this
751 1560 116 34 result.

537 1636 173 34 “General
735 1647 38 23 or
796 1637 218 43 exploratory
1037 1638 159 34 searches
1221 1649 59 23 are
1303 1638 214 34 condemned

305 1696 83 23 even
402 1685 99 34 when
515 1686 81 43 they
610 1697 59 23 are
682 1686 153 34 incident
848 1692 36 28 to
897 1698 20 23 a
932 1687 118 34 lawful
1064 1688 144 33 arrest.”
1224 1688 78 34 U.S.
1318 1699 30 23 v.
1362 1688 156 34 Rabino­

305 1737 89 38 witz,
408 1736 66 33 339
487 1735 82 34 U.S.
584 1736 42 33 56
641 1735 136 42 (1950).
791 1736 97 33 “The
899 1741 109 29 arrest
1019 1742 93 28 must
1123 1742 60 28 not
1194 1737 42 33 be
1247 1748 20 23 a
1278 1748 95 23 mere
1384 1743 132 37 pretext

305 1783 53 34 for
368 1794 44 23 an
422 1784 180 34 otherwise
611 1784 218 43 illegitimate
837 1785 156 34 search.”
1004 1785 195 43 McKnight
1207 1797 30 22 v.
1250 1787 91 39 U.S.,
1357 1787 62 33 183
1432 1786 84 34 F.2d

305 1833 67 33 977
385 1832 104 42 (D.C.
502 1833 70 34 Cir.
588 1833 117 42 1950).
717 1833 97 35 “The
823 1834 121 34 search
954 1840 93 28 must
1057 1835 87 34 have
1153 1846 96 23 some
1258 1835 145 34 relation
1413 1841 35 28 to
1458 1836 59 34 the

305 1887 123 29 nature
443 1882 68 34 and
528 1893 147 33 purpose
690 1883 40 34 of
742 1883 59 34 the
817 1884 143 34 arrest.”
981 1884 193 43 Taglavore
1188 1896 30 23 v.
1238 1885 91 41 U.S.,
1347 1886 63 33 291
1432 1885 84 34 F.2d

305 1932 67 34 262
395 1931 77 43 (9th
493 1932 71 34 Cir.
589 1932 118 43 1961);
729 1932 148 35 Charles
895 1945 30 23 v.
949 1934 91 40 U.S.,
1062 1935 66 33 278
1151 1934 85 34 F.2d
1257 1935 66 34 386
1346 1934 77 43 (9th
1443 1935 72 34 Cir.

309 1981 203 43 1960). See,
525 1983 30 33 J.
567 1982 94 41 Hall,
672 1983 60 40 Jr.,
742 1982 133 35 Search
886 1983 72 34 and
964 1984 157 40 Seizure,
1134 1984 17 42 §
1165 1985 90 40 8:10,
1266 1995 32 33 p.
1310 1985 68 34 240
1390 1984 124 43 (1982)

306 2030 123 45 (Supp.
455 2031 117 43 1985).

488 2109 138 34 Pretext
638 2109 34 34 in
685 2109 68 34 this
766 2120 79 23 case
857 2120 65 24 can
935 2110 43 34 be
990 2109 108 35 found
1111 2110 91 34 from
1214 2110 59 35 the
1285 2110 73 35 fact
1370 2111 76 34 that
1457 2111 59 34 the

303 2158 121 34 search
442 2158 69 34 had
528 2169 43 23 no
589 2159 145 34 relation
751 2164 35 29 to
803 2159 59 34 the
878 2164 124 30 nature
1018 2159 69 35 and
1104 2171 148 33 purpose
1268 2160 39 34 of
1320 2160 59 34 the
1396 2166 118 29 arrest.

304 2208 139 43 Deputy
458 2208 161 43 Simpson
634 2208 149 35 testified
797 2209 77 34 that
889 2209 90 34 after
993 2209 138 44 placing
1145 2210 59 34 the
1219 2210 175 43 appellant
1408 2210 35 34 in
1457 2210 59 35 the

303 2257 64 34 cell
378 2257 43 34 he
429 2268 70 23 was
509 2257 140 35 advised
659 2258 45 43 by
713 2258 223 43 investigator
946 2259 176 34 Davidson
1132 2264 35 29 to
1176 2265 58 37 get
1243 2260 59 34 the
1311 2260 204 43 appellant’s

303 2306 130 35 clothes
449 2317 37 24 so
501 2307 82 43 they
597 2307 101 34 could
714 2318 43 32 go
772 2313 36 29 to
823 2308 59 34 the
896 2308 108 35 crime
1018 2309 208 43 laboratory.
1242 2310 59 33 No
1316 2320 65 23 one
1395 2309 69 34 had
1479 2315 37 29 at

303 2356 76 34 that
392 2356 96 43 point
501 2357 122 34 looked
636 2362 36 29 to
684 2357 153 34 discover
850 2358 60 34 the
922 2358 148 34 absence
1082 2369 38 23 or
1133 2369 163 33 presence
1308 2358 39 35 of
1357 2359 102 34 blood
1471 2369 44 24 on

303 2406 59 33 the
375 2406 108 34 boots.
498 2406 74 34 The
586 2411 90 30 state
689 2406 69 35 had
771 2407 59 34 the
843 2407 89 43 good
942 2407 185 43 judgment
1140 2413 60 29 not
1213 2413 35 29 to
1262 2419 107 32 argue
1381 2408 76 34 that
1470 2419 45 24 an
