1648 2688
311 425 119 32 agrees
442 420 59 29 not
512 420 35 29 to
559 415 115 43 repeal
686 415 76 34 that
773 420 58 29 tax
843 415 87 34 until
942 414 59 35 the
1012 414 108 35 bonds
1132 415 87 34 have
1230 415 86 34 been
1328 414 90 44 paid.
1433 414 90 43 (The

311 465 150 34 General
476 465 196 43 Assembly,
688 465 33 33 in
736 466 69 32 Act
819 465 67 33 976
901 464 40 34 of
956 465 99 40 1985,
1069 464 161 34 declared
1245 464 99 34 “that
1358 465 59 33 the
1431 465 91 33 hotel

311 514 68 34 and
396 519 195 29 restaurant
607 519 58 29 tax
682 514 27 34 is
725 519 59 29 not
800 525 20 23 a
836 514 81 34 ‘tax’
934 525 37 23 as
988 514 118 34 ‘taxes’
1123 525 59 23 are
1197 514 187 43 ordinarily
1399 514 123 34 under-

311 563 132 41 stood,”
465 564 61 34 but
545 564 34 33 in
599 564 58 34 the
675 569 146 29 statutes
841 563 218 43 authorizing
1078 564 59 33 the
1156 564 74 43 levy
1249 564 58 34 the
1326 564 197 42 legislature

311 614 167 42 correctly
496 613 110 34 called
626 613 25 34 it
669 624 20 23 a
707 624 95 32 gross
820 613 146 43 receipts
984 618 69 29 tax.
1074 614 47 33 Its
1139 613 180 34 character
1336 618 127 29 cannot
1481 613 43 34 be

311 662 157 43 changed
489 663 45 42 by
554 674 20 22 a
595 663 189 42 legislative
804 662 240 42 declaration.)

312 275 65 33 288

402 748 178 33 Arkansas
600 748 98 33 Bank
719 748 33 33 &
772 748 104 33 Trust
894 747 132 43 bought
1045 748 209 40 $2,000,000
1272 747 39 34 of
1326 748 58 33 the
1402 747 120 41 bonds;

312 797 89 34 First
411 797 168 34 National
590 797 131 43 bought
731 797 59 34 the
799 797 98 34 other
908 798 19 36 $
935 798 193 40 1,000,000.
1139 797 113 34 Those
1262 797 162 44 proceeds
1434 808 90 23 were

311 847 237 44 immediately
560 847 191 41 disbursed,
764 847 82 34 with
859 858 20 23 a
891 847 86 34 total
990 847 39 34 of
1039 848 267 40 $2,577,875.09
1320 847 102 43 going
1434 847 89 34 back

311 903 35 29 to
380 898 59 34 the
474 897 119 35 banks.
629 897 103 35 After
767 897 45 35 all
846 897 98 35 other
979 896 270 36 disbursements
1284 897 59 35 the
1376 908 77 24 sum
1487 897 39 35 of

312 948 232 40 $260,282.46
559 958 70 24 was
643 947 63 35 left
720 947 53 35 for
786 948 59 34 the
859 948 87 44 park
959 958 171 34 company
1143 953 36 29 to
1192 958 61 24 use
1267 947 34 35 in
1315 948 43 34 its
1372 947 102 35 effort
1487 952 36 30 to

311 1008 123 33 escape
444 997 90 35 from
545 998 42 34 its
597 998 162 34 financial
770 998 120 43 plight.
901 998 92 34 That
1003 998 102 34 effort
1115 997 171 44 evidently
1296 997 117 41 failed,
1424 997 53 35 for
1487 1003 36 29 at

311 1047 59 34 the
381 1048 79 34 trial
473 1048 97 34 there
582 1058 69 24 was
664 1059 20 23 a
697 1047 175 35 reference
884 1053 35 29 to
931 1048 59 34 the
1002 1048 114 43 park’s
1129 1047 102 43 being
1243 1047 132 35 offered
1387 1047 53 35 for
1452 1048 72 34 sale

311 1102 35 29 to
366 1097 59 34 the
445 1097 136 43 highest
602 1097 130 35 bidder.

494 1183 75 34 The
579 1183 91 34 issue
680 1183 39 34 of
727 1183 116 43 public
853 1193 148 33 purpose
1012 1193 81 32 may
1103 1183 44 33 be
1157 1182 159 44 disposed
1327 1182 39 34 of
1374 1183 148 43 quickly.

312 1232 81 34 Had
405 1232 60 34 the
477 1232 109 34 bonds
599 1232 86 34 been
698 1232 114 34 issued
825 1237 36 29 at
873 1232 59 33 the
944 1237 114 28 outset
1070 1237 35 28 to
1118 1237 116 28 create
1246 1232 122 42 Magic
1380 1232 143 43 Springs

310 1292 38 23 as
359 1292 20 23 a
389 1281 123 34 tourist
522 1281 198 41 attraction,
731 1281 59 34 the
800 1281 193 43 appellants
1003 1281 113 34 would
1127 1281 42 34 be
1179 1281 34 34 in
1224 1292 20 23 a
1255 1281 111 34 better
1376 1281 147 43 position

310 1336 36 28 to
362 1341 106 32 argue
483 1331 117 43 public
616 1341 147 33 purpose
777 1331 84 34 than
877 1330 82 44 they
975 1341 75 24 now
1066 1341 70 30 are,
1152 1330 35 34 in
1201 1330 85 35 view
1302 1330 39 34 of
1353 1331 93 34 what
1461 1330 62 35 has

311 1379 191 44 happened.
533 1381 49 41 By
614 1381 88 33 1982
730 1380 26 33 it
783 1390 69 24 was
880 1380 123 33 known
1030 1380 77 34 that
1135 1380 122 42 Magic
1283 1380 143 43 Springs
1454 1379 69 35 had

310 1429 223 42 consistently
554 1429 65 33 lost
639 1439 124 33 money
782 1429 125 42 during
927 1429 43 34 its
991 1429 92 34 brief
1100 1429 70 34 life.
1191 1429 74 34 The
1284 1434 128 38 county
1432 1429 91 34 bond

311 1489 124 32 money
445 1478 68 34 had
523 1478 87 34 been
620 1483 110 39 spent,
741 1478 68 34 and
818 1478 59 34 the
887 1478 109 35 bonds
1006 1489 89 23 were
1104 1479 35 33 in
1149 1478 143 35 default.
1304 1478 219 43 Obligations

310 1533 36 29 to
358 1527 59 35 the
429 1528 108 34 banks
550 1539 89 23 were
651 1528 210 44 delinquent.
876 1529 97 34 Most
984 1528 40 35 of
1032 1528 59 35 the
1103 1528 163 44 proceeds
1279 1528 91 35 from
1381 1528 60 35 the
1452 1528 72 35 sale

310 1577 39 35 of
358 1578 59 34 the
429 1578 70 44 city
511 1578 108 35 bonds
632 1589 89 24 were
733 1578 83 35 used
829 1584 35 29 to
876 1589 68 33 pay
956 1578 96 35 loans
1065 1578 80 35 held
1158 1578 44 44 by
1214 1578 59 35 the
1285 1578 109 35 banks
1407 1578 68 35 and
1487 1584 36 29 to

311 1639 67 33 pay
398 1628 59 35 the
477 1628 145 43 original
644 1633 189 39 promoters
854 1639 44 24 on
919 1639 96 24 some
1034 1629 122 43 theory
1176 1634 60 29 not
1256 1628 103 35 made
1379 1629 144 43 entirely

310 1678 102 35 clear.
426 1678 74 35 The
511 1679 196 34 chancellor
719 1690 69 23 was
800 1679 91 43 right
903 1679 35 34 in
950 1678 131 44 finding
1094 1679 76 34 that
1181 1679 60 34 the
1253 1679 110 43 City’s
1375 1684 148 38 attempt

310 1733 36 29 to
362 1739 61 23 use
439 1733 59 29 tax
515 1739 125 32 money
656 1733 35 30 to
708 1728 70 35 bail
794 1734 60 29 out
870 1728 60 35 the
946 1728 166 35 creditors
1129 1728 39 35 of
1182 1739 20 23 a
1219 1728 168 44 privately
1402 1728 120 34 owned

309 1783 143 29 venture
474 1789 70 23 was
568 1783 60 29 not
650 1777 164 44 designed
837 1783 35 29 to
896 1778 212 44 accomplish
1132 1789 20 23 a
1175 1789 148 33 purpose
1345 1778 178 43 primarily

310 1828 117 43 public
447 1828 34 34 in
501 1833 133 29 nature.

402 1913 166 34 Whether
588 1924 44 23 an
651 1913 145 34 election
815 1924 70 23 was
905 1913 160 43 required
1084 1913 54 34 for
1156 1913 59 34 the
1234 1913 156 34 issuance
1408 1912 39 35 of
1463 1912 59 35 the

310 1962 109 34 bonds
437 1962 27 34 is
483 1967 59 29 not
559 1973 44 23 an
621 1962 137 44 equally
775 1962 123 44 simple
915 1963 169 43 question.
1103 1963 66 33 We
1186 1962 105 43 reject
1308 1967 36 29 at
1361 1973 85 23 once
1463 1962 59 34 the

311 2012 120 33 bank’s
448 2017 183 37 argument
647 2012 77 34 that
740 2012 59 34 the
814 2022 80 24 case
910 2012 123 34 should
1049 2012 44 34 be
1108 2012 170 42 governed
1294 2012 45 43 by
1354 2013 124 32 Purvis
1493 2013 27 38 I,

309 2063 125 32 Purvis
443 2072 30 23 v.
484 2061 168 41 Hubbell,
664 2062 66 33 273
743 2062 85 33 Ark.
841 2062 159 40 330, 620
1011 2061 144 34 S.W.2d
1166 2062 68 33 282
1247 2061 136 43 (1981).
1396 2062 39 33 In
1445 2061 77 34 that

310 2121 79 23 case
399 2121 51 23 we
459 2110 115 34 closed
584 2121 63 23 our
656 2110 139 44 opinion
805 2111 45 43 by
860 2111 115 42 giving
986 2111 256 34 unmistakable
1251 2111 113 34 notice
1373 2111 77 34 that
1460 2121 63 24 our

310 2160 262 43 interpretation
583 2160 39 34 of
630 2160 59 34 the
700 2160 235 35 Constitution
946 2160 83 35 with
1040 2160 124 43 regard
1175 2165 35 30 to
1220 2160 59 35 the
1289 2160 169 44 necessity
1469 2160 53 35 for

310 2210 145 44 popular
476 2210 163 44 approval
660 2210 39 34 of
717 2210 109 35 bonds
847 2210 114 35 would
982 2210 43 35 be
1046 2210 238 35 reconsidered
1305 2215 36 30 at
1362 2210 59 34 the
1441 2215 81 30 next

310 2260 232 44 opportunity.
556 2260 92 34 That
660 2271 79 23 case
752 2271 69 23 was
834 2260 144 35 decided
991 2271 44 24 on
1048 2261 80 43 July
1145 2261 167 40 13,1981.
1326 2261 75 33 The
1413 2260 109 35 bonds

310 2320 75 24 now
397 2310 34 34 in
442 2310 158 44 question
611 2321 89 23 were
711 2315 59 30 not
781 2310 114 34 issued
906 2310 87 35 until
1005 2310 107 35 about
1122 2321 21 23 a
1154 2321 81 33 year
1246 2310 98 41 later;
1355 2321 38 23 so
1403 2321 44 23 no
1458 2321 65 23 one

310 2360 101 34 could
431 2371 138 23 assume
588 2360 76 34 that
683 2360 59 34 the
761 2360 147 43 position
928 2360 104 34 taken
1052 2360 45 43 by
1116 2360 59 34 the
1193 2365 98 29 court
1310 2360 35 34 in
1363 2362 125 32 Purvis
1505 2361 21 33 I

310 2409 113 35 would
444 2410 42 34 be
506 2409 152 35 adhered
679 2414 45 30 to.
