1632 2693
419 418 76 33 that
518 416 85 44 duty
626 417 27 34 is
677 422 59 29 not
759 417 144 35 without
926 417 196 41 limitation,
1147 417 223 43 particularly
1394 418 33 34 in
1451 418 58 34 the

419 471 138 30 context
568 466 39 34 of
615 477 20 23 a
647 467 172 42 marriage
830 466 112 34 which
954 467 61 33 has
1027 467 86 34 been
1125 466 169 35 dissolved
1305 467 45 42 by
1361 467 146 34 divorce.

420 516 98 34 Once
529 516 59 34 the
598 516 157 42 question
767 516 39 34 of
813 515 93 34 child
917 521 143 38 support
1071 516 62 34 has
1144 515 87 34 been
1242 516 189 34 submitted
1443 521 35 29 to
1489 526 20 23 a

419 570 98 29 court
534 565 39 34 of
587 570 197 38 competent
797 565 219 43 jurisdiction
1034 565 68 34 and
1120 577 20 23 a
1158 565 112 43 ruling
1287 565 142 34 thereon
1447 566 62 34 has

420 615 85 34 been
519 614 174 41 obtained,
707 615 59 34 the
778 625 96 24 more
885 615 140 42 general
1038 620 171 38 statutory
1221 614 86 44 duty
1319 615 39 34 of
1367 620 142 39 support

420 665 158 34 becomes
591 664 268 35 circumscribed
872 664 44 44 by
929 665 58 34 the
999 675 96 24 more
1107 664 138 45 specific
1257 664 85 44 duty
1354 664 155 45 imposed

420 715 43 44 by
482 714 58 34 the
558 720 108 29 court.
685 716 33 33 A
737 714 239 36 noncustodial
995 720 122 39 parent
1135 714 114 35 whose
1266 715 189 44 obligation
1473 720 36 29 to

419 764 139 45 provide
573 770 142 38 support
730 765 27 34 is
772 765 102 43 being
890 765 197 43 supervised
1102 766 45 43 by
1162 766 83 33 such
1261 777 20 23 a
1296 771 98 29 court
1408 766 100 34 order

418 820 127 29 cannot
560 815 42 33 be
615 815 75 34 said
704 820 35 29 to
753 815 87 34 have
854 826 67 32 any
936 815 130 43 “duty”
1081 820 35 29 to
1130 815 140 44 provide
1283 815 135 44 beyond
1432 816 76 34 that

420 864 154 44 imposed
595 864 45 43 by
660 865 59 33 the
739 869 108 30 court.

296 277 44 33 62

387 942 38 33 In
435 940 163 35 Loveless
605 952 30 23 v.
646 943 99 41 May,
756 952 114 33 supra,
881 952 51 23 we
941 941 79 34 held
1029 941 77 35 that
1115 953 20 23 a
1145 941 146 41 mother,
1301 942 76 34 who
1387 941 121 35 moved

295 996 35 28 to
345 991 136 34 Florida
495 990 68 34 and
577 990 62 35 left
653 991 60 34 her
726 990 92 36 child
832 990 83 35 with
929 991 207 43 babysitters
1150 991 119 34 before
1281 991 145 44 custody
1439 1002 69 24 was

294 1040 99 43 given
410 1046 35 29 to
460 1040 98 35 other
574 1041 158 34 relatives
748 1041 44 44 by
808 1046 98 29 court
922 1041 110 41 order,
1049 1041 69 34 had
1134 1046 59 30 not
1209 1041 65 34 lost
1290 1041 61 35 her
1366 1042 92 42 right
1473 1046 35 29 to

294 1090 165 34 withhold
475 1095 142 29 consent
632 1090 181 35 inasmuch
829 1101 37 23 as
881 1090 62 34 she
957 1091 69 34 had
1041 1091 106 34 relied
1163 1101 43 23 on
1221 1091 60 34 the
1295 1096 99 29 court
1408 1091 100 34 order

294 1139 68 33 and
378 1140 59 33 the
453 1139 120 34 advice
588 1139 39 34 of
639 1140 59 33 the
710 1139 153 43 juvenile
877 1145 99 28 court
987 1140 109 42 judge
1111 1141 34 33 in
1162 1140 177 43 assuming
1355 1141 76 34 that
1447 1141 61 34 her

294 1193 143 38 support
457 1199 69 23 was
547 1193 59 29 not
626 1189 160 43 required
806 1189 102 34 while
927 1189 59 34 the
1006 1190 158 34 relatives
1185 1189 69 34 had
1274 1190 155 43 custody.

525 1264 169 41 Granted,
710 1276 20 23 a
745 1269 122 39 parent
882 1270 127 29 cannot
1023 1265 125 44 simply
1163 1270 79 29 turn
1257 1276 20 23 a
1292 1265 122 35 child’s
1429 1276 80 24 care

294 1313 68 34 and
373 1319 142 39 support
524 1324 79 24 over
612 1319 36 29 to
658 1314 145 35 another
813 1314 68 35 and
891 1314 144 44 thereby
1045 1315 42 34 be
1097 1314 148 35 excused
1254 1315 91 34 from
1355 1315 59 35 the
1423 1315 85 43 duty

293 1363 40 34 of
346 1363 178 43 providing
541 1369 142 38 support
700 1364 54 34 for
770 1364 59 35 the
845 1364 104 41 child,
967 1375 19 24 a
1004 1364 85 44 duty
1105 1364 112 35 which
1234 1365 104 34 exists
1355 1365 153 35 whether

293 1413 144 35 ordered
455 1414 44 43 by
517 1424 19 23 a
554 1419 99 29 court
669 1424 38 24 or
724 1419 70 30 not.
812 1413 136 35 Pender
962 1425 30 23 v.
1011 1416 146 39 McKee,
1176 1415 66 34 266
1260 1415 85 34 Ark.
1368 1416 52 40 18,
1440 1416 67 34 582

293 1463 35 34 S.­
333 1463 103 34 W.2d
447 1464 67 34 929
526 1463 137 43 (1979).
676 1464 65 34 We
749 1469 128 30 cannot
886 1475 71 32 say,
968 1464 167 41 however,
1145 1464 100 43 given
1255 1465 59 34 the
1323 1465 183 43 appellee’s

294 1513 149 34 reliance
452 1523 43 25 on
505 1512 59 35 the
573 1513 128 43 special
710 1514 269 34 circumstances
989 1514 35 34 in
1033 1514 68 34 this
1110 1524 90 30 case,
1211 1514 76 34 that
1296 1514 60 34 the
1364 1515 144 43 probate

293 1568 98 28 court
410 1562 149 42 findings
578 1573 89 23 were
686 1563 128 43 clearly
834 1573 184 24 erroneous
1037 1564 77 34 that
1133 1564 193 42 appellants
1346 1564 106 34 failed
1472 1568 36 30 to

293 1622 103 32 prove
418 1612 45 43 by
484 1611 92 34 clear
598 1612 68 34 and
688 1611 203 44 convincing
914 1612 162 35 evidence
1097 1613 77 34 that
1196 1613 155 43 appellee
1372 1613 69 34 had
1463 1623 44 25 no

289 1661 191 43 justifiable
493 1671 104 24 cause
610 1661 53 35 for
677 1661 122 44 failing
813 1666 35 30 to
862 1662 195 44 personally
1070 1662 140 44 provide
1223 1668 142 38 support
1379 1663 53 34 for
1446 1663 61 35 her

292 1711 103 34 child.

476 1788 74 35 The
561 1793 98 29 court
671 1789 92 42 gives
776 1788 133 35 careful
921 1789 192 43 protection
1125 1794 35 29 to
1172 1800 20 23 a
1204 1790 138 34 natural
1355 1790 150 43 parent’s

293 1838 119 42 rights.
434 1839 51 33 As
507 1838 203 34 announced
732 1838 34 34 in
791 1838 175 35 Woodson
985 1850 31 22 v.
1039 1840 77 40 Lee,
1139 1840 63 33 221
1227 1839 86 34 Ark.
1337 1841 78 39 517,
1438 1840 68 34 254

292 1887 143 34 S.W.2d
446 1887 67 35 326
525 1886 137 43 (1953),
672 1888 144 43 quoting
824 1889 41 32 In
873 1899 37 23 re
921 1887 127 44 Cordy,
1062 1889 64 34 169
1137 1888 75 34 Cal.
1227 1889 278 40 157, 146 P. 532

294 1936 137 43 (1914),

416 2014 31 33 “.
476 2041 6 7 .
510 2040 6 7 .
537 2013 58 34 the
613 2024 114 33 power
745 2014 39 34 of
799 2014 59 35 the
875 2020 99 28 court
992 2015 35 34 in
1046 2014 163 45 adoption
1228 2015 222 43 proceedings
1469 2021 36 29 to

415 2062 139 45 deprive
570 2074 20 23 a
609 2069 122 37 parent
747 2064 40 34 of
801 2064 61 34 her
879 2063 103 42 child,
1001 2064 102 43 being
1120 2065 35 34 in
1172 2064 201 43 derogation
1391 2065 39 34 of
1443 2065 62 34 her

415 2113 137 34 natural
566 2113 92 42 right
670 2118 35 29 to
718 2113 37 41 it,
769 2112 69 36 and
852 2113 101 43 being
966 2124 21 24 a
1000 2114 127 43 special
1140 2124 114 34 power
1266 2114 180 34 conferred
1459 2114 45 43 by

415 2162 60 35 the
487 2167 141 36 statute,
642 2163 84 34 such
740 2167 130 31 statute
883 2163 123 34 should
1018 2163 44 35 be
1075 2163 132 44 strictly
1220 2164 195 41 construed;
1428 2164 77 35 that

416 2212 70 34 ‘the
503 2212 64 34 law
584 2212 28 34 is
629 2213 174 34 solicitous
820 2213 132 34 toward
969 2213 229 43 maintaining
1215 2213 59 34 the
1290 2213 162 44 integrity
1469 2213 39 35 of

415 2262 59 34 the
488 2262 137 34 natural
641 2262 144 34 relation
799 2262 40 35 of
850 2267 123 39 parent
987 2263 68 34 and
1070 2262 103 41 child;
1188 2263 68 34 and
1271 2263 34 34 in
1320 2263 185 43 adversary

415 2311 224 44 proceedings
655 2312 33 34 in
705 2312 175 44 adoption,
897 2312 113 34 where
1025 2312 59 35 the
1099 2312 157 35 absolute
1270 2323 184 24 severance
1468 2312 40 35 of

414 2361 77 35 that
502 2361 145 35 relation
658 2362 27 34 is
696 2362 136 43 sought,
844 2362 145 34 without
998 2362 60 34 the
1068 2367 141 30 consent
1220 2362 68 34 and
1299 2363 136 42 against
1445 2363 60 34 the

414 2416 131 39 protest
559 2411 40 34 of
611 2411 59 35 the
685 2417 133 38 parent,
834 2411 59 35 the
909 2412 201 34 inclination
1125 2411 39 35 of
1176 2412 59 34 the
1249 2417 126 36 courts,
1392 2423 38 24 as
1445 2413 60 34 the
