1656 2693
434 409 45 43 by
492 409 198 34 settlement
703 418 38 24 or
751 406 196 45 judgment,
962 407 59 34 the
1034 407 133 34 insurer
1181 406 127 45 paying
1322 406 84 35 such
1421 406 100 34 bene-

433 459 55 34 fits
501 460 62 34 has
576 470 20 24 a
609 458 92 44 right
713 458 40 35 of
761 458 288 35 reimbursement
1060 456 69 36 and
1143 457 108 35 credit
1263 462 60 29 out
1336 456 39 35 of
1384 456 59 35 the
1454 460 69 30 tort

433 519 161 33 recovery
621 519 37 24 or
686 508 208 41 settlement,
922 508 65 34 less
1015 507 59 35 the
1101 512 73 29 cost
1201 507 39 35 of
1264 507 192 40 collection,
1485 517 37 23 as

434 558 210 35 hereinafter
656 557 146 35 defined.
817 558 58 34 All
888 563 90 29 costs
990 557 39 34 of
1039 556 180 36 collection
1233 556 138 35 thereof
1380 556 87 34 shall
1480 556 43 34 be

434 608 154 35 assessed
599 608 136 43 against
745 608 132 34 insurer
887 607 69 35 and
966 606 139 35 insured
1115 606 34 34 in
1159 607 59 34 the
1228 606 198 44 proportion
1437 605 85 35 each

434 658 144 34 benefits
591 657 91 34 from
695 657 84 34 such
793 667 170 33 recovery.
977 656 85 34 Said
1075 656 133 35 insurer
1221 656 87 34 shall
1322 656 87 34 have
1421 666 20 23 a
1455 655 67 34 lien

434 717 91 33 upon
556 706 75 35 said
661 717 160 32 recovery
851 712 35 29 to
916 706 59 34 the
1005 711 117 29 extent
1151 705 39 35 of
1217 706 43 34 its
1290 705 75 34 said
1396 704 127 35 benefit

434 761 192 38 payments.

311 268 67 34 544

494 841 115 35 While
620 841 26 34 it
658 840 27 34 is
697 851 21 23 a
730 845 132 29 correct
874 844 186 30 statement
1071 839 40 34 of
1119 839 65 34 law
1196 839 76 34 that
1284 850 44 23 an
1341 839 182 34 insurance

310 890 170 44 provision
489 890 113 34 which
611 890 28 34 is
648 890 34 34 in
692 889 213 35 accordance
914 889 82 34 with
1006 900 20 23 a
1035 894 130 29 statute
1174 894 127 29 cannot
1310 888 43 34 be
1362 893 161 38 contrary

310 945 35 29 to
356 940 117 44 public
482 940 123 44 policy,
617 941 102 33 MFA
730 939 149 35 Mutual
887 941 68 32 Ins.
970 939 60 34 Co.
1041 950 30 22 v.
1088 940 72 32 Van
1169 941 176 38 Driesum,
1358 938 67 34 282
1436 937 85 35 Ark.

311 990 133 41 24, 665
456 989 143 36 S.W.2d
610 990 67 34 286
690 988 138 44 (1984),
839 989 59 35 the
908 989 204 44 appellant’s
1123 988 112 44 policy
1245 988 28 35 is
1283 993 59 29 not
1353 988 34 34 in
1398 987 124 35 accord

310 1040 82 35 with
408 1040 17 43 §
440 1040 165 35 66-4019.
619 1039 189 44 Appellant
821 1039 27 35 is
861 1039 140 43 seeking
1014 1050 20 23 a
1047 1038 92 44 right
1152 1038 39 35 of
1200 1038 120 35 set-off
1330 1038 137 43 against
1480 1037 42 35 its

310 1101 76 24 own
399 1090 148 35 insured.
563 1091 39 33 In
615 1101 20 23 a
648 1100 96 24 more
755 1089 129 44 typical
896 1100 90 30 case,
1000 1089 144 35 another
1157 1088 183 36 insurance
1352 1099 171 33 company

310 1141 62 34 has
386 1139 82 45 paid
483 1141 59 34 the
556 1139 134 44 injured
704 1145 112 38 party,
831 1150 38 24 or
884 1140 59 34 the
957 1139 134 43 injured
1106 1140 129 43 party’s
1250 1150 76 23 own
1341 1139 183 34 insurance

309 1200 171 33 company
503 1191 62 34 has
588 1189 103 35 made
714 1195 192 38 payments,
930 1189 68 35 and
1022 1189 59 34 the
1103 1189 213 34 tortfeasor’s
1340 1188 182 35 insurance

309 1250 171 33 company
490 1245 110 29 wants
611 1245 35 28 to
656 1239 186 42 subrogate
852 1250 38 23 or
900 1239 105 34 setoff
1013 1239 43 34 its
1067 1244 164 38 payment
1242 1238 136 43 against
1389 1238 59 34 the
1457 1248 66 24 one

310 1288 141 43 already
475 1289 112 34 made.
615 1290 104 39 Here,
744 1288 83 34 both
852 1293 181 39 payments
1058 1299 59 23 are
1141 1288 102 43 being
1268 1287 103 35 made
1395 1287 45 43 by
1464 1287 59 34 the

310 1338 184 35 tortfeasor
506 1344 36 29 to
555 1338 59 34 the
625 1337 135 44 injured
773 1343 111 38 party.
897 1338 92 34 That
1004 1338 17 42 §
1037 1338 153 34 66-4019
1204 1348 70 23 was
1287 1342 59 29 not
1359 1336 163 35 intended

310 1393 36 29 to
365 1388 103 43 apply
487 1388 34 34 in
541 1388 67 34 this
628 1387 175 40 situation,
824 1387 27 35 is
871 1386 186 36 evidenced
1077 1387 44 43 by
1140 1386 60 35 the
1218 1387 173 43 language
1409 1386 39 34 of
1463 1386 60 34 the

310 1442 130 30 statute
448 1438 114 34 where
571 1437 26 35 it
606 1436 157 45 provides
772 1436 77 35 that
858 1437 59 34 the
926 1437 132 34 insurer
1068 1436 62 34 has
1140 1447 20 23 a
1171 1437 92 43 right
1271 1436 40 35 of
1316 1436 205 34 reimburse­

309 1492 96 29 ment
422 1487 69 34 and
508 1487 110 34 credit
635 1486 70 35 less
723 1486 58 34 the
799 1493 75 28 cost
891 1486 46 44 of
946 1486 195 34 collection.
1160 1486 113 34 There
1289 1486 28 34 is
1335 1496 44 24 no
1396 1490 74 29 cost
1486 1485 40 35 of

309 1536 180 35 collection
509 1536 30 35 if
555 1536 58 35 the
633 1536 182 34 insurance
834 1547 171 33 company
1024 1536 28 34 is
1071 1535 183 44 collecting
1273 1535 91 35 from
1384 1535 42 34 its
1446 1546 75 23 own

310 1585 148 35 insured.
471 1587 33 33 A
516 1591 73 29 cost
600 1586 40 34 of
648 1586 180 34 collection
840 1586 80 44 only
932 1586 105 34 arises
1049 1585 35 34 in
1096 1585 59 34 the
1166 1586 165 34 situation
1343 1584 179 35 described

310 1636 118 40 above,
440 1636 114 34 where
565 1636 223 42 subrogation
800 1635 27 34 is
840 1636 124 43 sought
976 1635 136 43 against
1124 1640 181 39 payments
1317 1634 103 35 made
1431 1634 91 35 from

310 1685 144 35 another
466 1696 130 24 source.
608 1686 69 34 See
690 1685 121 39 O’Bar,
824 1685 132 35 Adm’x
966 1696 30 23 v.
1010 1686 103 33 MFA
1125 1684 149 35 Mutual
1283 1686 69 33 Ins.
1368 1685 72 40 Co.,
1454 1685 43 33 27­
1502 1685 18 33 5

310 1735 84 34 Ark.
417 1735 79 41 247,
518 1736 65 34 628
606 1734 143 35 S.W.2d
771 1735 62 34 561
860 1734 137 44 (1982).

495 1822 253 40 Furthermore,
768 1826 35 29 to
822 1821 100 35 allow
941 1821 59 34 the
1019 1820 182 44 requested
1220 1820 120 35 set-off
1356 1820 112 34 would
1487 1820 35 35 in

310 1871 103 35 effect
435 1870 166 45 abrogate
625 1871 17 43 §
668 1872 165 41 75-1427,
857 1871 44 44 by
924 1871 165 43 reducing
1112 1870 59 35 the
1193 1870 159 45 required
1375 1870 89 35 limit
1485 1870 40 35 of

310 1922 150 40 $25,000
473 1926 35 30 to
522 1922 160 40 $20,000.
697 1922 50 33 As
760 1921 59 34 the
832 1922 79 34 trial
923 1926 99 30 court
1035 1920 114 41 noted,
1164 1926 159 39 separate
1335 1920 187 45 protective

309 1981 166 32 coverage
484 1971 28 34 is
521 1971 163 44 provided
694 1971 45 43 by
750 1971 18 42 §
780 1972 154 33 75-1427
945 1971 69 34 and
1025 1971 17 42 §
1055 1971 155 34 66-4014
1220 1971 69 34 and
1298 1971 134 34 neither
1441 1981 81 32 may

309 2021 43 34 be
363 2020 207 35 diminished
582 2031 38 24 or
631 2020 200 35 contracted
843 2032 99 32 away
953 2021 45 43 by
1009 2031 21 23 a
1041 2020 171 44 provision
1224 2021 35 34 in
1270 2021 59 34 the
1340 2020 182 34 insurance

309 2075 166 29 contract.

400 2155 75 34 Our
489 2155 152 35 decision
656 2155 34 35 in
704 2157 116 37 Heiss,
836 2156 95 34 Ex’x
944 2167 30 22 v.
989 2157 115 32 Aetna
1120 2155 79 35 Cas.
1219 2157 30 32 &
1265 2155 81 34 Sur.
1365 2155 73 40 Co.,
1454 2155 67 33 250

308 2205 85 34 Ark.
419 2205 79 41 474,
523 2206 67 33 465
615 2204 144 35 S.W.2d
783 2205 67 34 699
878 2204 124 43 (1971)
1029 2205 27 33 is
1081 2205 200 34 instructive
1305 2204 166 43 although
1495 2204 27 35 it

309 2254 148 34 involves
469 2254 210 44 application
690 2253 40 35 of
738 2265 20 23 a
769 2253 163 36 different
942 2259 140 29 statute.
1096 2255 39 33 In
1146 2255 107 33 Heiss
1264 2259 67 29 two
1342 2264 80 24 men
1433 2264 89 24 were

309 2303 104 35 killed
428 2303 35 34 in
479 2315 20 23 a
514 2304 154 34 collision
685 2303 170 44 involving
871 2315 44 23 an
931 2303 188 35 uninsured
1135 2304 168 34 motorist.
1320 2303 78 35 One
1412 2303 39 34 of
1463 2303 60 34 the

309 2364 79 23 men
399 2353 68 34 had
478 2365 44 23 an
532 2354 183 33 insurance
724 2353 112 43 policy
846 2354 82 34 with
938 2354 115 33 Aetna
1064 2353 170 43 Casualty
1243 2353 69 34 and
1322 2353 126 43 Surety
1458 2353 62 34 Co.

309 2403 74 34 The
398 2403 182 34 insurance
594 2413 171 33 company
779 2402 193 35 contended
988 2403 26 34 it
1028 2413 70 23 was
1114 2403 143 34 entitled
1272 2408 35 29 to
1322 2402 127 35 deduct
1464 2402 58 34 the
