1669 2701
138 408 141 44 opinion
303 409 27 34 is
354 419 127 32 wrong,
505 415 61 28 not
589 410 129 43 merely
742 409 149 38 because
914 410 27 34 it
964 409 117 35 allows
1104 410 61 34 the
1187 410 106 34 Carrs
1317 415 36 30 to

140 459 151 34 “welsh”
307 469 44 23 on
366 459 88 34 their
469 464 158 30 contract
643 459 62 35 but
720 459 72 35 also
808 460 148 34 because
971 459 26 35 it
1012 459 125 35 inflicts
1153 471 20 23 a
1189 459 164 35 manifest

139 508 161 43 injustice
320 519 43 24 on
383 509 59 34 the
462 509 153 34 Johnson
636 508 132 44 family.

1283 269 67 33 467

231 589 75 34 The
317 589 169 35 Johnsons
499 588 121 35 owned
633 589 89 34 their
734 589 112 35 home.
860 589 96 35 Next
968 594 36 29 to
1016 589 27 35 it
1055 590 81 43 they
1149 590 72 34 also
1233 589 119 35 owned

139 644 68 29 two
224 644 76 29 rent
317 638 133 41 houses,
468 649 20 24 a
505 639 109 42 filling
631 638 138 41 station,
787 638 68 36 and
872 639 59 35 the
947 645 126 29 vacant
1089 639 48 35 lot
1154 640 34 34 in
1205 639 145 44 dispute.

138 689 99 42 They
248 688 125 44 agreed
384 694 35 29 to
429 688 60 35 sell
501 689 59 34 the
569 688 49 35 lot
628 693 36 30 to
674 689 59 34 the
743 689 105 34 Carrs
859 688 54 35 for
924 690 139 40 $7,500,
1073 690 63 34 but
1146 690 79 43 only
1236 689 28 34 if
1272 690 82 43 they

140 737 69 36 had
223 749 20 23 a
257 738 90 43 right
360 743 35 29 to
407 738 208 43 repurchase
628 738 26 35 it
666 743 36 30 at
715 749 20 23 a
748 738 67 35 fair
827 738 93 45 price
933 739 29 34 if
972 739 59 34 the
1043 739 106 35 Carrs
1162 739 143 35 decided
1318 745 35 29 to

139 787 62 36 sell
210 788 60 34 the
279 789 47 34 lot
335 793 35 29 to
379 799 20 24 a
408 788 92 35 third
509 799 134 33 person.
653 789 75 34 The
737 788 93 44 price
838 788 62 35 has
909 794 36 29 to
954 789 43 34 be
1005 788 78 42 fair,
1094 788 148 35 because
1250 789 26 34 it
1284 789 68 34 will

141 838 43 34 be
198 837 90 35 fixed
305 838 44 43 by
364 843 66 29 two
445 838 194 43 appraisers
655 837 186 45 appointed
856 838 45 43 by
915 839 60 34 the
989 839 128 43 parties
1133 838 68 35 and
1216 849 80 33 may
1311 839 43 34 be

140 897 97 25 more
257 898 38 24 or
315 887 64 34 less
400 888 83 34 than
504 888 60 34 the
583 888 147 43 original
750 888 120 43 selling
891 888 103 44 price.

232 968 216 43 Apparently
458 967 60 34 the
528 968 107 34 Carrs
646 967 122 35 moved
779 973 35 29 to
825 968 205 41 California,
1041 968 114 35 where
1166 969 88 34 Carr
1264 974 90 29 went

141 1017 72 34 into
224 1017 59 34 the
292 1017 71 34 real
374 1022 109 29 estate
493 1017 167 35 business.
673 1018 39 34 In
726 1019 88 34 1982
825 1018 89 34 Carr
923 1023 107 30 wrote
1039 1023 36 30 to
1085 1018 152 35 Johnson
1248 1018 106 35 about

140 1066 61 35 the
210 1066 58 35 lot.
279 1066 76 35 The
362 1067 74 34 first
445 1072 163 29 sentence
616 1067 36 34 in
662 1067 119 35 Carr’s
789 1073 248 30 two-sentence
1045 1068 100 34 letter
1155 1068 113 35 stated
1278 1068 77 35 that

141 1116 59 34 the
213 1116 106 35 Carrs
331 1127 88 23 were
430 1116 217 43 considering
660 1116 121 44 selling
793 1117 59 35 the
863 1117 58 35 lot.
936 1118 14 34 I
963 1118 113 34 would
1088 1128 103 32 agree
1202 1117 82 35 with
1296 1118 59 34 the

141 1165 163 44 majority
326 1166 137 43 opinion
486 1166 30 34 if
535 1167 60 34 the
617 1166 126 35 second
766 1171 161 30 sentence
949 1166 69 35 had
1041 1167 82 34 read
1146 1167 207 44 differently,

142 1215 148 44 perhaps
311 1216 140 43 making
471 1216 59 34 the
550 1215 111 35 whole
680 1217 101 34 letter
801 1216 93 35 read:

358 1295 86 35 Mrs.
460 1295 90 35 Carr
564 1295 69 35 and
648 1296 15 34 I
678 1306 60 24 are
751 1296 165 44 seriously
930 1296 217 44 considering
1161 1296 120 44 selling
1296 1297 59 35 the

265 1345 117 35 North
406 1345 115 35 Cedar
544 1351 162 39 property
729 1357 51 23 we
802 1346 164 44 acquired
990 1345 91 36 from
1103 1357 68 33 you
1194 1347 34 35 in
1255 1348 98 34 1966.

266 1396 120 34 Please
395 1395 103 36 make
507 1406 97 25 some
613 1395 164 45 inquiries
787 1396 69 36 and
866 1396 47 35 let
922 1408 40 24 us
972 1396 100 35 know
1082 1396 31 36 if
1119 1396 68 36 this
1197 1397 28 35 is
1235 1408 20 24 a
1265 1397 89 44 good

266 1446 85 35 time
370 1451 35 29 to
425 1446 60 35 sell
506 1457 20 24 a
546 1451 126 30 vacant
692 1447 49 35 lot
761 1447 34 34 in
816 1446 83 36 Pine
919 1447 104 35 Bluff.

143 1526 68 34 But
231 1525 77 35 that
328 1525 27 34 is
376 1531 58 29 not
454 1525 75 35 how
550 1526 60 35 the
629 1526 101 35 letter
750 1527 92 34 read.
865 1526 150 42 Instead,
1036 1527 27 35 it
1083 1527 139 35 alluded
1242 1532 35 30 to
1297 1528 59 35 the

141 1580 158 30 contract
309 1575 68 35 and
387 1575 105 35 asked
503 1576 154 35 Johnson
667 1576 219 44 point-blank
895 1577 30 34 if
931 1577 44 35 he
985 1576 137 36 wanted
1131 1582 36 30 to
1177 1578 178 43 reacquire

142 1626 60 35 the
222 1631 171 39 property.
415 1626 94 35 Here
529 1626 27 35 is
578 1626 118 36 Carr’s
716 1626 110 36 letter:

358 1706 87 34 Mrs.
461 1706 89 35 Carr
564 1705 69 36 and
648 1707 15 33 I
678 1717 60 24 are
751 1707 165 43 seriously
930 1707 218 43 considering
1161 1707 122 43 selling
1296 1708 59 34 the

267 1755 116 34 North
400 1755 116 35 Cedar
532 1761 163 38 property
711 1767 51 23 we
778 1756 164 44 acquired
959 1756 91 35 from
1067 1767 67 33 you
1151 1757 35 34 in
1207 1758 97 34 1966.
1324 1757 35 35 If

267 1815 66 33 you
353 1815 58 25 are
434 1804 214 44 [interested]
672 1806 34 34 in
725 1805 217 44 reacquiring
961 1806 68 34 this
1048 1812 172 38 property,
1240 1807 115 42 please

266 1853 67 36 call
343 1865 40 23 us
393 1865 37 23 or
439 1859 141 30 contact
588 1865 41 24 us
639 1854 45 44 by
694 1855 84 34 mail
787 1855 120 35 within
916 1860 59 30 ten
985 1855 85 44 days
1081 1855 89 35 after
1181 1856 129 43 receipt
1320 1856 38 34 of

267 1903 59 34 the
345 1903 110 35 letter.

233 1981 154 35 Johnson
405 1981 60 35 did
483 1988 95 29 want
596 1987 37 30 to
651 1983 180 43 reacquire
849 1983 60 34 the
927 1989 173 38 property.
1121 1984 58 34 He
1196 1984 83 34 took
1296 1984 60 34 the

141 2031 102 35 letter
254 2036 36 30 to
302 2031 52 35 his
366 2031 136 45 lawyer,
514 2032 92 35 from
617 2032 116 35 whose
744 2033 98 35 office
853 2044 20 23 a
885 2033 101 35 letter
997 2044 70 24 was
1079 2033 136 35 written
1226 2034 129 44 stating

141 2081 77 36 that
237 2082 154 35 Johnson
410 2082 137 35 wanted
567 2088 35 30 to
621 2082 152 36 exercise
792 2083 59 35 the
869 2084 128 44 option.
1018 2084 49 34 At
1086 2083 77 36 that
1182 2083 96 45 point
1297 2084 59 35 the

142 2132 129 44 parties
285 2131 70 36 had
370 2132 148 35 reached
533 2144 44 24 an
593 2138 210 38 agreement.
820 2133 88 36 Carr
923 2133 69 36 had
1007 2133 114 37 stated
1136 2139 59 30 not
1209 2134 80 44 only
1303 2134 52 35 his

141 2193 76 24 own
231 2182 112 36 desire
357 2187 35 30 to
405 2182 60 35 sell
479 2183 60 35 the
551 2189 163 39 property
727 2183 62 35 but
803 2184 72 34 also
888 2184 52 35 his
954 2184 109 34 wife’s
1076 2184 112 35 desire
1200 2190 36 29 to
1249 2184 44 35 do
1306 2195 47 24 so.

141 2232 155 35 Johnson
316 2232 69 35 had
406 2233 174 35 exercised
600 2233 59 35 the
679 2233 118 45 option
816 2239 36 30 to
872 2234 219 44 repurchase.

234 2312 108 35 What
362 2312 180 45 happened
563 2312 90 36 after
673 2314 77 34 that
770 2313 39 42 is,
830 2314 35 34 in
885 2325 59 33 my
963 2314 151 44 opinion,
1134 2314 220 35 immaterial.

142 2362 90 34 Carr
242 2363 205 43 apparently
457 2362 150 37 realized
620 2362 194 44 (Horrors!)
827 2364 77 34 that
914 2364 44 35 he
969 2364 112 43 might
1090 2365 88 33 have
1188 2369 35 30 to
1234 2364 65 34 live
1309 2375 46 33 up

142 2417 36 29 to
187 2411 52 35 his
249 2412 150 43 promise
407 2412 68 34 and
485 2412 99 35 resell
593 2413 59 34 the
661 2412 82 35 land
753 2418 36 29 at
798 2424 20 24 a
828 2412 67 36 fair
904 2414 103 43 price.
1019 2414 55 34 He
1083 2413 167 35 hastened
1258 2418 36 30 to
1303 2414 52 34 his
