1641 2701
1258 266 63 33 139

205 410 56 34 On
275 410 67 34 this
354 409 122 44 appeal
490 409 59 34 the
561 409 190 42 dissenting
764 408 138 44 opinion
915 418 123 33 argues
1051 408 76 34 that
1139 419 51 23 we
1202 407 122 34 should

113 460 100 33 allow
229 461 117 33 Potter
362 470 20 23 a
398 459 112 43 larger
525 459 102 34 share
643 458 39 35 of
694 458 59 34 the
768 458 163 44 proceeds
948 457 90 35 from
1054 457 59 34 the
1128 458 72 34 sale
1214 457 39 34 of
1265 457 59 34 the

113 509 215 41 homestead,
345 508 256 45 proportionate
616 514 37 29 to
669 508 52 34 his
737 508 232 35 contribution
986 507 39 35 of
1039 507 195 41 $9,656.08.
1251 507 74 34 The

110 559 228 43 justification
358 558 129 35 offered
507 558 27 35 is
553 559 77 34 that
649 558 59 34 the
725 557 138 44 opinion
882 569 44 23 on
945 558 59 33 the
1022 557 74 34 first
1114 557 123 44 appeal
1256 567 69 23 was

114 619 118 33 wrong
254 609 33 34 in
308 609 67 34 this
396 614 142 38 respect.

300 695 112 34 There
427 705 59 23 are
500 699 67 30 two
582 704 150 24 answers
747 698 35 29 to
796 693 67 35 this
879 697 193 39 argument.
1090 692 99 41 First,
1204 704 50 23 we
1269 703 58 23 are

116 745 45 43 by
176 755 44 23 no
236 756 119 23 means
371 744 186 35 convinced
573 744 77 34 that
665 754 62 24 our
742 743 150 35 decision
907 754 70 23 was
993 753 127 32 wrong.
1138 743 31 34 It
1183 753 69 23 was
1267 747 60 29 not

116 800 162 38 contrary
302 800 35 29 to
360 794 59 34 the
441 794 139 43 specific
603 794 172 42 language
798 793 39 34 of
856 793 60 34 the
938 797 140 30 statute.
1102 792 74 34 The
1199 797 129 29 statute

117 844 130 35 defines
259 844 160 34 “marital
430 844 184 43 property”
625 854 38 24 as
674 843 45 34 all
730 848 160 38 property
900 842 165 44 acquired
1075 842 209 44 subsequent
1293 847 35 28 to

118 895 59 33 the
190 894 183 43 marriage,
386 894 82 34 with
480 893 66 35 five
557 893 139 44 specific
708 893 206 43 exceptions.
928 892 85 35 Ark.
1027 892 89 34 Stat.
1130 893 91 33 Ann.
1237 892 17 42 §
1270 892 58 33 34-­

123 944 89 34 1214
236 944 60 42 (B)
322 944 122 43 (Supp.
472 943 117 42 1985).
612 943 58 34 All
692 942 66 34 five
778 942 125 35 classes
925 942 39 34 of
983 942 165 43 excepted
1170 946 160 39 property

120 993 112 43 might
252 994 42 34 be
314 992 162 44 acquired
496 993 120 34 before
635 1003 20 24 a
675 992 182 42 marriage,
878 992 62 34 but
959 992 80 42 only
1058 991 195 35 subsection
1275 990 53 43 (5)

120 1044 170 33 mentions
313 1054 44 23 an
379 1043 154 34 increase
555 1043 34 33 in
610 1042 111 34 value:
745 1041 78 43 “(5)
846 1042 75 34 The
942 1042 155 33 increase
1118 1040 34 35 in
1173 1041 101 34 value
1294 1040 40 34 of

120 1098 162 38 property
305 1092 163 44 acquired
491 1093 92 42 prior
606 1097 35 29 to
664 1092 59 34 the
746 1091 205 43 marriage.”
975 1091 75 34 The
1072 1091 202 43 homeplace
1296 1090 34 34 in

120 1143 159 43 question
291 1153 69 24 was
373 1147 58 29 not
443 1152 37 24 so
492 1141 175 45 acquired.
682 1142 65 33 We
757 1141 44 34 do
813 1146 59 30 not
884 1152 61 33 say
956 1141 77 34 that
1045 1140 170 35 increases
1227 1140 34 34 in
1273 1140 59 34 the

120 1193 102 34 value
235 1193 39 34 of
285 1197 160 39 property
459 1192 34 34 in
506 1193 60 34 the
579 1192 99 34 other
691 1191 126 34 classes
831 1202 59 24 are
904 1190 206 44 necessarily
1124 1190 160 35 included
1298 1190 34 34 in

121 1242 60 35 the
206 1242 177 35 definition
408 1242 39 34 of
469 1242 139 35 marital
633 1246 171 39 property,
830 1242 62 34 but
917 1241 76 34 that
1018 1240 27 35 is
1071 1251 20 23 a
1116 1240 157 44 question
1297 1239 39 35 of

122 1297 172 39 statutory
310 1292 261 44 interpretation
586 1292 77 34 that
678 1291 110 43 might
802 1302 83 33 vary
899 1291 83 34 with
997 1290 60 35 the
1071 1290 72 35 fact
1158 1290 174 35 situation.

214 1379 57 34 On
290 1379 59 34 the
368 1378 73 34 first
460 1378 124 43 appeal
603 1389 52 23 we
674 1376 144 36 allowed
837 1388 65 24 one
920 1376 39 35 of
976 1377 59 34 the
1054 1376 159 44 disputed
1233 1376 100 35 items

123 1428 149 35 claimed
282 1429 44 43 by
336 1429 126 40 Potter,
472 1428 62 35 but
544 1427 199 35 disallowed
752 1433 67 29 two
828 1427 125 35 others.
964 1427 75 34 The
1047 1427 116 34 actual
1173 1426 116 35 award
1298 1425 39 35 of

124 1479 185 40 $9,656.08
321 1490 69 23 was
400 1478 172 44 evidently
581 1477 150 36 selected
741 1489 37 23 as
788 1477 59 36 the
856 1478 75 34 best
940 1477 120 35 choice
1069 1488 126 32 among
1205 1476 129 35 several

124 1529 230 43 possibilities.
369 1529 39 34 In
422 1528 145 35 fairness
580 1539 51 23 we
644 1527 123 35 should
780 1533 59 29 not
852 1527 195 35 reconsider
1059 1527 80 44 only
1151 1538 65 23 one
1228 1526 39 35 of
1277 1527 59 34 the

124 1578 101 34 items
244 1579 144 33 without
406 1578 186 42 reopening
610 1578 60 33 the
687 1577 110 34 whole
814 1577 91 34 issue
922 1576 69 35 and
1009 1576 150 44 possibly
1176 1576 159 42 deciding

124 1627 76 33 that
221 1638 84 23 even
326 1628 58 33 the
403 1627 189 34 allowance
611 1626 40 34 of
668 1626 185 40 $9,656.08
875 1637 69 22 was
964 1631 58 28 too
1041 1625 132 34 liberal.

309 1710 146 41 Second,
465 1711 60 34 the
533 1711 157 34 doctrine
699 1710 40 34 of
745 1709 59 35 the
813 1710 65 34 law
887 1709 40 35 of
933 1710 59 34 the
1001 1720 80 23 case
1090 1710 151 43 requires
1251 1720 40 23 us
1300 1714 36 29 to

125 1761 129 35 adhere
268 1767 35 29 to
318 1772 62 23 our
393 1760 152 35 decision
559 1771 44 24 on
618 1760 60 35 the
691 1760 74 34 first
780 1760 122 44 appeal
917 1770 83 24 even
1015 1759 132 43 though
1161 1770 51 23 we
1225 1759 111 43 might

124 1811 101 35 think
239 1812 26 34 it
280 1817 35 29 to
330 1811 86 34 have
430 1811 87 34 been
532 1821 128 33 wrong.
675 1810 75 34 The
764 1810 202 35 annotation
981 1809 91 35 cited
1087 1809 34 34 in
1135 1810 59 34 the
1208 1809 129 34 dissent

126 1866 107 29 states
244 1861 34 34 in
290 1861 18 42 §
321 1862 20 33 4
352 1861 75 34 that
437 1871 96 24 some
542 1866 115 29 courts
668 1860 115 34 follow
793 1860 92 34 what
895 1860 27 34 is
933 1859 197 35 sometimes
1141 1859 151 34 referred
1301 1864 36 29 to

127 1921 38 23 as
189 1910 60 35 the
273 1911 115 42 “right
412 1921 38 23 or
473 1910 140 43 wrong”
640 1910 84 40 rule,
749 1909 45 43 by
818 1910 111 34 which
954 1909 59 34 the
1037 1909 74 34 first
1135 1909 150 34 decision
1310 1908 28 34 is

126 1960 202 35 considered
338 1965 35 29 to
383 1960 42 34 be
434 1959 143 44 binding
587 1959 153 35 whether
750 1959 26 34 it
785 1970 69 24 was
865 1959 91 43 right
965 1969 38 24 or
1012 1968 128 33 wrong.
1152 1959 42 34 87
1205 1958 131 34 A.L.R.­

128 2010 45 34 2d
190 2011 79 40 271,
286 2011 78 33 285.
380 2010 74 34 The
468 2015 184 29 annotator
668 2009 82 34 then
765 2008 84 35 cites
864 2019 96 24 cases
976 2008 90 34 from
1082 2009 43 33 27
1142 2013 105 30 states
1262 2008 76 34 that

128 2059 115 36 follow
255 2060 76 35 that
342 2060 83 34 rule.
438 2060 74 34 Not
523 2060 80 43 only
615 2059 28 35 is
654 2059 178 35 Arkansas
844 2058 160 35 included
1016 2058 35 34 in
1062 2057 76 36 that
1149 2068 120 34 group;
1280 2057 60 35 the

128 2116 185 29 annotator
330 2110 83 35 cites
434 2111 38 33 13
491 2110 39 35 of
543 2121 62 24 our
622 2120 107 24 cases.
746 2109 114 35 Those
874 2120 96 24 cases
987 2119 90 24 were
1093 2108 148 35 selected
1257 2108 82 34 with

128 2171 92 31 care,
236 2161 53 35 for
304 2172 99 32 every
417 2171 65 24 one
496 2160 39 35 of
547 2161 96 34 them
657 2165 107 30 states
779 2159 34 35 in
828 2160 103 35 effect
945 2159 77 35 that
1036 2170 51 23 we
1102 2169 59 24 are
1174 2158 116 35 bound
1304 2163 36 29 to

129 2211 115 35 follow
267 2212 60 34 the
348 2211 73 34 first
443 2210 139 44 opinion
605 2221 84 24 even
711 2210 132 42 though
865 2221 51 23 we
938 2209 112 43 might
1071 2209 100 35 think
1192 2209 27 34 it
1241 2214 35 29 to
1298 2208 43 34 be

129 2261 180 34 incorrect.
322 2262 39 33 In
372 2260 82 41 fact,
466 2260 78 35 four
554 2260 39 35 of
600 2261 60 34 the
670 2260 149 35 thirteen
829 2271 61 23 use
900 2260 59 34 the
969 2264 100 29 exact
1079 2258 135 44 phrase,
1226 2258 114 43 “right

129 2321 38 23 or
180 2311 152 42 wrong.”
345 2310 173 35 National
529 2311 130 41 Surety
673 2310 60 33 Co.
748 2320 30 23 v.
793 2310 105 42 Long,
914 2310 42 33 85
971 2309 85 33 Ark.
1075 2309 156 40 158, 107
1246 2308 93 34 S.W.

131 2360 68 33 384
211 2359 139 43 (1908);
360 2359 124 34 Miller
493 2359 143 34 Lbr.Co.
647 2370 31 22 v.
689 2357 123 43 Floyd,
827 2359 64 33 169
901 2358 85 34 Ark.
998 2358 157 39 473, 275
1167 2357 94 34 S.W.
1273 2357 64 33 741

132 2408 139 42 (1925),
287 2408 84 34 aff'd
386 2409 65 32 273
468 2408 83 34 U.S.
567 2409 68 33 672
652 2406 138 43 (1927);
803 2407 184 34 Arkansas
1000 2408 140 41 Baptist
1155 2405 143 43 College
1309 2416 31 22 v.
