1639 2700
1257 274 40 33 71

192 898 98 43 Tapp
310 899 81 32 Law
412 896 117 44 Office,
551 896 55 43 by:
627 898 32 33 J.
680 896 77 43 Sky
780 898 108 41 Tapp,
909 895 54 34 for
983 896 186 43 appellant.

188 976 134 39 Hobbs,
346 977 209 42 Longinotti,
578 976 137 33 Bosson
739 977 30 32 &
793 976 209 38 Naramore,
1025 975 55 43 by:
1103 974 143 34 Ronald
1267 974 38 34 G.

96 1027 211 39 Naramore,
329 1025 52 34 for
402 1025 165 43 appellee.

190 1105 180 34 Darrell
388 1105 198 39 Hickman,
605 1104 141 34 Justice.

765 1103 83 34 This
866 1103 124 43 appeal
1008 1103 27 34 is
1054 1102 180 35 dismissed
1252 1102 56 34 be-

98 1164 105 24 cause
223 1153 98 35 there
340 1164 69 24 was
430 1164 43 24 no
493 1153 83 34 final
593 1153 185 43 judgment
797 1164 38 23 or
854 1152 100 35 order
975 1152 151 35 entered.

192 1233 124 34 Bonita
332 1233 128 34 Fowler
473 1232 85 34 sued
571 1232 72 43 Sky
655 1234 110 42 Tapp,
779 1232 76 34 who
869 1237 36 29 at
917 1242 66 24 one
995 1232 85 34 time
1093 1230 218 45 represented

100 1283 72 40 her,
197 1282 164 43 claiming
386 1283 76 34 that
486 1283 99 43 Tapp
609 1282 206 43 wrongfully
839 1281 164 35 withheld
1028 1292 124 33 money
1177 1281 90 34 from
1291 1291 20 24 a

100 1337 163 39 property
273 1333 196 34 settlement
481 1332 34 34 in
528 1332 61 34 her
600 1331 137 35 divorce
748 1342 88 24 case.
850 1331 70 35 She
931 1331 106 35 asked
1049 1331 55 35 for
1115 1331 58 34 the
1185 1331 126 41 $1,000

100 1382 34 34 in
148 1382 138 43 dispute
300 1382 68 35 and
383 1382 152 44 punitive
549 1381 176 44 damages.
740 1383 99 42 Tapp
852 1381 81 34 filed
947 1392 20 23 a
982 1381 130 35 motion
1126 1386 36 30 to
1176 1380 135 35 dismiss

100 1432 69 35 and
183 1443 20 24 a
217 1432 131 35 motion
361 1432 53 35 for
426 1443 178 32 summary
613 1431 195 44 judgment.
822 1432 74 34 The
908 1431 80 35 trial
997 1431 108 44 judge
1117 1430 123 36 denied
1254 1430 58 35 the

101 1482 149 34 motions
262 1493 44 24 on
320 1482 125 35 March
459 1483 171 40 26,1985.
644 1483 99 43 Tapp
754 1481 59 35 did
825 1487 59 29 not
896 1481 57 34 file
965 1492 44 23 an
1022 1492 132 24 answer
1165 1492 38 23 or
1214 1481 98 34 other

101 1532 173 44 pleading.
287 1533 38 34 In
336 1533 88 34 June
435 1532 130 34 Fowler
574 1532 107 34 asked
691 1532 53 34 for
754 1543 20 23 a
784 1531 134 35 default
923 1530 196 44 judgment,
1129 1531 69 34 and
1208 1531 26 34 it
1243 1541 69 24 was

101 1581 147 44 granted
259 1582 53 34 for
323 1582 59 34 the
393 1583 19 36 $
420 1582 110 40 1,000.
542 1581 75 34 The
627 1582 105 34 claim
742 1581 53 34 for
806 1581 152 43 punitive
968 1580 166 43 damages
1145 1591 69 23 was
1225 1585 35 29 to
1271 1580 42 34 be

101 1631 216 34 determined
338 1636 36 29 at
394 1642 19 23 a
434 1631 87 34 later
542 1631 217 42 proceeding.

334 1709 89 34 Rule
433 1710 20 33 2
463 1708 40 35 of
509 1708 59 34 the
577 1709 179 34 Arkansas
767 1708 106 34 Rules
882 1707 40 34 of
927 1708 186 43 Appellate
1122 1706 193 35 Procedure

101 1758 158 45 provides
275 1759 76 35 that
367 1770 44 23 an
427 1758 124 44 appeal
567 1769 80 33 may
663 1759 44 34 be
721 1758 104 35 taken
841 1757 91 35 from
947 1768 20 24 a
983 1757 83 35 final
1078 1757 184 44 judgment
1276 1767 38 24 or

101 1809 134 35 decree.
254 1810 51 34 To
323 1809 43 35 be
384 1809 93 41 final,
498 1820 20 23 a
533 1808 185 44 judgment
737 1813 92 30 must
846 1808 137 34 dismiss
1001 1808 60 35 the
1078 1807 128 45 parties
1225 1807 90 34 from

102 1864 110 36 court,
225 1858 181 44 discharge
417 1859 96 35 them
524 1858 91 35 from
626 1859 60 34 the
697 1859 125 40 action,
834 1869 38 24 or
882 1858 168 35 conclude
1061 1858 89 35 their
1161 1857 107 44 rights
1280 1862 35 29 to

103 1910 60 33 the
178 1909 135 43 subject
328 1914 126 29 matter
470 1909 34 34 in
520 1913 229 39 controversy.
766 1910 113 41 Hyatt
892 1919 31 23 v.
942 1908 79 42 City
1036 1907 46 44 of
1089 1906 226 41 Bentonville,

104 1960 67 33 275
185 1959 86 34 Ark.
286 1960 78 39 210,
378 1959 66 34 628
458 1957 144 35 S.W.2d
616 1959 66 33 326
698 1957 137 43 (1982);
848 1957 213 35 McConnell
1071 1969 30 22 v.
1113 1956 121 41 Sadle,
1249 1957 65 33 248

103 2008 87 34 Ark.
207 2009 179 40 1182,
399 2008 94 34 455
507 2007 45 34 S.W.2d
565 2008 67 33 880
646 2007 139 43 (1970);
795 2009 121 41 Piercy
926 2018 31 22 v.
969 2006 170 41 Baldwin,
1152 2007 66 33 205
1230 2006 85 34 Ark.

105 2059 80 39 413,
211 2059 63 34 168
296 2057 143 35 S.W.2d
464 2058 88 34 1110
574 2056 138 44 (1943).

291 2139 39 33 In
351 2139 137 33 Fratesi
507 2148 31 23 v.
560 2137 111 41 Bond,
695 2138 67 33 282
784 2137 84 34 Ark.
892 2137 79 40 213,
994 2137 68 34 666
1084 2135 143 35 S.W.2d
1249 2136 68 33 712

107 2187 140 44 (1984),
257 2200 20 23 a
288 2192 116 31 recent
413 2198 79 24 case
501 2187 34 35 in
545 2187 112 35 which
667 2188 60 34 the
735 2187 79 35 trial
823 2192 99 30 court
931 2186 181 35 dismissed
1122 2197 20 24 a
1152 2186 103 35 claim
1264 2185 53 35 for

106 2238 154 43 punitive
287 2238 165 42 damages
480 2237 62 34 but
570 2236 159 36 deferred
757 2237 59 34 the
843 2237 104 34 claim
975 2236 53 35 for
1056 2240 263 40 compensatory

106 2287 178 42 damages,
305 2298 51 23 we
376 2287 84 34 said:

233 2365 34 34 If
282 2365 67 34 this
368 2364 123 44 appeal
508 2375 89 23 were
614 2364 145 35 allowed
777 2364 68 34 and
862 2374 52 23 we
930 2363 145 34 decided
1092 2363 59 34 the
1169 2363 90 34 issue
1275 2373 44 23 on

232 2414 154 43 punitive
400 2413 165 43 damages
581 2413 69 34 and
665 2413 210 43 subsequent
891 2423 110 23 errors
1016 2411 165 35 occurred
1196 2411 124 43 during
