1673 2706
1298 271 66 33 275

254 992 153 36 William
420 994 42 33 R.
478 993 178 44 Simpson,
672 995 62 37 Jr.,
750 993 121 35 Public
885 992 187 42 Defender,
1086 994 102 42 Jerry
1200 993 169 44 Sailings,

158 1042 141 43 Deputy
327 1042 120 35 Public
473 1042 188 41 Defender,
690 1043 55 43 by:
772 1042 164 35 Deborah
963 1044 43 33 R.
1034 1042 169 45 Sailings,
1232 1043 139 44 Deputy

158 1092 122 34 Public
300 1091 185 41 Defender,
507 1092 54 34 for
581 1092 187 44 appellant.

249 1177 105 34 Steve
377 1176 120 41 Clark,
520 1177 99 43 Att’y
641 1177 102 41 Gen.,
765 1176 56 44 by:
846 1178 132 34 Connie
1001 1176 133 45 Griffin,
1156 1178 94 34 Asst.
1273 1178 98 43 Att’y

159 1226 101 41 Gen.,
282 1225 53 35 for
355 1226 164 44 appellee.

250 1310 140 35 Steele
418 1312 115 40 Hays,
562 1311 142 35 Justice.

733 1311 125 44 Phillip
885 1313 121 33 Vance
1033 1322 69 25 was
1130 1311 178 36 convicted
1335 1312 40 35 of

159 1361 212 43 aggravated
385 1361 146 44 robbery
544 1361 70 35 and
627 1361 91 35 theft
730 1361 40 36 of
780 1367 161 39 property
954 1361 35 35 in
1002 1362 203 36 connection
1218 1362 82 35 with
1313 1362 60 35 the

159 1411 156 43 January
329 1412 152 40 18,1985
492 1412 149 43 robbery
650 1411 40 35 of
696 1423 20 24 a
727 1411 105 35 Little
842 1412 99 35 Rock
950 1412 131 37 branch
1092 1412 103 35 bank.
1206 1413 56 34 On
1271 1413 100 43 April

163 1462 133 40 1,1985
309 1461 59 35 the
379 1461 122 35 circuit
512 1466 100 30 court
624 1462 104 34 noted
739 1461 76 36 that
827 1462 59 35 the
896 1461 143 36 defense
1050 1461 39 37 of
1097 1463 131 34 mental
1239 1462 133 35 disease

159 1521 39 24 or
208 1511 116 35 defect
336 1511 109 44 might
456 1511 44 35 be
511 1511 114 36 raised
636 1512 69 34 and
716 1511 144 36 ordered
872 1512 76 35 that
959 1512 120 35 Vance
1090 1512 43 35 be
1144 1512 181 35 examined
1336 1518 36 30 at

159 1561 60 34 the
233 1561 139 35 Pulaski
388 1562 139 43 County
537 1561 64 44 jail
617 1561 45 44 by
677 1573 20 23 a
712 1562 220 44 psychiatrist
946 1562 83 35 then
1043 1561 110 36 under
1167 1567 156 31 contract
1337 1568 36 29 to

159 1610 141 45 provide
318 1611 209 44 psychiatric
545 1611 146 35 services
710 1617 36 30 at
765 1612 59 34 the
838 1612 74 43 jail.
931 1612 75 35 The
1024 1611 100 36 order
1142 1612 153 36 directed
1313 1613 59 34 the

160 1661 198 43 examining
380 1661 222 44 psychiatrist
624 1666 36 30 to
682 1661 111 44 notify
814 1662 60 34 the
896 1667 99 30 court
1017 1662 38 35 of
1074 1662 60 35 the
1155 1662 217 35 defendant’s

159 1711 119 35 fitness
298 1716 35 29 to
353 1711 146 44 proceed
519 1712 69 34 and
608 1711 60 35 the
687 1711 249 45 requirements
956 1712 39 34 of
1011 1712 135 35 further
1165 1712 208 44 psychiatric

160 1761 235 35 examination
415 1760 30 36 if
462 1772 192 33 necessary.

252 1847 57 34 On
320 1847 99 43 April
432 1847 19 34 6
463 1846 60 35 the
534 1847 222 44 psychiatrist
767 1847 190 44 responded
969 1858 44 24 on
1024 1859 21 23 a
1056 1847 91 35 form
1158 1848 128 43 stating
1297 1848 77 35 that

161 1896 43 34 he
232 1895 69 36 had
329 1896 192 35 conducted
549 1908 21 23 a
598 1897 254 43 psychological
880 1902 226 39 competency
1133 1897 178 43 screening
1337 1898 40 34 of

160 1946 126 43 Phillip
296 1946 118 35 Vance
422 1952 35 29 to
466 1946 193 35 determine
667 1952 236 38 competency,
912 1947 84 34 with
1005 1947 59 35 the
1073 1946 174 44 following
1256 1947 115 35 result:

287 2030 20 13 “
354 2031 34 33 X
446 2035 60 30 not
519 2031 83 34 with
616 2030 175 44 psychosis
805 2031 68 34 and
886 2036 198 39 competent
1097 2036 36 30 to
1145 2030 102 36 stand
1260 2031 113 35 trial.”

252 2116 49 32 At
319 2125 21 23 a
359 2114 86 35 later
463 2114 144 44 hearing
626 2115 59 34 the
703 2114 117 45 public
837 2114 166 36 defender
1021 2115 106 35 asked
1146 2115 59 35 the
1222 2120 98 30 court
1338 2120 36 30 to

161 2164 101 34 order
274 2174 45 23 an
331 2163 190 36 additional
534 2164 196 35 evaluation
742 2165 35 34 in
788 2164 84 34 view
884 2164 39 35 of
932 2164 224 35 information
1168 2165 76 34 that
1256 2165 119 34 Vance

161 2213 70 34 had
246 2214 87 34 been
347 2213 205 44 discharged
566 2214 92 34 from
672 2214 60 35 the
745 2214 103 44 Navy
862 2213 82 36 with
959 2214 131 35 mental
1104 2214 185 43 disability,
1304 2214 70 35 had

162 2263 86 35 been
259 2263 226 44 hospitalized
495 2263 35 35 in
540 2264 72 34 San
624 2264 193 40 Francisco,
828 2263 53 35 for
891 2264 131 36 mental
1032 2263 183 45 problems,
1226 2263 68 35 had
1304 2264 70 34 had

162 2324 45 23 an
217 2313 114 44 injury
340 2313 38 34 of
384 2324 95 24 some
487 2313 83 35 kind
580 2319 35 30 to
624 2313 53 35 his
686 2313 90 35 head
785 2314 175 43 requiring
969 2324 153 33 surgery,
1132 2313 68 35 and
1209 2313 70 36 had
1287 2313 88 35 been

162 2362 206 44 discharged
388 2363 91 35 from
499 2363 59 35 the
577 2363 179 35 Arkansas
777 2363 100 35 State
897 2363 162 44 Hospital
1079 2374 44 23 on
1143 2364 155 43 January
1322 2365 52 39 17,

166 2413 100 40 1985,
278 2412 59 35 the
347 2412 67 44 day
425 2412 118 35 before
553 2413 59 35 the
622 2413 148 44 robbery
780 2413 90 34 from
880 2413 113 35 which
1004 2413 97 36 these
1110 2413 144 43 charges
1265 2424 108 23 arose.
