1656 2696
262 398 87 44 ship,
369 398 97 35 other
485 399 85 34 than
589 399 265 44 guardianships
874 399 44 35 ad
937 400 98 34 litem
1054 400 35 34 in
1107 400 98 34 other
1224 405 125 36 courts,

262 448 88 34 shall
371 448 42 34 be
433 448 181 41 exclusive,
635 449 135 43 subject
790 454 35 30 to
845 449 59 34 the
923 449 93 43 right
1035 449 40 35 of
1092 450 133 43 appeal.

1282 260 66 33 329

354 621 28 24 c.
421 611 103 34 NOT
561 611 63 34 TO
664 611 244 34 CONFLICT
946 612 131 34 WITH
1115 612 237 34 JUVENILE

264 660 176 35 COURT.
461 660 75 35 The
555 661 189 43 provisions
764 661 39 34 of
818 661 68 34 this
906 661 99 35 Code
1024 661 88 35 shall
1131 667 60 29 not
1210 662 43 34 be
1272 672 79 24 con-

264 709 117 35 strued
394 715 35 29 to
442 710 106 35 affect
561 710 59 35 the
628 710 219 44 jurisdiction
860 722 38 23 or
911 711 176 44 authority
1100 722 76 24 now
1187 711 117 35 vested
1317 712 35 34 in

264 760 156 34 Juvenile
439 760 127 35 Courts
586 765 122 39 except
727 761 34 34 in
780 761 59 34 the
857 766 128 30 matter
1004 761 40 34 of
1059 762 239 43 appointment
1316 761 40 35 of

264 809 197 43 guardians.

371 891 153 44 Subpart
541 902 31 24 a.
589 891 40 35 of
641 891 69 35 this
726 897 129 29 statute
870 892 157 44 provides
1043 892 77 35 that
1136 893 59 34 the
1210 893 144 44 probate

140 946 116 29 courts
274 941 87 34 have
377 941 170 35 exclusive
560 941 219 44 jurisdiction
796 953 79 24 over
892 942 46 35 all
955 948 144 29 matters
1116 942 39 35 of
1169 943 183 43 guardian­

140 991 88 43 ship,
241 996 121 39 except
374 991 265 44 guardianships
651 991 45 35 ad
708 992 97 34 litem
817 992 33 34 in
862 992 99 35 other
972 998 126 29 courts.
1112 993 152 44 Subpart
1275 1004 29 24 c.
1317 993 40 35 of

140 1040 60 35 the
215 1046 130 29 statute
360 1041 153 44 explains
529 1041 77 35 that
620 1042 60 34 the
690 1041 219 44 jurisdiction
924 1042 69 35 and
1009 1043 175 44 authority
1199 1043 111 34 which
1325 1043 28 35 is

139 1090 119 35 vested
270 1090 34 35 in
316 1091 58 34 the
381 1091 151 43 juvenile
543 1096 116 30 courts
670 1092 28 34 is
710 1097 59 29 not
780 1097 35 29 to
826 1092 43 34 be
880 1092 150 35 affected
1042 1093 45 43 by
1097 1093 60 34 the
1167 1093 187 44 provisions

140 1140 40 34 of
199 1140 59 35 the
279 1141 143 43 probate
443 1141 86 35 code
551 1141 145 45 “except
717 1142 34 34 in
773 1142 59 34 the
853 1147 127 30 matter
1001 1142 40 35 of
1059 1143 238 44 appointment
1318 1143 39 35 of

140 1190 223 43 guardians.”
377 1191 105 41 Thus,
495 1191 60 35 the
567 1192 145 43 probate
723 1197 99 30 court
834 1192 69 35 had
912 1192 219 44 jurisdiction
1143 1198 36 30 to
1191 1193 83 35 hear
1286 1193 67 35 this

141 1241 145 43 petition
305 1241 53 34 for
375 1241 258 45 guardianship.
651 1242 69 35 See
736 1242 135 35 Robins
886 1254 31 23 v.
935 1243 185 35 Arkansas
1135 1243 123 36 Social
1273 1244 82 34 Ser­

141 1293 103 38 vices,
258 1292 66 33 273
339 1292 84 34 Ark.
438 1293 79 40 241,
532 1293 67 33 617
614 1292 143 34 S.W.2d
771 1293 66 34 857
853 1292 139 43 (1981);
1005 1293 69 34 and
1088 1293 98 35 Cude
1197 1305 31 23 v.
1240 1294 113 41 State,

142 1342 67 32 237
231 1341 85 34 Ark.
339 1342 78 40 927,
440 1343 65 33 377
527 1342 145 34 S.W.2d
694 1343 66 33 816
783 1342 137 43 (1964).

234 1423 39 33 In
285 1422 134 35 Robins
429 1434 30 23 v.
471 1423 186 34 Arkansas
667 1423 124 35 Social
800 1424 167 39 Services,
980 1435 120 33 supra,
1112 1435 52 24 we
1174 1425 181 43 explained

141 1472 60 34 the
214 1472 219 43 jurisdiction
449 1472 40 35 of
502 1473 60 34 the
577 1473 138 35 various
732 1478 114 30 courts
864 1474 156 34 involved
1036 1474 84 35 with
1132 1474 168 44 juveniles
1317 1486 38 23 as

142 1521 143 36 follows:

267 1604 40 33 In
330 1604 178 34 Arkansas
532 1604 59 35 the
615 1605 152 34 General
790 1605 186 44 Assembly
999 1605 81 35 does
1104 1612 60 28 not
1187 1606 86 35 have
1296 1607 60 34 the

266 1663 114 33 power
403 1658 35 29 to
460 1658 117 29 create
599 1659 126 29 courts.
749 1654 133 34 Article
905 1656 32 39 7,
963 1655 17 42 §
1009 1657 28 38 1,
1062 1655 234 35 Constitution
1319 1656 39 34 of

266 1702 189 41 Arkansas,
483 1704 133 33 Jansen
642 1714 31 23 v.
701 1703 239 41 Blissenbach,
969 1705 69 33 214
1065 1705 84 33 Ark.
1179 1706 78 39 755,
1287 1706 66 33 217

267 1751 143 35 S.W.2d
424 1753 66 33 849
506 1752 139 43 (1949).
659 1752 104 35 After
775 1753 58 34 the
845 1753 179 34 Arkansas
1038 1754 235 34 Constitution
1284 1765 70 23 was

267 1800 150 45 adopted
445 1801 97 35 there
570 1813 70 24 was
669 1813 20 24 a
718 1802 208 35 nationwide
954 1809 196 29 movement
1177 1809 36 29 to
1240 1809 116 30 create

263 1851 152 43 juvenile
436 1857 126 30 courts.
585 1852 76 35 The
683 1852 74 35 first
774 1853 152 44 juvenile
947 1859 99 29 court
1068 1865 70 24 was
1160 1854 139 35 created
1320 1854 35 35 in

268 1901 129 36 Illinois
407 1902 34 34 in
455 1903 99 34 1899.
565 1903 137 35 Twelve
711 1914 98 33 years
819 1904 98 41 later,
927 1904 45 44 by
981 1905 70 34 Act
1061 1905 67 34 215
1138 1904 40 35 of
1188 1906 99 40 1911,
1297 1905 59 34 the

267 1952 178 35 Arkansas
455 1952 152 35 General
617 1953 186 44 Assembly
813 1954 210 34 established
1033 1954 59 35 the
1097 1954 152 43 juvenile
1258 1960 98 30 court

267 2012 38 23 as
316 2012 20 24 a
347 2007 155 37 segment
511 2002 40 34 of
558 2002 59 35 the
627 2008 128 38 county
764 2008 108 30 court.
883 2004 92 34 That
985 2009 58 29 act
1052 2015 70 23 was
1132 2004 111 34 tested
1252 2004 35 34 in
1297 2005 59 34 the

267 2061 80 24 case
357 2051 39 34 of
402 2053 57 33 Ex
465 2058 105 37 parte
579 2053 103 42 King,
698 2053 59 33 141
773 2053 85 34 Ark.
871 2054 158 39 213, 217
1042 2053 94 34 S.W.
1148 2053 205 43 465 (1919)

268 2100 68 35 and
350 2101 67 34 this
430 2106 99 30 court
541 2112 82 33 very
635 2101 169 45 carefully
817 2102 140 44 pointed
970 2108 61 29 out
1044 2103 76 34 that
1133 2103 59 35 the
1205 2103 151 35 General

267 2151 185 44 Assembly
464 2151 69 35 had
545 2156 60 30 not
617 2151 140 35 created
769 2163 20 24 a
801 2163 74 24 new
887 2158 109 36 court,
1009 2152 63 35 but
1084 2153 202 35 authorized
1297 2153 60 35 the

267 2206 128 39 county
415 2206 110 37 court,
547 2212 20 24 a
589 2202 194 44 previously
804 2202 146 44 existing
972 2203 69 34 and
1062 2203 295 45 constitutionally

267 2251 139 35 created
420 2256 109 37 court,
543 2257 36 30 to
593 2252 150 35 exercise
756 2252 59 35 the
828 2253 128 44 special
970 2253 134 44 subject
1117 2259 127 29 matter
1253 2254 102 43 juris­

267 2301 130 35 diction
409 2307 51 29 set
472 2301 93 35 forth
578 2302 34 34 in
624 2302 60 35 the
696 2307 139 30 statute.
848 2303 83 34 This
944 2303 128 44 special
1084 2304 134 42 subject
1230 2309 127 29 matter

264 2351 218 42 jurisdiction
499 2362 70 24 was
587 2352 179 34 bottomed
783 2352 106 43 solely
905 2363 44 23 on
966 2353 59 33 the
1042 2353 91 34 basis
1150 2353 40 34 of
1203 2364 21 23 a
1241 2353 117 43 public

267 2400 249 43 guardianship
529 2411 80 24 over
622 2401 130 34 infants
765 2412 38 23 as
816 2412 20 23 a
850 2401 99 34 class.
964 2402 75 33 The
1050 2402 140 43 opinion
1203 2402 154 43 explains
