1643 2699
306 287 46 32 44

397 427 40 34 In
457 427 99 40 1970,
573 427 60 35 Dr.
651 426 119 44 Mings
786 426 69 36 and
871 427 115 35 others
1002 426 124 45 fought
1142 427 58 35 the
1215 427 163 44 rezoning
1394 427 125 44 sought

306 477 69 34 and
385 475 163 37 obtained
559 477 45 43 by
613 477 60 35 the
683 477 149 44 hospital
842 482 36 29 to
888 476 96 36 build
994 477 44 34 its
1048 477 133 44 facility
1193 488 43 24 on
1247 488 20 23 a
1277 477 96 43 large
1382 482 91 30 tract
1483 477 38 35 of

306 527 81 34 land
401 538 83 23 near
497 528 60 33 Dr.
573 527 131 43 Mings’
718 527 186 34 residence.
920 528 39 33 In
972 527 203 35 connection
1189 527 82 35 with
1285 538 233 33 appearances

306 576 118 35 before
449 576 59 34 the
532 576 70 43 city
627 576 165 44 planning
817 576 232 41 commission,
1076 577 60 33 Dr.
1164 577 119 42 Mings
1309 577 68 34 and
1402 577 115 34 others

306 625 126 43 agreed
444 631 35 29 to
490 625 180 35 withdraw
681 625 89 35 their
782 626 193 44 opposition
987 631 35 28 to
1034 626 59 34 the
1103 625 178 44 hospital’s
1293 631 138 38 request
1442 626 76 34 that

305 675 43 34 its
362 680 90 30 tract
465 675 43 35 be
521 675 147 35 rezoned
681 676 63 33 T-l
764 674 249 44 (transitional)
1029 675 91 35 from
1134 676 70 33 R-2
1220 675 243 43 (residential).
1478 676 39 34 In

305 725 177 43 exchange
492 725 54 34 for
556 725 60 34 Dr.
630 724 119 44 Mings
760 724 68 35 and
839 725 115 35 others
965 724 169 45 dropping
1144 725 90 35 their
1244 726 203 43 opposition,
1459 726 59 34 the

305 774 149 45 hospital
478 774 126 44 agreed
628 775 26 35 it
677 775 113 34 would
813 774 170 36 maintain
1007 786 20 23 a
1050 775 114 35 buffer
1188 786 86 24 zone
1296 775 155 35 between
1475 775 43 35 its

305 824 134 44 facility
450 825 69 34 and
531 824 59 35 the
601 830 162 39 property
774 825 40 34 of
822 825 61 34 Dr.
898 825 119 43 Mings
1030 825 68 34 and
1110 825 126 35 others.
1249 825 75 34 The
1335 825 135 44 portion
1481 825 40 35 of

304 874 59 34 the
377 875 177 43 hospital’s
569 874 81 35 land
665 885 44 24 on
723 874 112 35 which
850 875 43 33 its
907 874 135 44 facility
1055 885 70 24 was
1139 880 36 29 to
1190 875 42 34 be
1246 874 88 35 built
1347 875 113 34 would
1475 875 42 34 be

305 923 147 34 rezoned
465 924 79 39 T-l,
559 923 62 34 but
634 924 59 34 the
706 924 193 42 remaining
913 929 78 38 part
1004 924 39 33 of
1053 924 59 34 the
1125 924 82 34 land
1220 924 225 42 constituting
1459 925 59 33 the

305 972 113 34 buffer
434 983 85 23 zone
534 972 113 34 would
663 973 132 33 remain
812 972 108 34 zoned
937 974 81 32 R-2.
1036 974 71 32 R-2
1123 973 125 42 zoning
1264 973 113 34 would
1392 974 126 41 permit

304 1021 198 34 residential
515 1021 176 43 dwellings
704 1021 69 34 and
785 1021 164 43 duplexes
962 1021 68 34 and
1043 1022 59 34 the
1114 1026 70 29 sort
1196 1021 40 35 of
1245 1022 146 43 parking
1403 1021 48 35 lot
1463 1022 54 34 for

305 1070 80 35 nine
395 1080 76 24 cars
483 1070 112 35 which
607 1071 62 34 has
681 1070 87 35 been
779 1071 187 43 developed
977 1081 44 24 on
1033 1071 59 34 the
1103 1070 114 35 buffer
1228 1081 86 24 zone
1325 1071 69 35 and
1405 1071 111 35 which

304 1120 28 34 is
352 1120 59 35 the
431 1120 134 44 subject
584 1120 40 35 of
640 1120 68 35 this
729 1131 89 24 case.

395 1249 39 34 In
451 1251 99 39 1982,
563 1250 60 34 the
635 1250 148 43 hospital
795 1255 90 29 went
898 1250 90 35 back
999 1255 35 30 to
1047 1251 59 34 the
1118 1250 165 44 planning
1295 1251 221 35 commission

303 1298 69 35 and
385 1299 154 35 received
553 1300 203 43 permission
769 1306 36 29 to
817 1305 176 30 construct
1006 1311 20 23 a
1035 1300 144 44 jogging
1193 1300 68 35 and
1274 1301 149 42 walking
1437 1301 78 34 trail

304 1360 37 23 as
352 1360 20 24 a
383 1349 211 35 conditional
604 1361 61 23 use
675 1360 44 24 on
730 1350 58 34 the
799 1350 113 34 buffer
923 1360 94 24 zone.
1030 1350 74 34 The
1114 1349 178 45 hospital’s
1303 1356 212 38 representa-

303 1399 68 34 tive
383 1404 37 30 at
431 1399 77 35 that
520 1399 151 44 meeting
684 1399 139 44 pointed
836 1405 60 29 out
908 1399 174 45 explicitly
1095 1399 76 36 that
1183 1400 97 35 there
1292 1399 113 36 would
1418 1400 42 34 be
1472 1411 44 24 no

303 1448 145 44 parking
469 1449 47 34 lot
536 1449 220 34 constructed
776 1449 34 34 in
831 1449 203 35 connection
1055 1449 82 35 with
1158 1450 59 34 the
1233 1450 144 43 jogging
1397 1450 89 34 trail.

393 1577 39 34 In
451 1578 98 39 1984,
564 1577 59 35 the
635 1578 146 43 parking
795 1579 48 34 lot
856 1589 70 24 was
940 1578 220 35 constructed
1173 1589 44 24 on
1231 1578 59 35 the
1303 1579 113 35 buffer
1430 1590 85 24 zone

303 1632 80 29 next
401 1631 35 30 to
454 1627 61 34 Dr.
534 1627 131 43 Mings’
683 1633 125 29 vacant
825 1627 49 35 lot
891 1628 45 43 by
954 1628 67 43 boy
1039 1633 114 30 scouts
1172 1639 37 23 as
1227 1633 77 39 part
1322 1629 39 33 of
1375 1640 21 23 a
1414 1629 102 34 merit

302 1676 113 43 badge
431 1676 141 43 project.
592 1677 113 34 When
721 1677 190 43 objections
928 1688 89 23 were
1033 1677 119 35 voiced
1169 1677 45 44 by
1230 1679 61 33 Dr.
1309 1678 119 42 Mings
1446 1678 69 34 and

301 1725 127 41 others,
452 1725 60 35 the
535 1725 149 44 hospital
708 1726 114 35 closed
846 1726 59 35 the
929 1727 58 34 lot.
1013 1727 74 34 The
1110 1726 149 44 hospital
1283 1727 82 34 then
1389 1727 125 43 sought

302 1774 203 44 permission
519 1775 91 35 from
623 1776 59 34 the
695 1776 165 43 planning
873 1776 221 35 commission
1109 1781 35 29 to
1157 1787 126 34 reopen
1297 1777 59 34 the
1368 1777 146 44 parking

302 1825 58 35 lot.
381 1825 75 35 The
475 1825 165 44 planning
660 1826 220 35 commission
900 1826 124 35 denied
1044 1827 59 34 the
1122 1831 148 39 request.
1291 1827 59 34 No
1369 1838 65 24 one
1454 1838 59 33 ap-

302 1874 121 44 pealed
437 1875 76 35 that
526 1874 151 36 decision
691 1880 35 30 to
739 1876 58 34 the
812 1876 80 34 Fort
905 1876 115 35 Smith
1035 1876 113 35 Board
1161 1876 40 35 of
1211 1876 186 42 Directors,
1412 1877 62 34 but
1487 1877 27 35 it

302 1924 173 44 appeared
492 1936 44 23 on
553 1925 59 34 the
629 1925 136 35 board’s
782 1925 146 44 agenda.
946 1925 74 35 The
1037 1926 70 44 city
1123 1931 159 39 attorney
1298 1926 140 35 advised
1455 1927 59 35 the

301 1973 108 35 board
421 1979 35 29 to
467 1975 81 34 take
559 1985 44 23 no
615 1974 82 35 final
709 1975 115 34 action
836 1975 34 34 in
882 1975 60 35 the
953 1975 148 35 absence
1112 1975 39 35 of
1159 1987 20 23 a
1191 1976 125 35 formal
1328 1977 134 43 appeal,
1475 1988 38 23 so

300 2023 59 35 the
371 2023 107 35 board
489 2023 102 35 voted
602 2029 36 30 to
649 2024 63 35 ask
722 2025 59 34 the
792 2025 166 44 planning
969 2025 220 35 commission
1201 2031 35 29 to
1248 2025 194 36 reconsider
1453 2026 60 35 the

301 2079 137 29 matter.
450 2073 74 35 The
534 2074 165 44 planning
710 2074 221 35 commission
942 2075 103 43 again
1057 2080 75 30 sent
1142 2081 60 29 out
1213 2076 129 34 notices
1353 2075 68 36 and
1432 2076 81 35 held

300 2134 20 24 a
332 2123 126 35 second
469 2124 142 44 plenary
622 2124 143 43 hearing
776 2124 68 35 and
856 2125 103 43 again
970 2124 124 36 denied
1105 2125 59 35 the
1175 2125 176 45 hospital’s
1362 2131 148 38 request.

299 2173 75 35 The
383 2174 149 43 hospital
541 2173 59 35 did
610 2179 59 30 not
678 2175 124 43 appeal
811 2174 78 35 that
897 2174 163 42 decision,
1070 2175 63 35 but
1141 2186 65 24 one
1214 2176 40 34 of
1260 2175 59 35 the
1327 2176 154 41 citizens,
1491 2187 21 24 a

301 2223 70 34 Mr.
384 2223 182 41 Faulkner,
577 2223 77 35 who
664 2223 69 35 had
743 2224 187 44 supported
941 2225 58 34 the
1009 2224 177 44 hospital’s
1197 2225 122 35 earlier
1329 2231 137 38 request
1476 2231 36 29 to

300 2272 70 37 the,
378 2272 165 44 planning
562 2273 232 41 commission,
815 2273 124 44 lodged
960 2285 44 24 an
1024 2274 123 44 appeal
1167 2275 82 34 with
1269 2274 59 35 the
1347 2275 108 34 board
1475 2275 40 35 of

299 2321 177 35 directors.
487 2323 76 33 The
572 2322 109 35 board
692 2322 39 35 of
739 2323 166 34 directors
916 2324 179 34 overruled
1105 2324 60 34 the
1174 2324 166 43 planning
1351 2325 161 34 commis-

299 2371 103 34 sion’s
412 2371 163 40 decision,
586 2372 79 34 thus
676 2373 200 42 permitting
886 2373 59 34 the
955 2373 148 43 hospital
1113 2378 35 29 to
1158 2384 60 23 use
1228 2374 59 34 the
1296 2374 145 42 parking
1452 2374 59 34 lot.

300 2420 60 35 Dr.
383 2420 119 44 Mings
523 2421 149 43 brought
692 2421 59 34 the
770 2421 115 35 action
906 2432 75 24 now
1001 2432 44 24 on
1066 2423 134 43 appeal.
