1671 2702
1304 275 65 33 503

744 415 41 34 V.

298 496 99 33 ACT
413 495 69 34 685
504 496 61 33 OF
583 495 92 34 1983
699 495 100 34 WAS
817 496 103 33 NOT
934 495 226 34 ADOPTED
1178 497 57 32 IN

164 545 329 34 ACCORDANCE
517 546 127 33 WITH
665 546 96 33 THE
779 545 389 43 REQUIREMENTS
1189 545 61 34 OF
1270 546 96 33 THE

444 594 262 35 ARKANSAS
727 594 361 35 CONSTITUTION

366 674 237 35 Amendment
632 675 40 34 19
700 675 17 42 §
745 676 21 33 2
790 674 39 35 of
850 675 59 34 the
932 675 180 34 Arkansas
1138 675 235 35 Constitution

158 724 157 44 provides
328 725 76 34 that
416 735 44 24 no
472 730 92 29 rates
577 724 54 35 for
644 724 195 45 “property,
853 725 123 41 excise,
989 725 164 44 privilege
1165 736 37 23 or
1215 725 158 44 personal

158 779 98 30 taxes
277 785 75 24 now
373 774 108 35 levied
502 775 88 34 shall
611 775 43 34 be
674 774 178 35 increased
872 775 46 43 by
937 775 60 35 the
1017 775 152 35 General
1189 776 185 43 Assembly

158 830 211 38 except...
383 825 34 34 in
428 834 80 25 case
519 824 40 35 of
568 835 44 24 an
625 835 215 33 emergency,
852 825 60 34 the
921 830 96 30 votes
1029 825 40 34 of
1077 825 248 35 three-fourths
1337 825 39 35 of

159 875 60 34 the
234 874 172 35 members
423 874 131 35 elected
570 879 36 30 to
623 874 85 35 each
724 876 121 34 House
859 874 39 36 of
911 875 60 35 the
986 875 152 35 General
1154 875 219 45 Assembly.”

436 955 75 34 The
522 955 194 43 appellants
727 960 140 38 suggest
877 955 77 35 that
964 956 70 33 Act
1046 956 66 34 685
1125 955 28 35 is
1164 966 45 23 an
1220 956 155 34 increase

159 1004 35 34 in
204 1015 45 23 an
260 1004 146 43 existing
417 1004 187 44 “privilege
612 1004 82 35 tax”
706 1005 68 34 and
785 1004 27 35 is
822 1004 173 36 therefore
1004 1005 135 43 subject
1149 1010 35 29 to
1194 1006 59 34 the
1262 1005 111 35 three-­

159 1054 136 35 fourths
310 1059 78 30 vote
403 1054 244 44 requirement.
665 1055 39 34 In
720 1060 142 39 support
878 1054 40 36 of
930 1055 89 35 their
1035 1055 186 44 allegation
1237 1055 76 36 that
1329 1066 45 24 an

160 1103 147 44 existing
320 1104 163 43 privilege
495 1110 61 29 tax
569 1104 63 35 has
645 1105 88 35 been
748 1105 188 41 increased,
950 1105 194 45 appellants
1159 1106 95 43 point
1267 1110 36 30 to
1316 1106 59 34 the

159 1154 220 42 registration
395 1154 54 35 fee
464 1154 152 43 charged
631 1154 110 35 under
755 1155 85 34 Ark.
857 1155 89 35 Stat.
962 1156 93 33 Ann.
1074 1155 17 43 §
1109 1156 127 34 75-201
1257 1155 116 45 (Repl.

163 1204 88 35 1979
279 1203 69 35 and
373 1204 108 43 Supp.
512 1204 119 42 1985),
658 1215 38 23 as
722 1204 59 35 the
806 1209 60 30 tax
891 1204 78 35 that
994 1206 71 33 Act
1090 1206 67 34 685
1185 1205 188 35 increased.

159 1254 186 43 Appellees
366 1253 169 36 maintain
557 1254 68 34 this
647 1254 28 34 is
696 1265 21 23 a
739 1265 74 24 new
834 1259 59 30 tax
913 1265 45 23 on
979 1255 60 34 the
1059 1265 75 24 new
1155 1254 163 44 privilege
1338 1254 40 36 of

159 1304 160 42 carrying
348 1304 111 43 larger
487 1303 108 35 loads.
626 1304 65 34 We
718 1303 71 35 find
817 1304 77 35 that
921 1304 226 35 amendment
1178 1306 40 33 19
1249 1304 17 43 §
1297 1306 21 33 2
1346 1305 28 35 is

160 1353 232 43 inapplicable
404 1354 148 34 because
563 1354 70 34 Act
646 1354 66 35 685
726 1354 82 35 does
820 1360 59 29 not
891 1354 133 44 impose
1035 1365 20 24 a
1068 1354 163 44 privilege
1242 1359 59 30 tax
1313 1355 62 35 but

159 1402 118 35 rather
306 1408 116 30 exacts
451 1414 20 24 a
500 1414 79 24 user
608 1403 56 35 fee
692 1403 91 36 from
811 1409 112 30 motor
951 1404 149 35 vehicles
1128 1405 159 44 carrying
1316 1405 59 35 the

159 1452 199 44 prescribed
380 1453 137 43 weight.
542 1454 40 33 In
605 1453 471 44 Evansville-Vanderburgh
1098 1456 146 42 Airport
1265 1455 108 34 Auth.

159 1504 102 37 Dist.,
275 1509 34 28 et
320 1502 45 35 al.
378 1514 30 23 v.
421 1503 106 34 Delta
537 1503 165 39 Airlines,
715 1505 82 39 Inc.,
810 1504 66 34 405
890 1504 84 34 U.S.
988 1504 67 34 707
1070 1503 138 44 (1972),
1220 1505 58 34 the
1289 1505 84 34 U.S.

159 1552 172 44 Supreme
351 1552 110 35 Court
481 1553 193 44 explained:

285 1632 77 35 that
382 1644 20 24 a
423 1632 128 45 charge
571 1632 165 46 designed
757 1633 80 45 only
857 1639 35 30 to
913 1634 103 36 make
1036 1634 60 35 the
1116 1645 78 24 user
1214 1634 39 36 of
1270 1640 104 30 state-

285 1683 163 45 provided
462 1683 162 36 facilities
638 1695 67 34 pay
719 1695 21 24 a
754 1684 203 36 reasonable
971 1684 55 36 fee
1039 1690 36 30 to
1089 1685 80 44 help
1182 1685 121 45 defray
1316 1686 60 35 the

285 1739 90 29 costs
387 1734 39 35 of
434 1734 90 35 their
535 1735 235 34 construction
782 1735 68 34 and
863 1735 244 35 maintenance
1117 1746 82 33 may
1210 1736 164 35 constitu-

285 1784 143 43 tionally
448 1784 42 34 be
509 1784 156 43 imposed
685 1795 44 23 on
749 1785 180 34 interstate
948 1785 69 34 and
1037 1785 169 34 domestic
1224 1796 95 23 users
1339 1797 35 23 a-

285 1832 78 34 like.
391 1860 6 7 .
426 1859 6 7 .

284 1992 50 34 At
344 1990 86 37 least
440 2002 37 24 so
487 1991 80 44 long
577 2003 39 24 as
626 1992 60 35 the
695 1992 61 35 toll
766 1992 27 36 is
804 1992 106 36 based
920 2003 44 24 on
975 2004 96 24 some
1080 1993 68 35 fair
1157 1993 217 45 approxima-

285 2042 73 34 tion
386 2042 39 35 of
449 2053 62 24 use
539 2052 39 25 or
605 2042 165 45 privilege
798 2042 54 36 for
878 2054 73 31 use,
983 2072 6 6 .
1018 2071 6 7 .
1052 2071 7 7 .
1089 2043 69 36 and
1187 2044 27 35 is
1243 2044 133 35 neither

285 2091 278 45 discriminatory
577 2093 137 42 against
728 2093 180 34 interstate
921 2104 196 24 commerce
1130 2104 62 23 nor
1206 2094 171 34 excessive

285 2141 35 34 in
333 2141 217 43 comparison
563 2142 84 33 with
659 2141 60 34 the
732 2143 259 41 governmental
1003 2143 130 33 benefit
1144 2142 192 41 conferred,
1349 2143 28 33 it

285 2189 69 34 will
374 2200 78 33 pass
472 2190 261 35 constitutional
753 2196 141 29 muster.
923 2218 6 7 .
957 2218 7 7 .

369 2268 95 35 Such
489 2269 145 42 charges
660 2268 53 35 for
738 2269 60 34 the
822 2280 62 23 use
907 2269 39 34 of
968 2268 119 45 public
1111 2269 172 41 facilities,
1308 2269 69 35 like

161 2317 190 44 highways,
361 2317 87 35 have
458 2317 87 35 been
554 2318 260 35 characterized
824 2329 38 24 as
872 2318 102 44 being
985 2319 35 34 in
1030 2318 59 35 the
1099 2319 147 35 “nature
1255 2318 39 35 of
1301 2323 76 31 rent

160 2367 153 44 charged
327 2367 45 44 by
386 2368 58 34 the
457 2367 111 41 State,
583 2367 107 36 based
704 2379 92 33 upon
810 2368 43 35 its
867 2369 216 44 proprietary
1096 2369 159 35 interests
1269 2369 34 34 in
1318 2369 59 35 the

160 2417 119 44 public
289 2423 172 39 property,
471 2418 118 35 rather
598 2418 86 35 than
694 2418 40 35 of
740 2430 21 23 a
771 2419 93 34 tax.”
876 2419 186 40 Hartman,
1072 2418 152 36 Federal
1231 2420 146 34 Limita-
