1656 2696
136 409 131 43 society
279 409 27 34 is
319 420 37 23 as
368 409 191 35 concerned
571 410 83 34 with
666 410 59 34 the
737 410 161 44 integrity
910 410 39 35 of
957 411 60 34 the
1028 410 133 44 family,
1174 410 176 44 including

137 464 75 39 step
225 458 68 35 and
306 459 159 44 adoptive
477 459 241 45 relationships
731 471 37 23 as
780 460 76 35 well
868 471 37 24 as
917 460 99 35 those
1027 460 40 35 of
1076 460 102 35 blood
1190 461 160 34 relation-

137 509 106 44 ships,
267 509 68 34 and
359 510 117 34 sexual
499 510 142 43 activity
664 510 28 34 is
715 510 137 44 equally
875 510 199 44 disruptive,
1097 511 172 34 whatever
1291 511 60 34 the

138 559 151 44 makeup
298 559 40 34 of
343 559 59 35 the
411 559 131 44 family.
554 559 140 42 Indeed,
704 560 68 35 this
781 571 80 24 case
869 566 155 38 presents
1033 572 20 23 a
1063 561 122 34 classic
1194 561 158 44 example

138 609 39 34 of
190 609 59 35 the
265 609 130 44 impact
410 609 39 35 of
461 610 85 34 such
562 610 149 34 offenses
726 621 92 33 upon
834 610 59 35 the
908 610 133 44 family:
1058 611 60 34 the
1132 611 135 35 mother
1283 611 69 35 and

138 659 193 44 stepfather
353 670 59 24 are
433 660 172 44 evidently
627 660 184 43 estranged
832 660 68 35 and
922 661 105 43 living
1049 666 111 39 apart,
1182 661 59 34 the
1262 666 89 39 step-

138 708 172 44 daughter
324 709 143 35 became
481 721 20 23 a
515 721 165 32 runaway
693 715 36 29 to
743 721 123 33 escape
878 711 60 34 the
950 711 166 34 situation
1130 711 68 34 and
1212 722 83 23 even
1308 722 44 23 on

139 759 61 34 her
212 764 118 29 return
341 759 27 34 is
380 759 103 43 living
494 760 196 40 elsewhere,
702 760 90 41 thus,
804 760 59 34 the
873 760 193 44 disruption
1076 760 40 35 of
1123 761 59 34 the
1192 760 122 44 family
1324 761 28 34 is

139 809 182 43 complete.

1281 270 66 33 273

325 886 65 33 We
401 896 59 24 are
470 885 138 43 obliged
620 890 36 30 to
667 897 138 23 assume
815 886 60 34 the
885 886 199 43 legislature
1095 892 118 30 meant
1223 887 93 34 what
1327 887 26 34 it

139 935 130 43 clearly
279 934 74 35 said
364 935 34 34 in
411 935 17 42 §
441 936 166 40 41-2403,
620 936 80 43 City
710 935 46 44 of
757 935 115 35 North
883 936 107 34 Little
999 936 102 35 Rock
1109 948 30 23 v.
1150 938 203 42 Montgom­

140 995 71 32 ery,
235 985 64 34 261
325 985 84 34 Ark.
438 986 51 40 16,
515 986 66 33 546
605 985 144 35 S.W.2d
775 987 64 33 154
864 985 138 44 (1977),
1026 986 68 34 and
1116 986 27 35 it
1165 997 80 33 may
1267 987 87 34 have

140 1034 163 35 assumed
330 1035 76 34 that
433 1035 59 34 the
519 1034 180 36 incidence
725 1035 39 35 of
789 1035 97 35 adult
913 1036 232 44 stepchildren
1173 1036 180 44 becoming

139 1084 137 34 victims
290 1084 40 34 of
341 1084 107 35 incest
462 1096 70 23 was
547 1096 77 23 rare
638 1086 136 43 enough
789 1091 35 29 to
838 1091 151 29 warrant
1002 1086 175 35 exclusion
1191 1086 91 35 from
1295 1087 60 35 the

140 1144 168 33 coverage
317 1134 39 35 of
361 1135 59 34 the
428 1140 140 29 statute.
579 1136 49 34 At
638 1146 67 33 any
714 1141 85 36 rate,
809 1136 177 44 appellant
994 1136 63 35 has
1066 1136 91 35 cited
1166 1137 143 43 nothing
1318 1142 37 29 to

140 1184 182 43 challenge
342 1185 59 34 the
421 1185 237 44 presumption
680 1185 39 35 of
737 1186 310 44 constitutionality
1068 1186 39 35 of
1125 1187 67 34 this
1214 1191 139 37 statute,

142 1235 77 42 Gay
234 1246 31 23 v.
282 1234 136 41 Rabon,
437 1236 67 33 280
521 1235 86 34 Ark.
626 1236 31 40 5,
676 1236 68 34 652
761 1235 142 35 S.W.2d
922 1237 67 33 836
1008 1235 138 44 (1983),
1164 1247 61 24 nor
1241 1236 77 35 that
1334 1248 20 23 a

141 1284 149 34 rational
300 1284 91 35 basis
401 1284 53 35 for
464 1285 59 34 the
532 1284 200 36 distinction
743 1285 103 35 noted
855 1285 82 35 does
947 1291 60 29 not
1017 1286 96 35 exist.
1126 1287 39 33 In
1174 1286 179 35 Schock v.

145 1333 164 40 Thomas,
332 1335 164 40 Comm’r,
517 1335 69 34 274
604 1335 85 34 Ark.
710 1336 80 40 493,
809 1336 66 34 625
896 1335 144 35 S.W.2d
1060 1337 63 33 521
1148 1335 137 44 (1981),
1304 1348 51 23 we

141 1383 114 35 stated
276 1384 59 34 the
355 1384 82 35 rule:

266 1461 75 34 The
366 1461 101 43 equal
493 1461 192 44 protection
712 1462 116 34 clause
853 1462 82 35 does
961 1468 60 29 not
1046 1463 136 44 require
1207 1463 76 35 that
1308 1463 47 35 all

266 1521 139 33 persons
429 1511 43 34 be
494 1510 95 35 dealt
612 1511 83 34 with
718 1511 210 44 identically;
952 1512 27 34 it
1001 1513 80 43 only
1104 1513 152 44 requires
1278 1513 77 35 that

266 1560 260 34 classifications
541 1566 70 29 rest
625 1571 44 24 on
684 1561 72 34 real
771 1561 68 34 and
853 1567 60 29 not
927 1573 44 23 on
986 1562 139 43 feigned
1139 1562 215 42 differences,

266 1609 77 35 that
352 1610 58 34 the
419 1610 217 35 distinctions
646 1610 88 35 have
742 1622 95 23 some
846 1612 179 34 relevance
1033 1617 36 29 to
1078 1612 59 34 the
1146 1623 146 33 purpose
1301 1612 53 35 for

266 1659 112 35 which
399 1660 59 34 the
478 1660 245 35 classification
744 1661 27 34 is
793 1661 113 41 made,
928 1661 69 35 and
1018 1661 76 35 that
1115 1662 58 34 the
1193 1662 162 35 different

266 1714 187 30 treatment
471 1710 43 34 be
531 1715 61 29 not
609 1721 38 23 so
664 1710 176 44 disparate
857 1722 37 23 as
913 1716 35 30 to
966 1711 44 35 be
1027 1712 181 44 arbitrary.
1229 1712 127 35 United

265 1760 121 34 States
399 1771 30 23 v.
445 1760 126 41 Ecker,
589 1761 65 33 543
672 1760 85 35 F.2d
777 1762 62 33 178
857 1760 139 44 (1976);
1015 1761 148 36 Walters
1175 1773 31 23 v.
1224 1763 79 42 City
1317 1762 46 44 of

265 1809 53 34 St.
330 1811 117 39 Louis,
459 1811 66 33 347
537 1810 84 35 U.S.
633 1811 64 34 231
713 1810 338 44 (1954); Skinner v.
1064 1811 212 43 Oklahoma,
1288 1813 66 34 316

267 1859 83 35 U.S.
374 1861 64 33 535
462 1860 139 43 (1942).

328 1937 64 33 We
434 1936 44 35 do
521 1942 61 29 not
624 1937 104 34 reach
771 1938 205 43 appellant’s
1019 1938 193 43 remaining
1255 1949 100 33 argu­

142 1986 98 33 ment
240 1986 43 33 —
283 1986 81 33 that
374 1986 59 34 the
443 1986 79 34 trial
533 1991 99 29 court
642 1987 152 43 wrongly
805 1987 138 34 refused
954 1993 35 28 to
1000 1988 146 34 instruct
1156 1988 60 34 the
1221 1988 81 43 jury
1312 1999 44 23 on

142 2034 60 35 the
217 2034 91 35 issue
322 2035 39 34 of
372 2036 263 35 corroboration
635 2036 43 35 —
678 2036 151 35 because
843 2037 59 34 the
916 2037 178 43 proferred
1109 2037 204 35 instruction
1328 2038 27 34 is

142 2084 135 35 neither
295 2085 34 34 in
347 2085 59 34 the
423 2085 156 35 abstract
597 2096 61 24 nor
676 2086 59 34 the
753 2086 130 35 record.
905 2086 185 44 Chapman
1106 2098 31 23 v.
1155 2087 112 41 State,
1288 2088 63 34 201

142 2134 85 34 Ark.
256 2135 55 40 91,
342 2136 62 33 143
432 2135 144 34 S.W.2d
604 2136 65 34 575
699 2135 137 44 (1940).
863 2137 91 34 Rule
984 2136 91 43 11(f)
1104 2137 106 35 Rules
1236 2137 39 34 of
1297 2137 60 35 the

142 2184 179 35 Arkansas
342 2185 169 43 Supreme
532 2185 111 34 Court
663 2185 68 35 and
753 2186 109 34 Court
882 2186 40 34 of
938 2187 165 43 Appeals.

233 2259 75 34 The
324 2260 184 42 judgment
528 2261 169 43 appealed
718 2261 90 34 from
828 2262 28 33 is
877 2262 168 34 affirmed.

233 2335 209 41 Newbern,
464 2336 42 40 J.,
527 2346 155 24 concurs.

234 2411 159 41 Purtle,
415 2412 42 40 J.,
478 2416 60 30 not
558 2412 256 44 participating.
