1640 2696
112 422 119 40 ANO,
250 421 39 35 of
304 422 228 40 $924,739.31
554 431 79 24 over
650 420 176 44 thirty-six
843 419 149 35 months.
1010 419 226 43 Twenty-five
1253 429 73 33 per-

113 477 79 29 cent
206 472 39 34 of
255 472 77 34 that
345 472 108 42 figure
466 482 70 23 was
550 470 108 35 found
672 476 36 29 to
721 470 43 34 be
777 470 245 41 $231,184.83.
1037 469 163 43 Dividing
1214 469 44 43 by
1272 469 55 41 36,

114 522 43 35 he
177 521 164 36 obtained
362 533 20 23 a
403 521 156 44 monthly
580 521 102 44 profit
702 520 109 44 figure
830 520 40 34 of
888 520 197 41 $6,421.80.

1259 277 66 33 225

299 603 74 34 The
384 602 155 44 appellee
549 601 166 35 contends
725 601 60 35 the
795 606 207 39 percentage
1012 605 36 30 to
1059 600 43 35 be
1112 599 84 35 used
1207 599 122 35 should

114 653 88 34 have
217 653 87 34 been
320 653 104 34 44.64
439 657 141 39 percent
595 652 117 34 rather
727 651 84 35 than
828 652 42 33 25
888 656 141 39 percent
1044 651 149 34 because
1207 650 122 43 Valley

115 703 172 43 Vending,
309 703 82 40 Inc.,
412 713 69 24 was
502 702 142 43 making
665 702 76 34 that
761 701 104 34 much
886 712 96 23 more
1001 711 95 33 gross
1117 700 111 44 profit.
1251 701 31 33 It
1302 700 28 34 is

115 753 138 43 enough
271 758 35 29 to
324 763 60 33 say
401 753 76 34 that
494 752 60 34 the
571 752 119 44 profits
708 751 127 35 earned
852 751 45 43 by
914 751 60 34 the
991 756 101 38 party
1109 750 169 43 allegedly
1295 750 34 34 in

115 803 129 34 breach
256 802 39 35 of
304 802 59 34 the
374 807 167 29 covenant
553 812 59 24 are
624 802 183 34 irrelevant
818 806 36 29 to
865 801 119 43 profits
996 800 112 35 which
1120 800 112 34 would
1244 800 87 34 have

116 852 87 34 been
216 852 127 34 earned
356 852 44 43 by
412 852 59 34 the
483 851 156 44 appellee
651 851 69 34 had
732 851 97 34 there
841 851 86 34 been
940 861 44 23 no
996 850 139 34 breach.
1147 849 142 35 Sumlin
1299 861 30 23 v.

120 901 186 41 Woodson,
328 903 62 33 211
415 902 85 33 Ark.
523 902 79 40 214,
628 902 63 33 199
713 900 143 35 S.W.2d
877 901 67 33 936
968 899 138 43 (1947).

591 990 31 33 5.
647 988 212 35 Conclusion

208 1070 75 34 The
301 1069 190 43 injunction
509 1069 27 34 is
554 1068 164 35 modified
735 1073 36 30 to
788 1068 114 43 enjoin
920 1068 193 44 appellants
1131 1068 82 33 Bert
1230 1067 103 44 Hyde

117 1119 69 34 and
207 1120 128 42 Nancy
355 1119 102 43 Hyde
477 1118 91 35 from
588 1118 135 35 further
743 1118 188 43 breaching
951 1118 60 34 the
1030 1123 168 29 covenant
1218 1123 59 29 not
1297 1123 35 29 to

117 1174 160 38 compete
299 1168 68 35 and
389 1173 35 30 to
447 1168 115 44 enjoin
585 1168 123 44 Valley
731 1168 170 43 Vending,
924 1169 84 39 Inc.,
1031 1168 126 34 Donna
1180 1168 151 40 Walker,

118 1218 114 35 David
248 1218 113 44 Hyde,
378 1219 81 34 Bert
474 1218 120 44 Lynch
609 1217 69 36 and
694 1218 126 44 Randy
833 1218 210 43 Talkington
1058 1217 92 35 from
1164 1217 117 43 aiding
1295 1228 38 24 or

118 1269 157 42 abetting
293 1269 81 34 Bert
390 1279 37 24 or
444 1269 128 43 Nancy
588 1268 104 44 Hyde
708 1268 34 34 in
759 1268 187 43 breaching
963 1268 60 34 the
1038 1273 168 29 covenant
1222 1272 60 30 not
1298 1273 36 29 to

118 1324 170 39 compete.
317 1319 175 43 Damages
520 1318 91 35 from
639 1318 59 35 the
725 1318 192 44 appellants
945 1323 35 29 to
1007 1318 60 34 the
1093 1318 155 44 appellee
1275 1329 59 23 are

119 1369 150 35 reduced
283 1368 90 35 from
386 1369 232 41 $253,661.13
632 1374 36 29 to
682 1369 243 41 $231,184.83.
938 1368 76 35 The
1025 1368 123 35 decree
1160 1368 27 35 is
1200 1367 133 36 further

119 1419 164 35 modified
300 1425 36 29 to
352 1419 117 35 reflect
485 1419 77 35 that
579 1419 97 35 these
692 1419 165 43 damages
874 1430 59 23 are
950 1418 162 35 awarded
1125 1419 124 43 jointly
1265 1418 69 35 and

119 1470 167 43 severally
303 1470 135 42 against
455 1469 103 44 Hyde
574 1469 160 44 Vending
751 1470 75 40 Co.,
844 1470 82 40 Inc.,
943 1469 69 34 and
1028 1469 43 34 its
1088 1468 245 41 stockholders,

119 1519 66 41 i.e.,
211 1520 83 33 Bert
318 1519 102 43 Hyde
443 1519 68 34 and
536 1520 128 42 Nancy
688 1519 113 43 Hyde,
826 1519 62 34 but
912 1524 60 29 not
995 1519 137 42 against
1155 1519 59 33 the
1237 1519 98 33 other

119 1569 206 43 appellants.
339 1568 74 34 The
421 1568 186 43 judgment
619 1568 40 35 of
669 1569 59 34 the
740 1569 79 33 trial
832 1573 98 29 court
943 1568 28 34 is
984 1568 182 34 otherwise
1178 1567 157 35 affirmed

119 1629 44 24 on
184 1618 136 44 appeal.
342 1619 65 33 We
426 1619 73 34 also
519 1618 114 35 affirm
653 1629 44 24 on
718 1629 92 23 cross
830 1618 135 44 appeal.

212 1700 160 39 Purtle,
393 1699 42 41 J.,
456 1703 60 30 not
536 1698 257 44 participating.

187 1980 145 43 Stanley
352 1980 197 34 LACKEY
570 1980 68 34 and
659 1980 114 34 Susan
794 1980 197 34 LACKEY
1012 1990 27 23 v.
1062 1980 153 34 STATE
1234 1979 39 34 of

639 2030 179 34 Arkansas

121 2111 66 35 CR
209 2112 129 34 85-108

1015 2112 67 34 703
1105 2111 143 35 S.W.2d
1269 2112 65 34 858

451 2192 171 43 Supreme
642 2192 111 34 Court
773 2191 39 35 of
828 2192 179 33 Arkansas

364 2241 151 43 Opinion
536 2241 172 34 delivered
730 2241 176 43 February
930 2242 52 39 18,
1007 2242 88 33 1986
