1648 2688
1260 273 66 34 267

212 794 114 35 Leslie
344 796 42 32 R.
407 793 166 42 Ablondi,
595 793 53 35 for
668 794 186 44 appellant.

211 871 105 34 Steve
334 870 119 41 Clark,
471 870 99 44 Att’y
586 870 101 41 Gen.,
705 870 55 44 by:
777 870 81 35 Joel
875 871 38 34 O.
932 872 173 42 Huggins,
1122 872 93 33 Asst.
1233 871 99 44 Att’y

121 920 101 41 Gen.,
244 919 53 36 for
318 920 163 44 appellee.

213 996 155 34 Robert
391 996 45 34 H.
461 996 170 40 Dudley,
656 996 140 34 Justice.

820 996 189 44 Appellant
1031 1007 70 24 was
1124 996 150 43 charged
1297 996 34 35 in

126 1046 89 34 1980
242 1045 82 35 with
352 1045 72 35 first
451 1045 125 44 degree
603 1045 140 35 murder
770 1046 68 34 and
865 1046 82 35 with
975 1046 102 43 being
1104 1057 45 24 an
1176 1046 156 35 habitual

122 1095 167 41 offender,
301 1095 124 43 having
436 1101 36 29 at
482 1096 87 34 least
580 1095 78 35 four
669 1095 91 44 prior
770 1095 115 45 felony
895 1096 220 35 convictions.
1127 1097 56 33 He
1193 1096 139 35 entered

123 1145 72 34 into
208 1145 77 43 plea
298 1145 229 43 negotiations
539 1145 113 34 which
665 1145 212 35 culminated
890 1146 34 34 in
937 1146 52 34 his
1002 1146 162 44 pleading
1176 1146 109 43 guilty
1297 1151 36 29 to

123 1194 126 35 second
278 1194 124 44 degree
430 1195 139 34 murder
598 1194 69 35 and
695 1194 102 44 being
825 1195 185 35 sentenced
1038 1206 38 24 as
1104 1206 45 24 an
1177 1195 156 35 habitual

123 1244 156 34 offender
296 1249 35 29 to
348 1249 127 39 twenty
491 1253 100 35 years
608 1244 273 44 imprisonment,
898 1245 59 34 the
973 1245 185 34 minimum
1174 1250 160 29 sentence

124 1293 53 34 for
191 1304 45 24 an
250 1293 157 35 habitual
420 1294 155 34 offender
589 1294 83 34 with
686 1294 78 34 four
778 1294 90 44 prior
881 1294 221 35 convictions.
1116 1296 49 33 At
1178 1295 59 34 the
1250 1295 84 34 time

124 1343 177 43 appellant
311 1343 139 34 entered
462 1343 51 34 his
524 1344 77 43 plea
613 1344 43 34 he
666 1343 113 35 stated
790 1344 76 34 that
876 1344 43 34 he
929 1344 70 34 had
1009 1344 87 35 been
1107 1344 108 34 found
1225 1344 109 44 guilty

124 1403 44 23 on
189 1391 78 36 four
287 1393 185 34 occasions.

216 1468 40 34 In
271 1469 88 34 1984
370 1469 175 44 appellant
555 1468 81 35 filed
646 1480 21 23 a
678 1469 143 44 petition
832 1469 34 34 in
877 1469 123 35 circuit
1009 1474 99 30 court
1119 1469 53 35 for
1182 1480 21 24 a
1213 1470 75 34 writ
1298 1469 39 35 of

124 1518 208 35 mandamus
348 1518 139 44 seeking
502 1524 36 30 to
552 1524 123 30 vacate
690 1519 59 35 the
764 1519 87 45 plea.
867 1519 75 36 The
957 1525 98 29 court
1070 1519 134 35 treated
1219 1520 27 34 it
1261 1531 37 23 as
1314 1531 20 24 a

124 1569 145 44 petition
281 1569 109 35 under
401 1580 62 24 our
475 1570 287 44 post-conviction
775 1570 89 35 Rule
877 1571 54 34 37.
945 1570 187 35 Petitioner
1143 1570 191 35 contended

124 1619 77 35 that
211 1619 52 35 his
274 1625 157 39 attorney
440 1619 60 35 did
510 1625 60 30 not
580 1619 117 36 advise
706 1620 72 35 him
788 1620 76 35 that
873 1620 44 35 he
926 1631 70 24 was
1006 1626 36 29 to
1051 1621 43 34 be
1104 1620 183 35 sentenced
1296 1632 38 23 as

124 1680 45 24 an
195 1669 157 35 habitual
379 1670 155 34 offender
559 1670 69 35 and
655 1670 237 35 misinformed
918 1670 73 35 him
1017 1682 37 23 as
1080 1676 36 29 to
1141 1671 52 34 his
1218 1671 117 44 parole

124 1719 182 44 eligibility
332 1719 90 35 date.
449 1719 103 35 After
578 1731 20 23 a
625 1720 143 43 hearing
794 1725 36 30 at
855 1720 112 35 which
993 1721 84 34 both
1102 1721 139 34 counsel
1267 1721 68 34 and

124 1769 178 43 appellant
314 1769 159 41 testified,
486 1769 60 35 the
557 1770 80 34 trial
649 1775 99 29 court
759 1769 123 35 denied
895 1770 59 34 the
966 1770 155 44 petition.
1135 1771 65 33 We
1211 1770 123 35 affirm.

216 1844 217 42 Appellant’s
451 1844 145 43 petition
614 1844 28 34 is
659 1844 107 34 based
784 1844 105 43 solely
906 1855 44 23 on
968 1844 59 35 the
1044 1845 198 34 contention
1259 1845 76 34 that

125 1892 140 34 counsel
287 1892 59 34 did
368 1897 58 29 not
447 1893 199 43 accurately
667 1893 136 43 explain
825 1898 35 29 to
881 1894 73 33 him
975 1894 99 33 when
1096 1894 43 33 he
1160 1893 112 34 would
1294 1894 42 33 be

125 1941 139 43 eligible
275 1941 54 35 for
340 1942 126 43 parole.
481 1942 55 34 He
548 1941 82 35 does
642 1947 59 29 not
712 1942 148 35 contend
872 1942 76 35 that
959 1943 60 34 the
1030 1943 79 34 trial
1120 1948 98 29 court
1230 1942 105 35 failed

125 1996 36 29 to
171 1991 138 44 comply
319 1991 82 35 with
411 1991 59 35 the
480 1992 250 43 requirements
740 1991 40 35 of
786 1992 192 35 A.R.Cr.P.
991 1993 90 34 Rule
1091 1993 45 34 24
1146 1993 111 34 which
1268 1997 68 30 sets

125 2046 61 29 out
202 2041 59 34 the
276 2041 182 35 standards
473 2042 187 43 governing
676 2042 59 34 the
750 2042 126 34 court’s
892 2042 129 44 receipt
1035 2042 40 35 of
1087 2053 21 24 a
1123 2042 109 44 guilty
1247 2043 87 43 plea.

125 2090 78 35 Nor
219 2090 82 35 does
317 2091 44 34 he
376 2091 148 34 contend
540 2092 78 34 that
634 2091 44 35 he
693 2102 69 24 was
779 2092 34 34 in
830 2091 73 35 fact
918 2097 60 29 not
994 2092 120 44 guilty.
1131 2092 75 35 The
1221 2092 116 44 public

125 2140 168 35 defender
319 2140 76 35 who
422 2141 219 43 represented
669 2141 72 34 him
768 2141 123 43 during
918 2141 60 35 the
1004 2142 77 43 plea
1108 2142 228 43 negotiations

126 2190 150 35 testified
296 2190 76 35 that
391 2191 43 34 he
453 2191 181 44 explained
654 2191 59 34 the
732 2191 103 35 effect
854 2191 39 35 of
910 2191 102 44 being
1031 2191 184 35 sentenced
1235 2202 37 24 as
1292 2202 44 24 an

126 2240 159 35 habitual
296 2240 166 42 offender,
473 2240 63 35 but
547 2241 77 34 that
635 2241 43 34 he
689 2240 59 35 did
760 2246 59 30 not
830 2241 102 35 make
943 2241 26 35 it
980 2252 21 24 a
1012 2242 152 43 practice
1175 2247 35 29 to
1221 2241 116 35 advise

126 2289 208 36 defendants
354 2290 106 35 about
480 2291 118 44 parole
617 2291 191 44 eligibility.

357 2366 75 35 The
442 2371 162 39 two-part
615 2371 67 30 test
693 2365 53 36 for
757 2366 218 44 challenging
986 2366 60 35 the
1056 2366 235 35 effectiveness
1302 2366 39 35 of

127 2417 140 34 counsel
287 2417 28 34 is
335 2422 51 29 set
405 2422 60 29 out
485 2416 35 35 in
538 2416 210 35 Strickland
764 2428 30 23 v.
820 2416 235 44 Washington,
1076 2418 68 33 466
1165 2417 83 35 U.S.
1270 2417 66 34 668
