1662 2696
1283 285 65 33 535

227 426 100 34 Jack
340 427 118 39 Holt,
470 426 68 41 Jr.,
551 425 108 35 Chief
667 425 141 35 Justice.

820 426 49 34 At
880 426 91 34 issue
981 425 35 34 in
1028 425 68 34 this
1107 435 79 24 case
1197 425 27 34 is
1235 426 76 34 who
1322 425 28 34 is

136 481 36 29 to
183 486 68 33 pay
262 476 116 34 eleven
389 475 161 35 different
561 475 199 44 companies
772 475 274 44 approximately
1057 474 77 36 half
1141 475 40 34 of
1188 486 20 23 a
1220 475 131 34 million

136 524 128 35 dollars
294 525 52 35 for
374 526 94 34 work
495 524 197 45 performed
721 525 101 34 while
849 525 138 43 drilling
1016 536 44 24 an
1089 525 45 35 oil
1162 525 86 34 well.
1278 525 74 35 The

136 575 197 35 chancellor
346 575 78 34 held
437 575 59 34 the
508 575 187 44 appellant,
710 575 83 43 Lyle
806 576 112 40 Dews,
932 575 68 34 and
1014 576 112 34 Bruce
1138 576 142 43 Massey
1293 586 59 24 are

136 625 213 43 responsible
360 624 53 35 for
425 625 59 34 the
495 624 93 35 debt.
603 625 65 34 We
681 635 112 33 agree.
808 625 30 34 It
850 625 28 34 is
890 625 91 34 from
994 625 76 34 that
1080 624 183 44 judgment
1274 626 77 33 that

137 675 68 34 this
217 676 124 42 appeal
353 675 27 34 is
392 675 159 43 brought.
564 674 75 35 Our
647 674 218 44 jurisdiction
877 675 27 34 is
916 680 169 39 pursuant
1096 680 35 29 to
1142 674 83 44 Sup.
1239 675 56 35 Ct.
1308 675 42 35 R.

138 724 160 43 29(1)(c)
321 724 68 36 and
412 724 65 43 (d).

229 806 140 44 Crystal
385 807 57 34 Oil
460 807 63 34 Co.
540 807 121 34 owned
678 807 132 34 certain
826 807 108 35 leases
950 807 161 43 covering
1127 807 99 34 lands
1242 807 34 35 in
1293 808 59 34 the

137 856 180 35 southeast
334 862 140 38 quarter
492 856 69 35 and
579 857 60 34 the
655 856 102 36 north
775 857 77 34 half
866 857 39 34 of
920 857 59 34 the
996 858 187 33 southwest
1201 863 150 38 quarter,

137 906 131 35 section
298 908 51 38 10,
374 907 169 43 township
568 906 83 41 20S,
676 917 107 32 range
807 907 101 41 25W,
933 906 35 34 in
993 907 185 44 Lafayette
1202 907 149 43 County,

137 956 190 35 Arkansas.
342 955 138 44 Crystal
494 956 167 35 executed
674 968 20 23 a
708 957 153 34 farmout
873 962 201 38 agreement
1087 956 39 35 of
1135 957 96 34 these
1244 957 108 35 leases

137 1005 83 35 with
237 1007 102 33 Dews
355 1016 43 24 on
415 1007 87 43 May
518 1007 32 40 4,
571 1007 99 34 1982.
687 1007 75 34 The
776 1011 106 30 terms
898 1006 39 35 of
950 1007 59 34 the
1024 1007 154 34 farmout
1193 1007 159 44 required

138 1056 115 40 Dews,
271 1061 36 29 at
325 1055 52 35 his
394 1067 157 33 expense,
569 1061 36 29 to
622 1056 79 35 drill
719 1068 20 23 a
756 1061 67 30 test
839 1057 76 34 well
932 1056 46 44 by
996 1057 88 44 May
1105 1058 52 39 15,
1179 1058 88 34 1982
1284 1056 68 36 and

138 1105 163 35 continue
318 1105 137 44 drilling
472 1111 35 30 to
524 1117 20 24 a
561 1105 107 45 depth
686 1106 170 35 sufficient
872 1112 36 29 to
925 1111 67 30 test
1009 1107 59 34 the
1085 1107 129 34 Cotton
1231 1107 122 43 Valley

140 1156 210 34 Formation.
367 1155 34 34 If
412 1156 204 43 production
631 1167 70 24 was
716 1156 174 42 obtained,
906 1157 139 43 Crystal
1060 1167 70 24 was
1144 1157 158 43 required
1317 1162 36 29 to

138 1205 116 43 assign
269 1206 101 34 Dews
384 1216 44 24 an
442 1206 142 34 interest
598 1206 35 34 in
646 1206 60 35 the
719 1206 174 35 leasehold
907 1211 121 30 estate.
1043 1207 139 43 Crystal
1196 1206 157 35 reserved

139 1265 45 24 an
202 1255 194 43 overriding
415 1256 135 43 royalty
568 1256 152 34 interest.
742 1255 34 35 If
791 1256 59 34 the
868 1256 74 35 first
959 1257 76 33 well
1054 1268 70 23 was
1143 1256 132 42 drilled,
1295 1257 59 34 the

139 1310 201 37 agreement
355 1315 85 32 gave
455 1306 102 34 Dews
572 1305 59 35 the
646 1306 118 43 option
779 1311 35 29 to
829 1305 78 35 drill
922 1305 191 36 additional
1129 1306 92 34 wells
1236 1317 44 24 on
1295 1307 59 34 the

138 1355 195 43 remaining
349 1365 155 33 acreage.
521 1355 75 35 The
611 1361 200 38 agreement
826 1367 70 24 was
912 1356 171 35 extended
1098 1356 88 35 until
1202 1357 79 43 July
1301 1358 51 39 15,

143 1405 99 34 1982.
265 1406 101 34 Dews
387 1405 80 43 paid
488 1416 44 24 no
552 1405 254 35 consideration
826 1406 54 35 for
900 1406 68 35 this
989 1406 164 35 farmout.

231 1487 102 33 Dews
352 1486 81 34 then
451 1486 141 35 entered
610 1487 73 34 into
701 1498 44 24 an
763 1492 200 38 agreement
980 1488 83 34 with
1082 1489 112 33 Bruce
1211 1488 143 43 Massey

138 1535 162 43 whereby
313 1536 142 42 Massey
466 1535 114 35 would
592 1546 68 33 pay
673 1537 101 34 Dews
787 1537 151 40 $50,000
950 1537 35 33 in
997 1537 178 42 exchange
1186 1537 54 34 for
1252 1538 101 33 Dews

138 1584 176 44 assigning
332 1590 35 29 to
385 1585 143 44 Massey
544 1585 52 34 his
614 1586 92 43 right
723 1591 36 29 to
775 1586 60 34 the
850 1586 175 35 leasehold
1043 1591 111 30 estate
1169 1586 109 35 under
1295 1587 59 34 the

139 1633 260 44 Crystal-Dews
411 1640 200 38 agreement
623 1635 69 35 and
704 1635 133 44 subject
848 1641 36 30 to
895 1636 60 35 the
965 1641 106 30 terms
1082 1636 40 35 of
1130 1636 59 35 the
1200 1636 153 45 Crystal-

139 1684 103 35 Dews
255 1690 209 38 agreement.
478 1686 103 35 Dews
593 1685 158 36 reserved
764 1686 56 35 5%
832 1686 39 35 of
880 1687 59 35 the
950 1686 175 36 leasehold
1138 1692 110 30 estate
1259 1698 37 24 as
1309 1698 45 24 an

138 1735 195 44 overriding
347 1736 133 44 royalty
492 1736 153 35 interest.
660 1737 143 44 Massey
815 1737 126 44 agreed
954 1737 35 34 in
1002 1742 118 30 return
1132 1742 36 30 to
1180 1748 104 25 cause
1295 1738 60 35 the

138 1786 77 34 well
240 1791 36 30 to
301 1787 43 34 be
368 1786 121 36 drilled
515 1798 37 24 as
578 1787 160 44 required
763 1787 45 44 by
832 1788 59 35 the
916 1787 259 45 Crystal-Dews
1200 1788 153 35 farmout

140 1842 211 37 agreement.

231 1918 149 42 Drilling
390 1919 196 42 operations
598 1919 112 43 began
721 1919 91 44 prior
823 1924 35 29 to
869 1920 80 43 July
963 1921 156 39 15,1982
1130 1919 69 34 and
1210 1920 59 34 the
1278 1920 76 34 well

138 1977 70 23 was
221 1967 194 43 completed
426 1978 38 24 as
476 1979 20 23 a
508 1968 191 43 producing
711 1968 75 34 well
798 1979 44 23 on
852 1969 201 34 November
1069 1970 166 40 14,1982.
1248 1970 59 34 All
1318 1969 39 34 of

138 2016 61 35 the
208 2016 184 35 claimants
402 2017 35 34 in
446 2017 69 35 this
526 2028 80 24 case
614 2029 91 23 were
714 2017 98 35 hired
822 2018 45 44 by
877 2019 145 43 Massey
1031 2024 36 29 to
1078 2019 123 44 supply
1210 2019 97 35 labor
1317 2029 38 24 or

139 2067 161 34 material
321 2067 53 34 for
394 2066 137 45 drilling
552 2067 59 35 the
631 2068 86 35 well.

230 2149 50 33 As
295 2159 20 23 a
330 2149 106 34 result
448 2148 40 35 of
498 2149 60 34 the
571 2148 139 44 drilling
724 2149 68 35 and
806 2150 208 43 completion
1028 2150 40 34 of
1078 2151 60 34 the
1150 2151 87 40 well,
1252 2151 101 34 Dews

138 2197 157 34 received
321 2197 51 34 his
398 2198 214 42 assignment
636 2198 40 34 of
698 2199 109 33 leases
832 2198 91 35 from
948 2199 151 43 Crystal.
1126 2200 102 33 Dews
1253 2210 101 23 never

139 2246 161 42 assigned
329 2246 52 35 his
409 2247 92 42 right
529 2252 35 29 to
594 2248 144 43 Massey
766 2254 168 37 pursuant
962 2253 36 29 to
1026 2248 90 34 their
1143 2253 210 38 agreement,

139 2295 150 35 because
315 2296 142 43 Massey
482 2307 102 24 never
609 2297 82 43 paid
716 2298 102 33 Dews
843 2297 60 35 the
928 2298 151 40 $50,000
1105 2298 35 34 in
1165 2309 20 23 a
1211 2309 144 23 manner

139 2345 222 45 satisfactory
381 2351 35 29 to
436 2347 113 34 Dews.

231 2427 106 36 Some
353 2427 39 35 of
404 2428 59 35 the
478 2428 136 35 various
631 2429 199 44 companies
847 2429 211 45 responsible
1074 2430 53 35 for
1143 2429 138 44 drilling
1297 2431 59 34 the
