1662 2697
310 263 67 33 498

401 403 49 33 As
463 408 34 28 to
509 402 58 34 the
579 407 183 37 argument
773 401 109 35 under
893 401 59 34 the
963 400 118 35 fourth
1092 410 108 34 prong
1211 400 39 35 of
1258 399 128 44 Brady,
1398 400 77 34 that
1485 410 37 24 as

311 464 19 23 a
346 453 61 34 flat
422 458 69 35 tax,
508 453 26 34 it
549 452 27 34 is
592 457 59 29 not
666 452 102 43 fairly
784 451 130 35 related
930 456 35 29 to
980 450 59 35 the
1053 451 85 34 level
1153 449 39 36 of
1204 450 160 44 highway
1378 450 145 35 services

310 502 163 44 provided
487 503 44 42 by
545 502 59 34 the
616 507 90 29 state
719 507 35 29 to
767 502 85 34 each
867 502 102 34 HUE
982 506 177 39 taxpayer,
1174 500 26 34 it
1213 512 64 23 can
1291 500 43 34 be
1347 499 175 35 answered

310 552 109 35 under
440 553 58 33 the
518 563 96 23 same
634 551 176 44 authority
830 563 38 23 as
888 551 59 34 the
967 551 157 43 previous
1145 555 193 38 argument.

558 631 75 34 The
655 632 74 33 first
753 631 85 33 “flat
861 630 77 34 fee”
963 641 80 23 case
1065 630 94 34 dealt
1182 630 82 34 with
1289 630 45 42 by
1357 629 59 34 the
1439 629 84 34 U.S.

310 681 170 42 Supreme
499 681 110 33 Court
626 691 70 23 was
715 680 59 34 the
792 680 152 42 Georgia
961 681 94 32 Aero
1073 679 209 42 Mayflower
1299 689 90 29 case,
1408 689 114 32 supra.

310 730 74 33 The
403 729 110 34 Court
531 729 127 43 upheld
677 729 59 34 the
753 729 62 33 flat
832 734 60 28 tax
909 728 94 40 then,
1022 728 69 34 and
1110 728 34 33 in
1162 727 210 44 subsequent
1390 727 61 34 flat
1469 727 55 34 fee

311 789 106 30 cases,
428 778 141 43 holding
578 778 76 34 that
664 789 20 23 a
694 783 89 29 state
792 788 81 33 may
882 778 132 43 impose
1023 789 20 22 a
1052 778 62 33 flat
1123 777 55 34 fee
1187 776 54 35 for
1249 777 59 34 the
1317 776 163 44 privilege
1488 775 39 35 of

311 828 100 43 using
433 828 43 35 its
499 827 112 35 roads.
636 828 38 34 In
700 827 143 44 Capitol
865 826 214 44 Greyhound
1099 828 112 37 Lines,
1235 832 34 28 et
1291 825 46 35 al.
1360 837 30 22 v.
1413 828 109 37 Brice,

313 878 165 41 Comm’r,
496 879 66 34 339
578 877 83 35 U.S.
679 878 68 34 542
764 877 137 43 (1950),
916 877 60 34 the
990 877 111 34 Court
1116 876 79 35 held
1209 876 77 35 that
1300 876 60 34 the
1374 875 150 36 formula

311 928 83 35 used
405 928 34 34 in
449 928 210 44 calculating
669 928 59 35 the
737 928 62 34 flat
808 932 59 30 tax
877 938 69 24 was
957 932 59 29 not
1025 927 141 41 crucial,
1177 927 117 34 rather
1304 926 59 35 the
1373 927 152 34 relevant

311 979 136 43 inquiry
465 990 70 23 was
553 978 153 35 whether
725 978 58 34 the
801 983 144 29 amount
963 977 39 35 of
1017 978 59 34 the
1093 982 60 30 tax
1171 987 69 25 was
1259 976 181 35 excessive.
1460 977 65 34 We

312 1039 112 32 agree.
439 1030 86 33 Acts
539 1028 39 34 of
589 1028 59 34 the
661 1028 216 43 Legislature
891 1038 59 24 are
963 1027 184 44 presumed
1160 1032 35 29 to
1209 1028 43 34 be
1265 1026 259 35 constitutional

311 1078 68 34 and
395 1078 68 34 will
480 1083 59 29 not
555 1078 43 34 be
614 1077 79 35 held
710 1078 45 43 by
770 1077 59 34 the
844 1082 115 29 courts
976 1082 35 29 to
1027 1078 43 33 be
1085 1076 309 35 unconstitutional
1410 1077 114 34 unless

311 1128 97 34 there
421 1128 27 33 is
461 1139 20 23 a
493 1128 92 34 clear
598 1127 290 44 incompatibility
900 1127 154 34 between
1067 1127 59 34 the
1138 1131 57 29 act
1207 1126 69 35 and
1288 1126 60 34 the
1359 1126 165 34 constitu­

311 1178 83 39 tion,
408 1177 82 34 with
504 1177 45 34 all
562 1176 125 35 doubts
701 1176 152 35 resolved
866 1177 35 33 in
914 1176 96 34 favor
1023 1176 39 34 of
1071 1176 60 34 the
1143 1180 67 30 act.
1223 1175 151 35 Pulaski
1387 1177 137 41 County

311 1226 202 44 Municipal
524 1227 109 34 Court
642 1238 30 23 v.
682 1227 112 39 Scott,
806 1227 69 33 272
884 1226 85 34 Ark.
986 1225 387 41 115, 612 S.W.2d 297
1387 1224 137 43 (1981).

312 1277 104 40 Here,
426 1276 59 34 the
494 1276 61 34 flat
565 1281 58 29 tax
633 1281 75 30 rate
717 1275 39 35 of
763 1276 19 37 $
790 1276 62 34 175
863 1286 70 24 was
943 1280 60 29 not
1011 1276 118 33 shown
1138 1280 36 29 to
1184 1275 43 35 be
1235 1274 172 35 excessive
1415 1285 38 24 or
1462 1285 61 23 un­

311 1326 212 34 reasonable.

317 1493 95 33 THE
431 1492 101 34 HUE
555 1492 95 34 TAX
671 1491 230 35 VIOLATES
924 1492 96 33 THE
1038 1491 160 43 EQUAL
1216 1490 310 35 PROTECTION

827 1540 184 36 CLAUSE

582 1621 73 36 The
670 1621 198 35 fourteenth
884 1620 224 36 amendment
1123 1625 35 30 to
1173 1620 59 35 the
1247 1620 83 36 U.S.
1347 1620 176 35 Constitu­

311 1673 72 34 tion
392 1672 156 45 provides
557 1672 77 35 that
642 1683 44 24 no
695 1683 123 34 person
828 1672 88 35 shall
925 1671 43 35 be
976 1671 125 35 denied
1110 1671 101 44 equal
1221 1671 191 45 protection
1421 1671 39 35 of
1465 1671 60 34 the

311 1723 65 34 law
386 1723 45 43 by
441 1733 67 33 any
518 1727 99 30 state.
629 1722 125 35 Before
763 1733 20 24 a
793 1727 130 30 statute
932 1733 66 23 can
1008 1722 43 35 be
1060 1722 166 34 reviewed
1236 1721 109 35 under
1355 1721 59 35 the
1422 1721 102 44 equal

311 1773 192 43 protection
525 1778 199 37 guarantee,
748 1783 20 23 a
789 1777 101 39 party
912 1776 93 30 must
1026 1772 236 34 demonstrate
1282 1771 77 35 that
1380 1772 59 34 the
1459 1771 65 34 law

311 1822 163 34 classifies
489 1832 140 33 persons
645 1822 34 34 in
694 1832 96 24 some
804 1832 156 24 manner.
976 1822 148 40 Nowak,
1140 1821 176 41 Rotunda,
1336 1822 33 33 &
1386 1821 137 42 Young,

313 1871 277 35 Constitutional
598 1873 92 39 Law,
700 1882 32 33 p.
744 1872 68 33 600
824 1870 125 44 (2ded.
964 1870 117 43 1983).
1091 1870 113 35 There
1213 1882 60 23 are
1282 1870 97 34 three
1387 1881 91 33 ways
1488 1875 36 29 to

311 1921 165 35 establish
497 1932 21 23 a
538 1921 254 34 classification:
814 1921 60 34 the
893 1925 130 30 statute
1044 1932 81 32 may
1145 1920 44 34 do
1209 1932 37 23 so
1266 1931 44 23 on
1331 1920 43 34 its
1395 1920 87 41 face;
1503 1931 21 23 a

312 1971 140 43 facially
475 1971 135 34 neutral
633 1976 130 29 statute
786 1981 81 33 may
889 1971 43 34 be
955 1970 138 44 applied
1115 1971 169 42 unevenly
1306 1975 35 29 to
1363 1969 161 35 different

310 2031 127 32 groups
446 2021 46 43 by
501 2021 98 33 those
608 2020 263 43 administering
880 2020 37 40 it;
927 2031 38 23 or
975 2031 20 23 a
1005 2019 141 44 facially
1155 2020 136 34 neutral
1300 2020 76 40 law,
1387 2019 136 44 applied

311 2070 270 43 evenhandedly,
605 2069 34 35 in
662 2070 123 43 reality
808 2080 81 33 may
911 2069 187 35 constitute
1120 2080 20 23 a
1163 2068 118 35 device
1302 2068 164 43 designed
1488 2074 36 29 to

311 2119 132 43 impose
456 2119 162 34 different
632 2119 150 34 burdens
796 2129 44 24 on
853 2119 163 34 different
1029 2119 127 33 classes
1170 2118 39 34 of
1219 2129 151 33 persons.
1384 2118 53 34 Id.
1451 2118 73 34 The

311 2168 194 43 appellants
514 2178 107 32 argue
629 2168 77 34 that
714 2168 60 34 the
782 2172 60 30 tax
850 2167 164 35 classifies
1023 2167 145 35 carriers
1178 2167 106 35 based
1293 2178 44 23 on
1346 2167 178 34 interstate

309 2228 118 23 versus
447 2218 183 34 intrastate
650 2227 204 25 commerce.

519 2297 99 35 Once
644 2309 20 23 a
691 2297 244 35 classification
962 2296 27 35 is
1016 2296 109 35 found
1151 2301 36 29 to
1213 2296 98 41 exist,
1338 2296 60 34 the
1424 2296 100 44 equal

311 2348 192 43 protection
523 2347 150 43 analysis
692 2352 97 29 turns
809 2357 44 24 on
872 2346 154 35 whether
1045 2347 59 34 the
1123 2346 244 35 classification
1386 2345 99 36 bears
1506 2356 20 24 a

311 2397 148 34 rational
480 2396 224 44 relationship
724 2401 35 29 to
779 2407 21 23 a
820 2397 193 42 legitimate
1032 2401 90 29 state
1142 2396 152 34 interest.
