1624 2688
412 426 90 40 trial,
520 426 159 42 hearings
695 436 43 23 on
755 425 139 44 pretrial
911 425 159 40 motions,
1087 425 244 42 interlocutory
1347 424 151 43 appeals,

413 475 68 35 and
502 475 95 35 trials
618 475 39 34 of
674 475 98 34 other
792 475 143 42 charges
957 474 135 43 against
1113 474 58 34 the
1191 473 199 35 defendant.

291 289 43 33 54

473 558 31 33 It
517 557 27 34 is
557 556 208 44 undisputed
778 556 76 34 that
866 556 59 34 the
937 555 176 44 appellant
1125 566 69 23 was
1207 554 88 35 tried
1308 565 95 23 more
1415 554 84 34 than

289 607 158 43 eighteen
461 606 137 34 months
612 606 89 34 after
715 606 43 34 he
769 617 70 23 was
852 605 161 43 charged.
1029 605 63 34 His
1106 605 79 34 trial
1198 610 158 37 attorney
1368 604 59 34 did
1441 609 59 29 not

289 667 99 23 move
396 662 36 28 to
441 656 136 34 dismiss
587 656 59 34 the
654 656 144 42 charges
808 666 44 23 on
861 655 76 34 that
947 655 143 43 ground.
1102 655 90 33 Rule
1201 655 75 33 28.1
1285 654 46 43 (f)
1343 654 156 44 provides

289 706 76 34 that
390 706 124 34 failure
538 711 35 29 to
598 716 99 24 move
721 705 53 34 for
799 705 171 34 dismissal
995 709 168 39 pursuant
1187 710 36 28 to
1248 704 90 34 Rule
1363 703 133 43 28.1(c)

289 756 202 34 constitutes
511 755 124 35 waiver
655 755 40 35 of
711 755 59 34 the
790 755 91 43 right
902 760 35 29 to
957 765 20 24 a
998 754 126 44 speedy
1144 754 89 34 trial.

379 838 50 33 As
447 837 58 34 the
522 837 176 43 appellant
715 848 69 23 was
801 836 186 44 precluded
1005 836 44 43 by
1066 836 125 34 waiver
1208 835 90 35 from
1315 835 183 44 appealing

289 887 58 34 the
359 887 112 43 prima
484 886 90 35 facie
585 886 163 35 violation
761 886 39 34 of
810 886 58 34 the
880 886 127 43 speedy
1019 886 79 34 trial
1111 886 84 40 rule,
1208 885 44 34 he
1264 885 125 43 sought
1402 885 100 34 relief

289 936 90 34 from
394 937 59 33 the
468 936 79 34 trial
563 941 98 29 court
677 947 43 23 on
736 936 59 34 the
810 936 91 34 basis
918 936 76 34 that
1009 936 52 33 his
1077 935 79 34 trial
1172 935 139 34 counsel
1327 934 69 35 had
1413 935 85 34 been

289 986 203 34 ineffective.
513 986 69 34 See
602 986 90 33 Rule
713 987 54 38 37;
791 986 140 33 Carrier
949 996 29 23 v.
1000 985 112 40 State,
1135 986 65 32 278
1222 985 85 33 Ark.
1330 985 78 39 542,
1431 985 66 33 647

288 1035 143 34 S.W.2d
444 1036 68 33 449
528 1034 136 43 (1983).
678 1035 75 33 The
764 1035 79 33 trial
856 1039 99 29 court
967 1034 137 34 refused
1118 1039 35 29 to
1165 1039 102 37 grant
1279 1033 102 34 relief
1390 1033 109 34 under

289 1084 90 34 Rule
393 1085 42 32 37
450 1084 147 34 because
610 1084 44 33 he
666 1083 107 34 found
787 1084 76 33 that
876 1083 59 34 the
948 1083 175 43 appellant
1136 1083 69 34 had
1218 1082 103 34 made
1334 1093 20 23 a
1367 1082 131 34 motion

288 1133 54 34 for
353 1144 44 23 an
408 1133 159 34 omnibus
579 1133 142 42 hearing
733 1137 167 39 pursuant
911 1137 36 29 to
958 1133 90 33 Rule
1059 1133 44 33 20
1115 1132 68 34 and
1194 1132 69 34 had
1274 1132 82 34 then
1368 1131 130 35 waived

288 1183 59 34 the
366 1182 142 43 hearing
528 1182 159 44 fifty-five
705 1182 84 44 days
809 1182 91 35 after
919 1182 125 43 having
1064 1182 103 34 made
1186 1182 59 34 the
1263 1181 141 35 motion.
1425 1181 74 35 The

288 1238 98 28 court
395 1232 79 34 held
483 1233 59 33 the
550 1232 148 43 running
707 1232 39 34 of
752 1232 58 34 the
819 1232 297 43 eighteen-month
1125 1231 118 44 period
1252 1242 70 24 was
1331 1231 104 35 tolled
1445 1231 53 34 for

288 1282 98 34 those
410 1282 159 43 fifty-five
593 1282 95 43 days.
714 1282 179 42 Although
918 1282 59 34 the
997 1281 108 43 judge
1129 1281 59 34 did
1213 1286 59 29 not
1297 1292 61 32 say
1382 1292 48 30 so,
1456 1281 43 35 he

288 1332 176 43 obviously
475 1343 69 23 was
556 1331 149 44 denying
717 1331 101 35 relief
827 1331 109 34 under
948 1331 90 34 Rule
1050 1333 42 32 37
1105 1342 44 23 on
1161 1331 59 34 the
1231 1331 148 43 premise
1390 1331 76 34 that
1478 1342 20 23 a

288 1381 130 34 motion
435 1381 53 34 for
504 1381 171 34 dismissal
693 1381 53 34 for
762 1381 125 34 failure
903 1386 35 29 to
954 1380 140 44 provide
1110 1392 20 23 a
1147 1380 126 44 speedy
1289 1380 80 34 trial
1385 1380 113 34 would

288 1431 87 34 have
389 1431 86 34 been
490 1430 134 41 denied,
639 1431 79 34 thus
733 1431 168 34 counselâ€™s
916 1430 125 35 failure
1055 1435 35 29 to
1104 1431 103 33 make
1221 1430 59 34 the
1294 1430 130 34 motion
1439 1429 59 35 did

288 1486 59 29 not
367 1481 185 34 constitute
572 1480 194 35 ineffective
786 1480 198 35 assistance.

379 1563 64 34 We
462 1562 112 35 would
593 1573 103 33 agree
715 1563 81 34 with
815 1563 59 34 the
893 1562 78 35 trial
990 1567 99 30 court
1108 1562 30 34 if
1153 1562 60 34 the
1231 1562 130 34 motion
1381 1562 53 34 for
1453 1573 44 24 an

287 1612 159 35 omnibus
458 1612 142 44 hearing
612 1612 68 35 had
691 1612 127 35 caused
829 1624 20 23 a
861 1612 101 44 delay
973 1612 34 34 in
1018 1612 59 35 the
1088 1612 140 43 holding
1239 1612 39 34 of
1286 1612 59 34 the
1355 1612 90 34 trial.
1458 1612 38 34 In

288 1662 67 34 this
368 1673 90 30 case,
472 1662 165 41 however,
652 1673 44 23 no
708 1662 78 34 trial
800 1662 81 34 date
893 1673 70 23 was
976 1667 52 29 set
1041 1662 87 34 until
1141 1662 125 34 almost
1279 1673 20 23 a
1313 1673 81 32 year
1407 1662 90 34 after

288 1712 59 33 the
365 1712 176 43 appellant
559 1711 130 34 waived
709 1712 58 33 the
786 1712 153 42 hearing.
960 1712 74 33 The
1053 1711 142 43 hearing
1215 1722 69 23 was
1304 1711 130 34 waived
1453 1722 44 23 on

288 1761 99 42 April
406 1762 51 39 12,
478 1762 97 32 1982.
591 1761 56 33 On
664 1761 126 33 March
805 1762 55 38 21,
880 1761 99 40 1983,
995 1760 59 34 the
1067 1761 79 33 trial
1161 1771 69 23 was
1245 1765 52 29 set
1310 1765 36 29 to
1361 1760 42 34 be
1417 1760 79 34 held

288 1810 79 43 July
386 1811 31 39 7,
442 1811 98 33 1983.
559 1810 74 34 The
651 1810 119 34 record
788 1810 157 34 contains
964 1820 44 23 no
1027 1810 220 43 explanation
1265 1809 39 34 of
1319 1810 59 33 the
1396 1809 101 44 delay

287 1859 111 34 which
415 1859 164 34 occurred
595 1859 154 34 between
764 1859 100 43 April
885 1860 52 40 12,
958 1860 99 40 1982,
1074 1859 68 34 and
1159 1859 80 43 July
1254 1860 32 40 7,
1307 1860 98 33 1983.
1422 1859 75 34 The

287 1909 175 43 appellant
478 1909 127 43 clearly
621 1920 69 23 was
706 1914 59 29 not
781 1908 141 43 holding
938 1919 46 33 up
1000 1909 59 34 the
1074 1908 79 35 trial
1169 1908 123 43 during
1308 1909 76 34 that
1400 1908 94 35 time.

376 1990 75 34 The
473 1995 89 29 state
583 1990 84 34 cites
689 1989 130 44 People
839 2001 30 23 v.
895 1989 178 44 Chiofalo,
1097 1991 42 33 73
1163 1989 138 35 A.D.2d
1324 1991 79 39 673,
1426 1991 66 33 423

286 2039 182 34 N.Y.S.2d
485 2040 68 33 210
571 2039 137 42 (1979),
725 2039 34 34 in
775 2039 112 34 which
904 2050 44 23 an
965 2039 182 34 â€œomnibus
1163 2039 152 34 motionâ€
1332 2039 103 34 made
1450 2039 45 44 by

286 2088 59 35 the
365 2088 189 35 defendant
574 2088 127 35 caused
722 2089 59 34 the
801 2094 199 38 prosecutor
1021 2094 35 29 to
1077 2094 136 38 request
1234 2088 68 35 and
1323 2089 131 34 receive
1474 2100 21 23 a

286 2138 229 34 continuance
526 2143 35 30 to
574 2139 125 43 permit
711 2139 78 34 trial
802 2138 135 44 beyond
950 2139 58 34 the
1020 2139 88 34 New
1121 2139 97 34 York
1229 2144 170 38 statutory
1411 2139 85 34 time

286 2188 99 34 limit.
397 2188 74 34 The
481 2193 99 30 court
590 2188 103 35 made
704 2188 26 35 it
740 2189 93 34 clear
844 2188 76 35 that
931 2188 59 35 the
999 2188 101 44 delay
1111 2188 134 44 beyond
1256 2189 59 34 the
1326 2188 88 35 limit
1425 2199 70 24 was

286 2237 144 44 directly
450 2238 127 34 caused
597 2238 45 43 by
662 2238 59 34 the
740 2238 218 34 defendantâ€™s
979 2238 141 34 motion.

376 2319 85 34 Also
470 2319 90 34 cited
571 2319 44 43 by
624 2319 59 34 the
692 2324 89 29 state
791 2319 27 34 is
827 2319 102 34 State
937 2330 30 23 v.
979 2320 114 40 Gowe,
1107 2321 39 32 13
1157 2319 92 34 Ohio
1258 2320 90 43 App.
1360 2319 44 34 3d
1415 2320 79 40 358,

286 2369 67 34 469
366 2368 138 35 N.E.2d
516 2370 67 33 909
598 2368 136 43 (1983).
747 2369 112 34 There
870 2369 59 34 the
940 2368 189 35 defendant
1140 2369 105 34 asked
1257 2369 53 34 for
1322 2380 20 23 a
1354 2369 141 43 pretrial

286 2418 142 43 hearing
448 2429 43 23 on
511 2429 20 24 a
552 2418 253 34 misdemeanor
824 2418 112 35 traffic
954 2418 131 34 offense
1104 2419 137 42 charge.
1261 2418 74 35 The
1354 2418 141 44 pretrial
