1664 2693
259 413 90 33 Does
370 412 75 35 that
466 423 100 24 cover
587 412 46 34 it?

1279 271 66 33 633

351 493 84 33 MR.
458 492 231 34 DICKSON:
712 493 14 33 I
748 491 98 35 think
867 491 25 34 it
912 491 93 41 does,
1027 503 85 32 your
1133 492 117 34 honor.

351 573 85 33 MR.
459 571 184 36 BUNCH:
666 572 82 41 Yes,
769 582 85 33 your
874 571 119 35 honor.

365 651 112 34 There
490 661 70 24 was
575 650 179 44 obviously
768 662 44 23 no
826 651 215 43 compliance
1055 651 83 34 with
1153 650 90 35 Rule
1257 651 91 41 24.4,

133 712 38 24 as
182 711 90 24 none
281 701 40 34 of
327 701 59 34 the
396 700 224 36 information
631 701 159 44 required
801 707 35 29 to
846 700 43 35 be
898 701 174 44 conveyed
1082 701 46 44 by
1138 700 59 36 the
1206 706 98 29 court
1314 706 35 30 to

133 762 44 23 an
194 751 148 34 accused
358 762 68 23 was
442 751 173 43 conveyed
631 751 45 44 by
692 751 224 43 “addressing
932 751 59 34 the
1006 751 190 35 defendant
1211 762 136 33 person­

133 800 104 45 ally.”
256 801 76 34 Nor
349 801 58 34 did
424 801 59 34 the
499 806 99 30 court
615 801 166 35 establish
798 813 20 23 a
835 800 132 35 factual
986 801 91 35 basis
1095 801 53 35 for
1165 801 59 34 the
1240 801 109 44 guilty

133 851 89 44 plea.
236 851 30 34 It
276 851 28 34 is
315 856 59 29 not
384 852 135 42 enough
529 851 78 34 that
616 851 60 34 the
686 856 199 39 prosecutor
895 851 106 35 recite
1011 851 73 35 into
1093 852 60 34 the
1162 851 120 34 record
1292 852 59 34 the

134 901 205 42 allegations
356 901 135 43 against
507 901 60 34 the
583 901 158 35 accused.
759 902 74 34 The
848 906 99 29 court
963 907 93 29 must
1072 901 171 35 ascertain
1259 901 91 35 from

134 951 60 34 the
206 951 149 34 accused
368 951 153 35 whether
534 951 44 34 he
591 951 27 34 is
632 951 162 43 pleading
807 951 110 44 guilty
930 951 149 35 because
1092 952 43 34 he
1148 951 146 35 believes
1308 952 43 34 he

134 1001 35 34 in
184 1000 73 35 fact
272 1000 27 34 is
313 1001 119 43 guilty.
447 1000 130 35 Atkins
589 1012 31 23 v.
634 1001 114 41 State,
763 1002 67 33 287
845 1001 85 34 Ark.
946 1002 80 40 445,
1042 1002 64 33 701
1124 1001 143 35 S.W.2d
1286 1002 63 34 109

136 1050 138 43 (1985).

320 1131 65 33 We
394 1130 87 35 have
490 1129 91 41 held,
592 1130 69 34 and
670 1141 52 24 we
731 1131 162 34 continue
902 1135 36 29 to
947 1130 93 41 hold,
1050 1131 77 34 that
1136 1130 215 44 compliance

135 1179 83 35 with
237 1180 92 34 Rule
347 1181 44 33 24
410 1180 27 34 is
457 1179 217 44 mandatory.
694 1180 99 34 Reed
809 1192 30 22 v.
858 1180 113 40 State,
992 1181 67 33 276
1078 1181 85 34 Ark.
1185 1181 78 40 318,
1283 1181 66 33 635

135 1229 36 35 S.
176 1229 103 34 W.2d
290 1230 68 33 472
369 1229 137 43 (1982);
516 1231 101 32 Irons
625 1241 30 23 v.
665 1230 113 41 State,
789 1231 66 33 267
866 1230 85 34 Ark.
961 1231 155 40 469,
1130 1230 35 35 591
1170 1230 103 34 S.W.2d
1283 1230 68 34 650

137 1278 139 43 (1980).
298 1279 39 34 In
356 1279 175 44 Shipman
549 1290 31 23 v.
600 1280 114 40 State,
736 1280 63 34 261
823 1279 85 35 Ark.
931 1281 78 39 559,
1032 1281 67 33 550
1119 1279 143 35 S.W.2d
1283 1280 68 34 454

137 1328 139 44 (1977),
296 1340 51 23 we
366 1329 78 34 held
464 1330 76 34 that
560 1329 208 35 substantial
787 1329 215 44 compliance
1021 1341 69 23 was
1110 1329 180 36 sufficient.
1312 1331 39 33 In

135 1379 77 34 that
229 1389 81 24 case
326 1379 59 34 the
403 1384 199 39 prosecutor
620 1379 113 35 stated
752 1380 58 34 the
827 1379 123 35 details
968 1379 40 35 of
1022 1380 59 34 the
1098 1380 124 34 crimes
1240 1385 35 29 to
1292 1380 59 34 the

134 1433 111 36 court,
266 1428 63 35 but
349 1439 61 24 our
430 1429 140 44 opinion
591 1429 113 44 points
724 1435 70 29 out:

260 1508 75 34 The
345 1508 108 43 judge
468 1508 227 41 determined,
711 1509 45 43 by
771 1508 173 45 inquiring
958 1508 40 35 of
1010 1509 177 44 appellant
1202 1509 149 41 himself,

261 1557 77 35 that
349 1558 176 44 appellant
537 1558 98 34 knew
647 1558 77 35 that
735 1558 44 35 he
789 1569 70 24 was
870 1558 147 44 waiving
1029 1558 52 35 his
1093 1558 92 44 right
1196 1563 36 30 to
1243 1570 20 23 a
1271 1559 81 44 jury

261 1608 90 41 trial,
364 1619 69 24 was
445 1608 209 44 voluntarily
665 1609 156 43 entering
834 1619 20 24 a
866 1609 110 44 guilty
988 1609 78 44 plea
1078 1614 36 30 to
1125 1609 60 35 the
1196 1609 155 43 charges,

261 1658 69 34 and
341 1669 69 24 was
423 1659 34 34 in
469 1659 73 34 fact
553 1659 111 44 guilty
676 1659 68 35 and
756 1659 76 35 that
844 1658 43 35 he
898 1659 98 34 knew
1008 1659 77 35 that
1097 1660 59 34 the
1163 1659 108 43 judge
1282 1670 69 24 was

261 1713 60 30 not
341 1708 115 35 bound
477 1714 35 30 to
533 1714 122 38 accept
675 1709 59 35 the
754 1715 105 29 terms
880 1709 39 34 of
936 1709 60 35 the
1015 1710 78 44 plea
1114 1709 155 43 bargain.

136 1789 95 33 Here
245 1787 97 34 there
355 1799 69 23 was
438 1799 44 23 no
496 1788 85 34 such
595 1788 207 34 substantial
816 1788 226 43 compliance,
1057 1800 38 23 as
1109 1789 59 34 the
1181 1794 98 29 court
1292 1789 59 34 did

136 1842 60 29 not
214 1837 135 43 inquire
367 1837 38 34 of
420 1837 59 34 the
497 1837 177 43 appellant
692 1837 153 35 whether
863 1837 44 34 he
924 1848 70 23 was
1013 1837 34 34 in
1065 1837 74 35 fact
1156 1837 120 43 guilty.
1295 1839 57 33 An

136 1885 138 44 inquiry
285 1886 45 42 by
341 1886 59 34 the
411 1892 98 28 court
520 1885 40 34 of
569 1886 59 34 the
639 1892 199 37 prosecutor
850 1886 154 34 whether
1015 1887 98 34 there
1124 1887 27 34 is
1163 1897 21 23 a
1195 1886 92 35 basis
1299 1887 53 34 for

135 1935 60 35 the
209 1934 129 45 charge
352 1935 136 43 against
502 1935 59 35 the
575 1935 149 35 accused
738 1935 81 36 does
834 1940 59 30 not
908 1936 166 35 establish
1088 1936 77 35 that
1179 1936 97 34 there
1289 1936 28 35 is
1331 1947 21 24 a

136 1984 133 36 factual
281 1985 91 35 basis
385 1985 52 35 for
449 1986 59 35 the
514 1985 85 44 plea
611 1997 38 23 as
660 1986 160 44 required
831 1986 45 44 by
888 1986 91 35 Rule
990 1987 91 34 24.6.
1094 1987 92 35 That
1196 1997 65 24 can
1272 1987 80 44 only

135 2035 44 35 be
191 2034 91 36 done
295 2035 45 44 by
353 2036 59 34 the
424 2041 99 30 court
536 2036 122 44 asking
672 2037 59 34 the
744 2036 189 36 defendant
946 2036 31 35 if
987 2037 44 35 he
1044 2037 59 35 did
1116 2038 60 34 the
1188 2037 115 43 things
1316 2037 40 35 of

135 2085 113 35 which
269 2086 44 34 he
333 2086 118 34 stands
472 2086 148 35 accused
642 2087 69 34 and
731 2087 28 34 is
780 2086 161 45 pleading
961 2087 111 43 guilty
1093 2088 148 34 because
1261 2087 43 34 he
1325 2087 27 34 is

136 2135 121 43 guilty.

228 2214 75 34 The
325 2214 189 44 dissenting
537 2215 139 43 opinion
700 2215 135 35 focuses
858 2225 44 24 on
925 2215 154 35 whether
1101 2216 60 34 the
1183 2215 77 44 plea
1283 2226 70 24 was

135 2264 210 44 voluntarily
358 2265 150 34 entered.
524 2265 30 34 It
568 2264 135 43 ignores
716 2265 59 35 the
787 2264 79 36 trial
879 2265 128 34 court’s
1021 2265 126 35 failure
1158 2270 36 29 to
1207 2265 76 43 give
1295 2265 59 35 the

136 2314 178 44 appellant
328 2314 59 35 the
401 2314 224 35 information
640 2315 160 44 required
814 2316 45 43 by
873 2315 91 35 Rule
978 2316 91 34 24.4.
1084 2317 51 33 As
1149 2326 51 23 we
1213 2315 140 44 pointed

136 2370 61 29 out
212 2364 34 34 in
259 2364 131 35 Atkins
402 2376 30 23 v.
446 2365 114 40 State,
574 2376 120 32 supra,
710 2365 59 34 the
783 2365 102 35 rule’s
899 2375 149 34 purpose
1061 2365 28 35 is
1103 2371 36 29 to
1154 2364 128 36 inform
1295 2365 59 35 the

136 2413 220 35 defendant’s
372 2415 161 34 ultimate
548 2414 152 35 decision
716 2420 36 29 to
768 2414 101 45 plead
885 2415 121 43 guilty.
1024 2415 112 35 Given
1152 2415 59 34 the
1226 2415 127 34 court’s
