1656 2696
1263 277 66 34 295

213 421 140 44 Friday,
365 420 175 44 Eldredge
551 422 31 33 &
596 420 121 41 Clark,
728 420 155 34 Michael
892 419 44 35 G.
947 419 126 40 Smith,
1083 418 54 35 for
1146 418 185 44 appellant.

214 499 174 33 Harrison
411 498 30 33 &
463 498 148 39 Hewett,
632 496 56 44 by:
710 496 109 34 Mark
838 496 148 40 Hewett,
1008 494 53 35 for
1081 494 164 44 appellee.

215 574 161 34 George
400 574 99 33 Rose
523 572 132 41 Smith,
680 572 140 35 Justice.

845 571 83 35 This
952 571 28 34 is
1005 582 20 23 a
1048 570 195 44 taxpayer’s
1266 570 68 34 suit

124 623 150 43 brought
286 623 45 44 by
343 623 59 34 the
413 623 155 43 appellee
580 622 53 34 for
645 633 20 23 a
677 622 217 43 declaratory
902 621 185 43 judgment
1098 626 36 29 to
1145 620 190 35 determine

124 673 60 35 the
197 673 144 43 validity
354 672 39 35 of
404 677 215 38 tax-exempt
634 671 109 35 bonds
757 677 36 29 to
807 671 43 35 be
864 670 114 35 issued
993 670 45 44 by
1052 670 59 34 the
1126 671 80 33 Fort
1220 669 115 35 Smith

124 723 161 34 Tourism
297 722 171 34 Facilities
479 721 114 35 Board
603 721 53 34 for
666 721 59 34 the
734 720 233 35 construction
977 720 39 34 of
1023 731 20 23 a
1053 720 189 43 nine-story
1252 720 82 33 260-

126 782 97 24 room
236 772 93 34 hotel
342 772 34 34 in
389 771 192 35 downtown
596 772 81 33 Fort
689 771 125 34 Smith.
828 769 180 44 Although
1021 769 59 35 the
1092 769 155 43 building
1260 769 28 34 is
1301 774 35 29 to

126 822 43 34 be
187 821 101 35 100%
301 821 158 35 financed
472 821 46 44 by
531 821 60 34 the
604 820 92 35 bond
710 820 101 41 issue,
825 820 27 35 it
864 820 68 34 will
946 820 44 34 be
1003 830 20 24 a
1037 819 167 44 privately
1217 818 119 35 owned

126 872 105 40 hotel,
245 870 164 45 operated
422 871 53 34 for
487 871 112 44 profit.
613 870 217 44 Apparently
842 869 234 36 construction
1089 869 28 34 is
1129 869 109 34 under
1249 879 86 33 way,

126 921 83 35 with
227 922 59 34 the
302 921 147 44 opening
465 920 39 35 of
517 919 60 36 the
592 921 93 34 hotel
702 920 186 35 scheduled
905 919 53 35 for
974 919 60 35 the
1049 919 117 44 spring
1182 918 39 35 of
1237 919 98 34 1986.

127 972 91 34 John
233 972 43 43 Q.
293 971 229 41 Hammonds,
537 971 60 34 the
610 970 96 35 chief
716 970 180 44 developer
910 969 39 35 of
960 969 60 35 the
1033 969 142 44 project,
1189 968 148 35 testified

127 1021 77 36 that
216 1021 59 35 the
286 1021 92 35 hotel
390 1021 67 35 will
468 1021 43 35 be
522 1019 195 46 completed
728 1020 82 35 with
821 1031 38 24 or
870 1019 145 36 without
1026 1019 117 45 public
1153 1019 184 43 financing.

127 1070 104 37 After
246 1071 142 44 hearing
403 1082 19 24 a
436 1076 98 39 great
548 1070 78 35 deal
640 1069 39 36 of
690 1070 185 44 testimony
888 1070 59 35 the
960 1070 196 35 chancellor
1170 1069 79 35 held
1263 1069 76 35 that

128 1122 59 35 the
196 1121 110 36 bonds
316 1133 59 23 are
384 1120 137 42 invalid,
531 1132 38 24 as
579 1126 60 30 not
648 1121 102 43 being
759 1120 113 36 issued
882 1120 53 35 for
944 1131 20 24 a
974 1120 117 44 public
1099 1130 157 34 purpose.
1265 1119 74 35 The

129 1171 124 45 appeal
274 1182 114 24 comes
408 1177 36 29 to
464 1171 68 35 this
552 1176 99 30 court
671 1170 108 35 under
800 1171 90 34 Rule
910 1169 172 44 29(l)(c).

362 1248 64 34 We
440 1247 86 35 need
541 1252 60 30 not
614 1247 132 35 discuss
760 1247 59 34 the
832 1247 90 34 issue
935 1246 39 35 of
985 1246 118 44 public
1116 1256 156 34 purpose,
1287 1245 54 35 for

130 1309 63 24 our
209 1299 80 42 long
305 1297 160 44 standing
481 1298 74 34 rule
571 1298 28 33 is
614 1303 36 29 to
666 1297 113 35 affirm
794 1297 59 34 the
868 1297 79 34 trial
963 1296 127 35 court’s
1106 1296 151 34 decision
1272 1295 30 35 if
1314 1296 27 34 it

131 1348 149 34 reached
304 1348 59 34 the
385 1347 91 43 right
500 1347 117 41 result,
642 1347 166 43 although
832 1357 20 24 a
876 1346 162 35 different
1062 1357 122 23 reason
1207 1345 52 35 for
1283 1345 59 34 the

130 1397 153 34 decision
297 1407 80 33 may
389 1397 87 34 have
488 1396 88 35 been
588 1397 111 42 given.
712 1396 136 43 Ratliff
851 1407 31 22 v.
896 1397 114 39 Moss,
1024 1396 68 33 284
1105 1395 85 34 Ark.
1207 1396 52 39 16,
1273 1395 66 34 678

131 1446 144 35 S.W.2d
306 1447 66 33 369
404 1445 137 43 (1984).
573 1446 194 40 Moreover,
796 1445 98 34 when
924 1456 20 23 a
974 1449 101 39 party
1104 1450 35 29 to
1168 1455 20 23 a
1218 1444 67 34 suit
1314 1444 27 34 is

132 1495 235 45 representing
377 1495 58 35 the
445 1495 127 44 public,
582 1506 38 24 as
630 1494 34 36 in
674 1495 68 35 this
752 1494 195 45 taxpayer’s
957 1494 79 41 suit,
1047 1494 26 34 it
1082 1494 28 34 is
1120 1505 62 23 our
1192 1494 151 44 practice

132 1551 36 30 to
177 1545 157 36 consider
344 1545 44 35 all
398 1545 161 35 essential
568 1545 176 44 questions
753 1556 44 24 on
807 1545 88 35 their
905 1544 129 35 merits.
1045 1545 134 33 Morris
1187 1555 30 23 v.
1232 1543 109 35 Torch

134 1595 102 42 Club,
258 1597 66 33 278
346 1596 84 34 Ark.
452 1596 79 40 283,
553 1596 69 34 644
642 1594 143 36 S.W.2d
806 1595 66 34 945
896 1593 138 45 (1983).

318 1672 38 34 In
371 1672 143 34 another
528 1671 140 44 opinion
682 1670 138 36 handed
834 1670 100 35 down
947 1669 106 45 today
1066 1681 52 23 we
1131 1681 59 23 are
1204 1669 139 43 holding

132 1722 77 35 that
222 1733 20 23 a
257 1722 187 43 municipal
457 1721 92 35 bond
563 1721 91 35 issue
667 1721 84 34 such
764 1731 38 24 as
815 1721 68 34 this
896 1731 65 24 one
974 1720 28 34 is
1015 1725 60 29 not
1086 1719 92 35 valid
1191 1720 113 34 unless
1317 1719 26 34 it

133 1772 62 34 has
224 1772 86 34 been
339 1771 172 44 approved
539 1776 37 29 at
604 1782 45 23 an
677 1770 156 35 election.
864 1771 80 42 City
972 1769 46 44 of
1037 1771 75 33 Hot
1138 1770 148 43 Springs
1312 1780 30 23 v.

135 1822 192 39 Creviston,
342 1821 66 34 288
423 1821 85 33 Ark.
524 1821 79 39 286,
618 1821 67 33 705
701 1819 143 35 S.W.2d
857 1820 67 33 415
942 1818 137 43 (1986).
1094 1819 112 34 There
1219 1819 125 42 having

134 1870 87 34 been
233 1880 44 24 no
289 1870 144 33 election
446 1870 34 33 in
492 1870 59 33 the
562 1874 138 38 present
711 1879 90 30 case,
813 1869 59 34 the
883 1869 79 33 trial
974 1868 127 34 court’s
1112 1868 151 34 decision
1274 1878 70 23 was

134 1919 93 43 right
237 1919 69 34 and
317 1924 92 29 must
419 1919 43 34 be
472 1918 129 45 upheld
611 1917 54 36 for
675 1918 60 35 the
745 1929 138 24 reasons
893 1918 100 43 given
1004 1917 35 35 in
1049 1917 60 35 the
1119 1918 73 34 Hot
1202 1917 142 44 Springs

134 1980 90 24 case.

226 2044 180 35 Affirmed.

227 2121 159 40 Purtle,
407 2121 42 40 J.,
471 2125 59 29 not
550 2119 256 45 participating.

228 2197 115 40 Hays,
364 2196 42 41 J.,
427 2195 157 35 dissents.

228 2272 140 35 Steele
383 2273 115 39 Hays,
513 2271 141 41 Justice,

668 2270 200 44 dissenting.
883 2270 75 35 The
971 2270 196 35 chancellor
1181 2269 167 44 correctly

137 2321 215 36 determined
361 2322 77 35 that
446 2322 97 34 these
552 2321 109 35 bonds
670 2332 89 24 were
767 2326 36 30 to
812 2321 43 35 be
863 2320 120 45 repaid
992 2320 145 44 entirely
1145 2319 91 35 from
1245 2319 103 35 funds

137 2372 140 35 derived
291 2372 90 35 from
394 2372 60 35 the
467 2371 204 36 convention
684 2370 246 47 center/hotel,
945 2370 167 41 however,
1127 2370 43 35 he
1183 2370 72 35 also
1269 2369 80 35 held

138 2423 77 35 that
233 2434 44 24 no
294 2423 116 44 public
426 2433 148 34 purpose
590 2422 114 35 would
721 2422 43 35 be
781 2421 119 36 served
916 2421 46 44 by
979 2421 59 35 the
1055 2420 133 44 facility
1205 2419 69 36 and
1290 2420 60 35 the
