1677 2704
151 403 36 29 to
203 398 269 35 cross-examine
486 397 176 36 witnesses
678 398 69 35 and
763 403 62 39 put
840 409 44 24 on
900 398 163 35 evidence
1077 410 70 23 was
1163 409 20 24 a
1199 398 114 36 denial
1329 399 40 37 of

151 447 69 35 due
242 458 136 34 process
401 448 39 34 of
459 448 76 35 law.
559 448 244 44 Accordingly,
826 460 51 23 we
900 448 145 35 remand
1067 449 59 34 the
1148 459 79 24 case
1248 454 36 29 to
1306 449 60 34 the

153 498 145 43 probate
318 503 97 29 court
435 498 54 34 for
509 508 20 25 a
550 497 64 35 full
634 498 155 43 hearing.

1297 258 63 34 331

245 573 173 35 Reversed
439 574 68 34 and
528 574 200 35 remanded.

245 650 159 40 Purtle,
425 650 42 40 J.,
489 654 60 30 not
569 649 256 45 participating.

247 726 120 40 Holt,
388 725 87 41 C.J.,
496 725 69 35 and
586 726 105 34 Hays
711 725 68 35 and
799 726 209 40 Newbern,
1030 726 64 40 JJ.,
1115 736 137 24 concur.

247 801 126 34 David
388 801 209 40 Newbern,
615 801 141 40 Justice,

773 802 214 42 concurring.
1005 802 75 34 The
1095 801 162 44 majority
1272 802 95 43 opin­

154 850 57 35 ion
224 850 27 34 is
263 855 143 36 correct,
419 850 68 35 and
500 851 15 34 I
527 861 103 32 agree
641 851 83 35 with
736 850 26 35 it
774 851 35 34 in
820 862 101 33 every
932 856 144 39 respect.
1089 852 74 34 The
1174 861 147 34 purpose
1331 852 40 34 of

154 900 69 34 this
238 900 205 43 concurring
456 900 140 44 opinion
611 900 29 35 is
653 906 37 30 to
704 900 96 45 point
813 906 61 29 out
887 911 87 25 once
987 901 105 43 again
1105 902 60 34 the
1178 901 88 35 need
1279 901 54 35 for
1347 913 22 24 a

156 949 123 44 family
289 955 98 30 court
396 950 53 35 for
459 950 190 35 Arkansas.
659 951 69 34 See
737 952 147 34 Jarmon
893 963 30 22 v.
934 952 134 40 Brown,
1080 952 68 35 286
1158 951 84 35 Ark.
1254 952 66 34 455
1333 957 36 30 at

156 1000 80 41 457,
254 1000 68 35 692
338 1000 143 35 S.W.2d
498 1001 66 34 618
583 1005 37 30 at
636 1002 68 33 620
723 1000 136 44 (1985).
876 1001 75 35 The
967 1001 276 36 harmonization
1258 1001 40 35 of
1310 1002 59 35 the

152 1049 255 44 jurisdictional
425 1050 188 44 provisions
631 1051 215 35 undertaken
865 1051 45 44 by
927 1051 60 35 the
1005 1051 162 45 majority
1184 1051 138 45 opinion
1340 1052 28 35 is

155 1105 145 36 correct,
315 1100 61 35 but
390 1100 59 35 the
462 1100 170 44 harmony
646 1101 28 34 is
688 1101 154 35 abstract
855 1101 69 35 and
939 1101 179 43 legalistic.
1133 1103 146 42 Anyone
1292 1102 77 35 who

157 1150 100 35 reads
268 1151 60 34 the
337 1150 138 44 opinion
486 1155 94 31 must
590 1151 127 35 realize
727 1151 76 35 that
813 1162 44 24 an
868 1152 179 35 Arkansas
1054 1151 152 44 juvenile
1215 1152 101 35 could
1327 1152 43 36 be

156 1200 124 45 placed
292 1201 34 35 in
338 1201 59 34 the
408 1200 145 45 custody
563 1201 40 35 of
612 1213 20 23 a
645 1201 160 36 divorced
817 1208 122 38 parent
951 1202 45 44 by
1007 1202 60 35 the
1077 1203 172 43 chancery
1260 1208 109 36 court,

157 1251 122 43 placed
294 1251 35 34 in
344 1250 59 35 the
417 1251 145 43 custody
576 1251 40 35 of
627 1263 20 23 a
663 1252 106 34 social
783 1252 145 35 services
944 1262 132 34 agency
1090 1253 45 43 by
1149 1252 60 35 the
1218 1252 152 44 juvenile

156 1306 110 35 court,
291 1300 69 36 and
383 1300 179 44 subjected
585 1306 36 29 to
645 1312 20 24 a
689 1301 248 45 guardianship
961 1301 40 35 of
1021 1302 52 34 his
1097 1313 122 33 person
1243 1302 45 44 by
1311 1303 59 36 the

157 1350 146 43 probate
322 1355 98 30 court
438 1371 48 4 —
505 1350 46 36 all
572 1356 37 29 at
629 1351 59 35 the
708 1361 96 26 same
823 1351 94 35 time!

248 1427 51 34 As
312 1425 59 35 the
384 1426 163 44 majority
560 1427 139 43 opinion
714 1438 88 32 says,
816 1433 115 29 courts
945 1438 66 24 can
1024 1428 80 44 only
1118 1428 43 35 be
1173 1428 139 35 created
1326 1428 45 45 by

157 1476 259 35 constitutional
427 1476 236 35 amendment.
675 1477 127 44 Again,
814 1477 68 35 this
893 1478 28 34 is
932 1478 63 34 but
1006 1488 65 24 one
1081 1478 40 34 of
1128 1478 59 35 the
1197 1478 173 43 problems

156 1536 52 24 we
228 1525 123 36 should
371 1531 54 38 try
444 1532 36 29 to
500 1527 75 34 iron
595 1532 61 29 out
676 1526 82 35 with
779 1538 20 23 a
820 1538 74 23 new
911 1526 145 44 judicial
1076 1527 130 37 article.

250 1603 119 39 Holt,
391 1602 74 34 C.J.
487 1601 69 35 and
578 1603 115 40 Hays,
714 1603 43 39 J.,
774 1602 73 43 join
868 1603 35 34 in
923 1602 68 35 this
1011 1613 240 25 concurrence.

294 1879 139 35 Marvin
455 1880 305 35 HENDERSON
781 1891 27 24 v.
831 1880 152 36 STATE
1003 1880 40 35 of
1059 1881 178 35 Arkansas

158 1955 66 34 CR
246 1956 128 34 85-193

1075 1958 67 34 705
1164 1957 143 35 S.W.2d
1330 1959 41 34 14

487 2032 171 42 Supreme
679 2032 110 34 Court
809 2032 39 34 of
864 2033 179 34 Arkansas

424 2080 152 44 Opinion
597 2081 171 35 delivered
790 2082 127 34 March
942 2083 52 39 10,
1019 2083 88 34 1986
