1632 2688
291 423 163 35 Bovard’s
471 428 290 39 encouragement
776 423 44 34 he
836 423 143 34 became
995 421 185 35 interested
1197 422 33 34 in
1247 421 179 44 acquiring
1442 421 59 34 the

291 474 91 41 land,
395 474 112 34 which
520 474 101 34 could
634 474 43 34 be
690 473 131 43 bought
834 473 53 34 for
900 473 160 40 $35,000.
1076 473 51 43 By
1139 471 266 44 corresponding
1418 471 83 34 with

291 525 70 33 Mr.
374 524 77 34 S.B.
463 524 200 39 Stevenson,
676 523 85 34 Vice
770 522 179 34 President
959 522 39 34 of
1006 522 59 34 the
1077 522 88 34 First
1175 522 168 34 National
1356 521 99 34 Bank
1465 520 39 35 of

292 574 50 33 Ft.
356 573 126 40 Smith,
496 572 68 34 and
577 573 82 33 with
672 573 59 33 the
743 572 125 43 partial
881 571 148 42 backing
1042 571 39 34 of
1092 572 181 41 Margaret
1285 571 111 42 Piper,
1410 570 90 34 John

291 623 137 33 Hoover
438 621 171 43 managed
619 626 35 29 to
663 631 147 32 arrange
819 621 59 33 the
887 621 179 43 purchase,
1077 620 82 34 with
1169 620 58 34 the
1236 619 93 34 bank
1338 619 162 43 agreeing

290 677 35 29 to
335 671 78 34 lend
423 671 71 34 him
505 672 19 35 $
532 672 123 39 11,000
664 670 39 34 of
709 670 59 34 the
776 670 170 43 purchase
955 670 102 43 price.
1068 669 81 43 Guy
1158 669 115 34 Green
1282 668 150 35 handled
1442 668 59 34 the

290 732 181 32 necessary
491 720 89 44 legal
600 720 103 34 work.

291 284 44 32 22

381 800 87 35 Lula
484 801 87 43 May
586 801 137 33 Hoover
736 810 69 24 was
820 798 180 45 employed
1014 798 220 35 out-of-state
1247 798 90 35 after
1351 798 99 44 April
1464 797 39 36 of

294 852 86 33 1945
393 851 62 34 but
465 850 101 35 while
576 856 36 29 at
623 850 102 34 home
735 861 43 23 on
788 850 95 34 visits
895 849 60 35 her
966 849 114 35 father
1090 849 113 34 would
1214 848 131 35 discuss
1356 848 98 44 plans
1465 853 35 30 to

290 901 169 43 purchase
471 901 59 33 the
542 905 170 38 property.
728 901 55 33 He
795 899 167 44 proposed
975 905 35 28 to
1022 899 61 34 sell
1096 899 88 34 their
1197 899 102 34 home
1311 898 68 35 and
1392 910 20 22 a
1425 904 75 28 rent

290 950 107 34 house
414 950 34 34 in
467 950 135 34 Kansas
621 949 81 43 City
719 949 68 34 and
805 954 35 29 to
858 949 132 34 borrow
1008 959 43 23 on
1069 948 52 34 his
1139 948 60 34 life
1216 948 192 34 insurance.
1426 948 74 34 The

290 999 122 43 family
422 999 112 34 would
546 1009 98 23 move
654 1004 36 28 to
700 999 177 33 Arkansas
889 998 68 34 and
968 1009 61 23 use
1039 998 59 34 the
1108 998 75 33 coal
1194 997 68 34 and
1274 997 125 34 timber
1409 997 91 34 from

290 1048 58 34 the
361 1048 80 34 land
454 1053 35 29 to
502 1059 67 32 pay
580 1048 52 34 off
641 1048 59 34 the
713 1048 145 34 balance
869 1047 40 34 of
918 1047 58 34 the
989 1047 169 43 purchase
1170 1047 103 43 price.
1287 1047 51 43 By
1350 1047 148 42 August,

294 1098 99 40 1946,
405 1098 60 33 her
476 1097 114 35 father
601 1097 68 34 had
680 1097 131 43 bought
822 1097 59 34 the
891 1096 81 35 land
983 1097 82 33 with
1077 1097 182 42 Margaret
1269 1096 129 43 Piper’s
1409 1096 89 43 help.

291 1149 55 32 He
367 1158 69 23 was
459 1147 133 34 excited
614 1147 107 34 about
743 1147 58 34 the
823 1151 174 39 prospects
1020 1146 68 34 and
1110 1146 72 34 told
1204 1146 88 34 Lula
1315 1146 87 43 May
1424 1145 76 35 that

290 1197 151 43 Spencer
454 1196 133 35 Bovard
599 1196 69 34 had
680 1196 103 34 made
794 1196 26 34 it
831 1196 148 43 possible
991 1195 52 35 for
1055 1196 73 33 him
1139 1201 35 28 to
1186 1196 140 43 acquire
1337 1195 59 34 the
1407 1195 92 40 land,

289 1246 77 34 that
379 1246 43 34 he
435 1246 112 43 hoped
560 1246 152 43 Spencer
726 1245 112 34 would
852 1246 79 42 help
945 1245 72 34 him
1030 1245 142 43 develop
1185 1245 59 34 the
1257 1249 161 39 property
1431 1244 68 34 and

289 1296 98 33 when
408 1295 59 34 the
486 1295 145 42 original
652 1295 206 33 investment
878 1294 69 34 had
968 1294 86 34 been
1075 1294 130 43 repaid,
1226 1294 44 33 he
1289 1294 148 42 thought
1457 1294 43 33 he

289 1344 113 34 would
422 1344 76 43 give
517 1344 152 43 Spencer
689 1355 20 22 a
730 1343 173 34 one-third
924 1344 151 33 interest.

380 1423 87 34 Lula
478 1423 87 43 May
575 1423 138 33 Hoover
722 1422 161 34 returned
894 1427 35 29 to
939 1422 135 34 Kansas
1085 1422 82 43 City
1176 1422 34 34 in
1220 1422 165 43 January,
1399 1422 98 34 1948.

291 1473 49 42 By
351 1473 82 33 then
445 1472 60 34 her
516 1477 138 39 parents
665 1483 89 23 were
764 1477 36 29 at
811 1472 59 34 the
880 1472 96 43 point
986 1471 40 35 of
1034 1471 137 43 moving
1183 1476 35 29 to
1228 1472 189 33 Arkansas.
1429 1471 71 34 She

289 1522 148 34 testified
459 1522 76 34 that
555 1522 194 42 something
771 1521 68 35 had
861 1521 180 44 happened
1063 1526 36 29 to
1119 1521 135 43 change
1275 1521 60 34 her
1356 1520 143 35 father’s

289 1572 149 34 attitude
453 1572 131 34 toward
599 1572 152 43 Spencer
766 1571 145 35 Bovard.
928 1571 56 35 On
1000 1571 154 43 Sunday,
1172 1571 175 43 February
1363 1572 31 40 8,
1411 1571 87 34 Lula

290 1623 88 42 May
388 1622 68 34 and
467 1622 61 34 her
538 1621 114 35 father
662 1621 103 35 drove
775 1627 35 28 to
820 1621 145 35 another
975 1626 78 39 part
1063 1621 39 34 of
1109 1621 59 34 the
1178 1626 90 29 state
1277 1632 44 23 on
1332 1621 165 34 business.

290 1673 73 33 Her
375 1672 115 34 father
501 1682 69 24 was
583 1682 37 24 so
631 1676 99 39 upset
742 1671 52 34 his
806 1671 133 43 driving
951 1682 70 23 was
1033 1671 150 34 affected
1195 1670 69 35 and
1276 1671 61 34 she
1348 1671 81 34 took
1440 1671 59 34 the

289 1721 107 34 wheel
415 1721 100 34 while
533 1721 43 34 he
593 1721 175 34 discussed
787 1721 51 34 his
857 1721 120 34 affairs
995 1721 35 33 in
1048 1731 145 24 resume.
1214 1721 56 33 He
1287 1720 72 34 told
1377 1720 61 34 her
1455 1720 44 34 he

289 1770 149 44 planned
456 1776 35 29 to
507 1771 224 34 disassociate
748 1770 141 35 himself
903 1770 237 44 immediately
1157 1770 90 34 from
1264 1770 151 44 Spencer
1434 1771 63 33 Bo-

288 1820 94 34 vard.
393 1820 179 43 Although
582 1821 43 33 he
634 1820 68 34 had
711 1820 176 34 discussed
896 1820 99 34 other
1004 1820 185 34 intentions
1199 1820 82 34 with
1290 1820 71 41 her,
1371 1820 44 34 he
1423 1820 75 34 said

288 1870 82 43 they
387 1870 112 34 would
517 1881 101 23 never
635 1881 99 23 come
751 1875 35 29 to
803 1881 89 32 pass.
911 1870 71 34 She
999 1870 82 34 took
1097 1870 26 34 it
1141 1869 75 35 that
1233 1870 101 34 while
1350 1869 60 35 she
1427 1881 70 23 was

289 1931 97 32 away
407 1920 152 43 Spencer
580 1919 68 35 had
670 1920 85 34 been
777 1920 34 33 in
833 1920 178 34 Arkansas
1032 1924 35 30 to
1088 1930 106 33 pump
1215 1924 105 29 water
1341 1919 90 34 from
1453 1930 44 23 an

289 1969 204 35 abandoned
505 1969 92 35 mine
607 1969 94 34 shaft
711 1969 152 34 referred
874 1974 35 29 to
920 1980 37 24 as
969 1969 82 34 “the
1060 1969 57 34 old
1127 1969 296 40 Northwestern,”
1435 1969 62 34 but

288 2019 76 34 that
381 2019 53 34 for
451 2030 138 23 reasons
606 2019 43 34 he
665 2018 58 35 did
740 2024 59 29 not
816 2019 136 43 explain
970 2019 60 34 her
1046 2018 114 35 father
1176 2018 59 34 did
1252 2024 59 29 not
1327 2018 118 34 intend
1462 2024 35 28 to

288 2069 87 34 have
389 2080 68 32 any
472 2068 134 35 further
620 2068 203 35 connection
838 2068 83 34 with
936 2068 152 44 Spencer
1104 2068 144 34 Bovard.
1264 2068 71 34 She
1349 2068 148 34 testified

288 2118 76 34 that
387 2129 43 23 on
453 2118 171 43 Tuesday,
650 2118 174 43 February
852 2119 52 39 10,
928 2118 60 34 her
1011 2117 114 35 father
1148 2129 69 23 was
1240 2118 82 34 with
1345 2118 152 43 Spencer

289 2167 134 35 Bovard
435 2167 68 35 and
514 2168 76 34 that
601 2167 144 43 evening
756 2168 43 33 he
809 2167 164 35 attended
985 2167 59 34 the
1055 2167 135 34 Golden
1202 2167 109 34 Glove
1321 2167 103 43 fights
1435 2167 63 34 but

288 2228 102 23 never
398 2228 100 23 came
507 2217 111 34 home.
630 2217 64 34 His
704 2217 91 43 body
804 2228 69 23 was
883 2216 108 35 found
1000 2227 44 24 on
1055 2217 175 43 February
1243 2218 40 33 14
1293 2217 34 34 in
1336 2228 20 23 a
1366 2222 132 29 remote

288 2267 129 34 section
431 2267 39 34 of
481 2268 136 33 Kansas
631 2267 92 43 City,
738 2266 116 35 bound
868 2266 69 35 and
950 2266 134 44 gagged
1098 2266 35 35 in
1146 2267 59 34 the
1218 2266 164 35 backseat
1395 2266 40 35 of
1444 2266 53 35 his

288 2328 68 23 car.
369 2318 55 33 He
434 2317 69 34 had
513 2317 86 34 been
609 2317 118 34 struck
736 2327 43 24 on
789 2317 59 34 the
857 2317 90 34 back
955 2316 39 35 of
1001 2317 59 34 the
1069 2316 89 35 head
1168 2317 61 34 but
1239 2316 69 35 had
1318 2316 79 35 died
1407 2316 91 35 from

288 2367 119 33 smoke
418 2367 191 33 inhalation
621 2366 91 34 from
723 2377 44 23 an
780 2371 148 39 attempt
940 2372 35 28 to
987 2366 88 34 burn
1087 2366 59 34 the
1157 2366 140 34 interior
1309 2366 39 34 of
1356 2366 59 34 the
1426 2376 70 24 car.

289 2416 87 34 Mrs.
388 2417 101 42 Dopp
499 2415 68 35 and
578 2417 87 33 Mrs.
676 2416 131 34 Deleon
817 2415 149 35 testified
975 2421 36 29 to
1021 2416 131 34 actions
1162 2415 68 35 and
1240 2420 203 29 statements
1453 2415 46 43 by
