1669 2693
317 255 66 33 516

407 391 99 41 First,
517 390 228 35 Piercefield’s
756 401 89 24 case:
857 390 59 35 the
926 395 197 38 apartment
1134 400 69 23 was
1215 394 59 29 not
1284 388 239 41 Piercefield’s,

315 442 68 35 and
397 442 96 35 there
506 441 26 35 is
547 452 43 24 no
603 440 162 36 evidence
778 440 75 35 that
866 440 43 35 he
922 440 68 34 had
1004 450 68 33 any
1084 439 203 35 connection
1301 438 81 35 with
1395 438 36 34 it.
1447 437 76 35 One

315 493 115 34 officer
440 491 148 36 testified
597 492 77 35 that
683 491 43 35 he
735 489 218 37 interviewed
963 489 199 36 Piercefield
1172 490 68 34 and
1250 489 106 35 asked
1365 489 72 35 him
1447 489 77 44 why

315 543 52 35 his
394 553 60 24 car
480 542 143 35 smelled
650 542 68 35 like
745 541 106 36 ether.
880 540 199 36 Piercefield
1106 540 75 35 said
1209 540 43 35 he
1278 539 69 35 had
1375 550 87 33 gone
1489 545 35 29 to

314 593 198 35 Oklahoma
524 593 82 34 with
619 604 19 23 a
651 592 92 35 third
755 597 100 39 party
867 597 35 29 to
914 596 57 38 get
983 603 20 23 a
1016 602 64 23 can
1092 590 40 35 of
1140 590 107 35 ether.
1260 591 57 33 An
1330 595 116 39 empty
1458 600 64 24 can

314 653 70 23 was
397 642 108 34 found
518 652 43 24 on
574 642 59 34 the
645 642 164 43 premises
822 641 62 34 but
896 652 69 23 was
979 646 59 29 not
1050 640 124 34 seized.
1190 640 30 34 It
1232 651 70 23 was
1315 639 208 35 established

315 692 75 34 that
404 691 98 34 ether
515 701 69 23 was
599 690 83 35 used
697 695 36 30 to
745 691 98 33 clean
858 689 366 44 methamphetamine.
1240 688 199 35 Piercefield
1454 699 68 23 was

315 740 107 36 found
434 751 44 24 on
491 740 59 35 the
562 740 164 43 premises
738 740 62 35 but
812 751 69 24 was
894 744 60 29 not
966 739 113 34 where
1091 750 68 32 any
1171 738 104 43 drugs
1288 749 37 23 or
1338 737 184 45 parapher-

315 790 92 35 nalia
430 801 99 23 were.
554 790 158 42 Nothing
736 800 68 24 was
829 788 107 36 found
960 800 43 23 on
1027 799 38 24 or
1089 789 106 34 about
1218 789 72 34 him
1314 787 76 36 that
1413 787 111 44 might

315 840 150 35 indicate
482 840 201 44 possession.
702 840 67 34 See
785 838 186 35 Ravalette
987 850 30 23 v.
1035 838 113 41 State,
1167 838 68 34 264
1253 837 84 35 Ark.
1358 838 78 40 344,
1456 838 62 33 571

315 889 142 35 S.W.2d
476 891 66 33 433
565 888 136 43 (1978).
721 889 74 34 The
809 888 80 44 jury
908 888 101 35 could
1027 888 80 44 only
1125 888 87 34 have
1230 887 199 44 speculated
1447 887 76 34 that

314 939 199 34 Piercefield
526 938 176 44 possessed
717 939 96 34 these
825 938 105 43 drugs
944 938 148 34 because
1104 938 59 34 the
1174 942 91 30 state
1278 936 58 35 did
1349 942 60 29 not
1421 947 103 33 prove

315 988 36 35 it.
373 988 64 34 His
457 988 192 34 conviction
670 988 27 33 is
718 988 156 34 reversed
894 987 68 34 and
983 986 191 35 dismissed.

544 1073 74 34 The
630 1073 89 34 facts
732 1083 59 24 are
803 1072 145 43 entirely
959 1072 162 34 different
1134 1071 207 43 concerning
1353 1071 168 34 Sanchez.

314 1123 58 34 All
397 1122 161 35 evidence
582 1122 166 35 indicates
773 1122 43 34 he
839 1133 69 23 was
932 1121 34 35 in
991 1122 131 34 control
1146 1121 39 34 of
1206 1122 97 33 these
1326 1120 104 44 drugs
1455 1120 68 35 and

315 1172 276 44 paraphernalia;
601 1172 43 34 he
653 1182 69 24 was
732 1171 213 35 surrounded
954 1171 45 44 by
1008 1172 106 34 them.
1125 1171 158 34 Sanchez
1292 1171 69 34 had
1371 1182 20 23 a
1400 1181 69 32 gun
1479 1181 44 24 on

314 1222 84 40 him;
415 1222 144 34 another
576 1232 69 24 was
662 1221 108 35 found
787 1221 34 34 in
838 1233 20 23 a
876 1225 78 30 coat
971 1221 139 43 nearby.
1128 1220 113 35 Shells
1258 1231 89 23 were
1363 1219 108 36 found
1488 1221 34 33 in

314 1272 187 35 Sanchez’s
515 1282 59 24 car
587 1271 112 35 which
713 1271 162 35 matched
888 1271 59 34 the
960 1271 102 35 shells
1077 1270 34 35 in
1125 1271 59 34 the
1198 1270 101 44 pistol
1313 1270 34 35 in
1361 1270 59 35 the
1432 1275 89 30 coat.

313 1323 50 33 As
375 1322 58 34 the
442 1322 110 43 police
561 1321 140 35 entered
712 1322 58 34 the
780 1332 106 30 room,
898 1321 158 34 Sanchez
1066 1332 69 23 was
1145 1320 106 44 rising
1260 1320 91 35 from
1362 1320 59 35 the
1430 1320 94 35 table

314 1372 113 34 where
443 1372 59 33 the
518 1372 108 34 scales
644 1371 68 34 and
730 1382 20 23 a
767 1371 88 34 bowl
872 1371 39 34 of
925 1371 357 43 methamphetamine
1297 1381 90 23 were
1403 1370 118 34 found.

314 1421 144 43 Nearby
474 1431 89 24 were
580 1420 356 45 methamphetamine
952 1419 34 36 in
1003 1431 20 24 a
1040 1419 76 35 dish
1133 1430 44 24 on
1194 1430 20 24 a
1231 1424 172 36 mattress,
1421 1420 101 43 ephe­

313 1471 98 34 drine
422 1471 34 34 in
469 1482 20 23 a
501 1470 124 44 plastic
636 1470 67 43 bag
716 1471 101 42 along
829 1470 82 35 with
924 1481 20 23 a
956 1470 147 44 syringe,
1116 1469 69 35 and
1197 1469 132 35 freezer
1342 1470 93 42 bags.
1448 1469 75 35 The

314 1521 154 43 tabletop
478 1521 122 34 mirror
610 1520 69 34 and
689 1531 98 24 razor
798 1520 119 34 blades
927 1530 89 24 were
1025 1525 81 29 next
1116 1524 35 30 to
1161 1519 114 34 where
1285 1519 158 34 Sanchez
1453 1530 69 23 was

313 1570 130 42 sitting.
460 1570 74 34 The
545 1569 81 44 jury
641 1569 100 35 could
757 1569 87 35 have
860 1569 106 43 easily
982 1568 190 35 concluded
1188 1568 76 35 that
1280 1568 158 35 Sanchez
1453 1579 69 24 was

314 1619 118 43 sitting
448 1625 36 29 at
499 1619 59 35 the
573 1619 93 35 table
681 1619 196 43 measuring
893 1623 60 30 out
969 1619 58 34 the
1041 1618 98 43 drug.
1156 1618 75 35 The
1245 1617 162 35 evidence
1422 1618 28 34 is
1465 1624 57 28 too

314 1674 117 37 strong
445 1674 35 30 to
494 1674 141 38 support
649 1668 51 34 his
715 1674 92 37 story
821 1669 76 33 that
911 1668 43 34 he
967 1679 70 23 was
1051 1679 20 23 a
1085 1668 118 34 casual
1216 1668 128 34 visitor.
1358 1668 75 34 The
1442 1667 80 44 jury

314 1718 68 34 had
403 1718 205 35 substantial
629 1717 161 35 evidence
809 1717 91 35 from
920 1717 111 35 which
1052 1722 35 29 to
1107 1717 135 34 convict
1261 1717 168 34 Sanchez.

497 1803 158 35 Sanchez
663 1803 73 35 also
745 1813 123 32 argues
878 1803 76 34 that
963 1803 97 34 there
1068 1813 70 24 was
1148 1807 59 29 not
1216 1801 136 44 enough
1361 1802 161 34 evidence

313 1857 35 30 to
360 1853 134 34 convict
508 1852 71 35 him
592 1852 39 35 of
641 1852 110 35 intent
764 1858 35 29 to
812 1852 137 35 deliver.
963 1853 85 34 Ark.
1062 1852 89 35 Stat.
1166 1853 92 33 Ann.
1274 1852 17 42 §
1308 1851 210 43 82-2617(d)

315 1902 123 44 (Supp.
464 1901 103 43 1985)
591 1901 155 45 provides
767 1902 76 35 that
864 1902 190 44 possession
1075 1902 39 35 of
1132 1903 68 33 200
1221 1901 203 43 milligrams
1445 1902 38 34 of
1501 1913 19 23 a

312 1952 180 34 stimulant
514 1957 132 30 creates
667 1963 20 23 a
709 1952 196 34 rebuttable
926 1952 235 43 presumption
1184 1951 77 35 that
1281 1951 191 44 possession
1493 1951 28 35 is

312 2002 82 34 with
413 2002 110 34 intent
541 2007 35 31 to
594 2002 137 34 deliver.
751 2002 159 34 Sanchez
928 2001 177 44 possessed
1128 2002 75 34 1.26
1222 2012 116 32 grams
1356 2001 39 34 of
1410 2001 109 35 meth­

313 2051 268 44 amphetamine.

496 2136 186 35 Sanchez’s
694 2136 98 35 other
806 2141 200 38 arguments
1019 2147 59 23 are
1090 2136 107 43 easily
1210 2135 186 35 answered.
1410 2135 111 35 There

312 2197 70 24 was
399 2197 44 24 no
459 2186 161 35 evidence
636 2186 76 35 that
728 2186 159 35 Sanchez
903 2186 131 35 needed
1050 2191 36 29 to
1102 2186 100 34 know
1218 2186 59 35 the
1293 2196 103 24 name
1411 2185 39 35 of
1463 2186 58 34 the

312 2236 220 35 confidential
544 2236 189 35 informant
742 2241 36 30 to
788 2246 145 34 prepare
943 2236 52 35 his
1005 2235 151 35 defense.
1168 2236 74 34 The
1252 2235 190 35 informant
1451 2247 69 23 was

312 2291 60 29 not
384 2291 137 38 present
532 2285 99 35 when
644 2286 59 34 the
714 2286 121 36 search
847 2297 70 23 was
930 2286 103 34 made
1044 2296 62 24 nor
1118 2297 70 23 was
1200 2285 159 35 Sanchez
1371 2285 150 44 charged

312 2335 82 35 with
407 2346 20 23 a
441 2336 73 34 sale
526 2335 76 35 that
616 2336 59 33 the
687 2335 189 35 informant
890 2335 191 35 witnessed.
1096 2335 121 35 Under
1230 2336 59 34 the
1301 2335 90 35 facts
1405 2335 39 34 of
1454 2335 67 35 this

312 2395 90 30 case,
412 2384 187 35 disclosure
608 2395 70 24 was
688 2390 59 29 not
757 2384 169 44 required.
937 2385 156 34 Jackson
1102 2396 30 23 v.
1142 2385 113 40 State,
1267 2385 66 33 283
1345 2385 84 34 Ark.
1442 2386 78 39 301,
