1639 2700
1271 280 42 33 39

197 422 83 39 Gill,
293 422 153 40 Skokos,
460 422 176 43 Simpson,
651 421 137 44 Buford
801 423 31 32 &
848 420 166 41 Graham,
1028 422 95 39 P.A.,
1135 420 55 44 by:
1207 420 110 34 Theo-

105 472 85 35 dore
213 473 36 33 C.
271 472 144 35 Skokos
436 471 67 35 and
524 471 160 35 Michael
702 473 42 33 R.
767 473 210 38 Rainwater,
999 471 53 34 for
1073 470 185 44 appellant.

199 551 132 35 Gibson
354 553 30 33 &
407 551 102 41 Ellis,
530 551 55 43 by:
605 551 89 35 Sam
716 551 141 40 Gibson,
878 550 53 35 for
952 551 182 44 appellees.

199 632 125 34 David
340 632 206 40 Newbern,
562 631 141 34 Justice.

719 631 83 34 This
817 631 27 34 is
859 642 20 23 a
894 630 72 35 real
981 636 110 29 estate
1105 630 71 35 sale
1190 640 79 24 case
1283 630 34 34 in

106 682 113 34 which
233 681 59 35 the
305 681 194 35 chancellor
513 681 146 43 granted
672 681 179 35 rescission
864 681 35 34 in
913 680 96 35 favor
1022 680 39 35 of
1071 680 59 35 the
1143 680 175 44 appellant

107 743 44 23 on
167 732 60 34 the
243 731 132 43 ground
392 731 39 35 of
444 731 135 35 mutual
596 731 148 35 mistake
759 731 62 34 but
836 730 59 35 did
912 735 60 30 not
988 730 116 36 award
1120 730 59 35 the
1195 740 123 33 money

107 782 167 42 damages
297 782 60 34 she
379 781 158 35 claimed.
560 781 75 34 The
657 781 165 43 damages
844 781 61 34 she
926 781 126 43 sought
1073 791 90 24 were
1184 780 53 34 for
1259 780 60 34 her

108 842 165 33 expenses
289 832 33 34 in
337 831 234 42 constructing
586 831 266 44 improvements
866 831 112 34 which
993 830 244 44 subsequently
1251 829 68 41 hqd

108 887 37 28 to
154 882 44 33 be
207 881 161 35 removed
378 881 90 35 from
478 881 59 34 the
546 880 93 35 land.
649 881 75 34 The
733 881 176 43 appellant
918 880 121 35 claims
1050 880 26 35 it
1085 891 70 24 was
1165 890 92 24 error
1267 879 53 35 for

109 932 60 33 the
183 931 197 35 chancellor
395 936 35 29 to
446 931 86 34 have
548 930 108 35 found
672 931 61 34 she
747 930 59 34 did
821 936 59 29 not
895 930 72 43 rely
982 940 44 25 on
1042 930 278 44 misrepresenta-

109 981 90 34 tions
214 981 103 34 made
331 982 44 42 by
389 981 59 34 the
461 980 172 44 appellees
648 981 149 42 through
810 980 89 34 their
914 980 71 34 real
999 985 111 30 estate
1123 985 114 37 agent,
1252 978 68 37 and

109 1031 81 34 thus
201 1030 26 34 it
236 1041 70 24 was
317 1041 92 24 error
420 1036 35 29 to
465 1030 115 34 refuse
590 1030 60 34 her
660 1030 165 43 damages
836 1030 53 34 for
899 1029 102 35 fraud
1012 1030 76 44 plus
1098 1034 90 30 costs
1198 1029 68 34 and
1276 1040 44 23 an

110 1085 160 38 attorney
291 1080 65 34 fee.
379 1080 56 34 On
455 1080 246 43 cross-appeal,
723 1080 59 34 the
802 1079 171 44 appellees
994 1079 149 35 contend
1164 1079 59 34 the
1242 1079 80 42 only

111 1129 149 44 possible
275 1130 91 34 basis
382 1129 53 35 for
450 1129 59 34 the
524 1129 180 35 rescission
718 1140 70 23 was
803 1129 113 41 fraud,
932 1133 60 30 not
1007 1129 158 40 mistake,
1181 1128 68 35 and
1264 1128 59 34 the

111 1179 197 35 chancellor
324 1179 97 35 erred
437 1179 34 34 in
487 1179 162 43 granting
665 1179 178 34 rescission
859 1189 86 24 once
960 1178 43 34 he
1018 1178 70 35 had
1104 1178 107 35 found
1226 1178 97 34 there

111 1240 70 23 was
201 1240 43 23 no
263 1230 149 34 reliance
430 1229 44 44 by
492 1229 60 34 the
569 1229 177 43 appellant
764 1240 43 23 on
825 1240 67 32 any
911 1228 111 35 active
1039 1239 38 24 or
1095 1228 229 35 constructive

112 1279 356 43 misrepresentations
483 1278 40 35 of
534 1279 59 34 the
608 1279 182 44 appellees.
807 1279 64 34 We
885 1278 72 34 find
971 1278 60 35 the
1044 1278 196 35 chancellor
1254 1288 69 24 was

111 1334 134 29 correct
254 1339 44 24 on
308 1329 46 35 all
364 1334 131 35 counts,
507 1328 68 35 and
586 1328 79 35 thus
676 1340 50 23 we
736 1329 111 34 affirm
857 1339 43 24 on
911 1328 83 34 both
1004 1329 124 43 appeal
1138 1328 67 35 and
1215 1338 108 24 cross-

112 1379 135 43 appeal.

594 1467 30 33 1,
646 1468 201 32 Rescission

298 1547 75 34 The
389 1546 196 34 chancellor
603 1545 109 35 found
730 1546 76 34 that
823 1546 255 34 conversations
1096 1545 153 35 between
1267 1545 59 34 the

114 1596 178 44 appellant
304 1596 68 35 and
384 1596 58 35 the
454 1596 182 44 appellees’
650 1601 104 38 agent
766 1595 137 35 showed
915 1595 76 35 that
1003 1595 84 35 both
1099 1595 127 44 parties
1237 1606 89 23 were

114 1646 110 34 under
234 1646 60 35 the
304 1646 170 35 mistaken
484 1645 204 44 impression
697 1646 77 34 that
784 1646 59 34 the
852 1646 75 40 low,
938 1645 62 34 flat
1010 1646 135 43 portion
1155 1645 39 34 of
1200 1645 81 34 land
1291 1645 34 34 in

113 1695 159 44 question
284 1707 68 23 was
363 1696 148 34 suitable
521 1695 54 35 for
585 1695 156 43 building
751 1700 203 39 permanent
964 1700 188 30 structures
1163 1695 84 34 such
1257 1705 37 24 as
1305 1705 20 23 a

114 1746 98 39 barn,
227 1745 101 35 horse
340 1745 111 35 corral
465 1745 69 34 and
548 1744 150 44 fencing.
714 1746 39 33 In
767 1745 83 40 fact,
865 1745 167 41 however,
1046 1745 60 34 the
1119 1755 80 24 area
1214 1744 113 34 where

113 1795 60 34 the
184 1796 177 42 appellant
372 1794 193 44 attempted
577 1800 35 28 to
623 1794 97 35 build
732 1806 20 23 a
764 1795 85 34 barn
861 1794 68 34 and
941 1795 111 34 corral
1064 1794 68 35 and
1143 1794 111 34 which
1266 1793 61 35 she

113 1844 139 35 wanted
271 1850 35 30 to
325 1856 61 23 use
404 1856 37 23 as
462 1849 140 39 pasture
621 1844 53 35 for
693 1845 117 34 horses
829 1855 70 23 was
918 1843 134 44 subject
1071 1849 35 30 to
1125 1854 115 24 severe
1258 1843 68 35 and

115 1895 162 43 frequent
292 1894 160 44 flooding.
469 1895 75 34 The
558 1894 197 35 chancellor
770 1894 79 35 held
865 1894 97 34 there
976 1905 70 24 was
1062 1894 80 34 thus
1157 1905 20 23 a
1193 1893 134 35 mutual

115 1945 150 34 mistake
292 1945 39 34 of
356 1944 71 35 fact
454 1944 142 43 making
624 1945 179 34 rescission
831 1954 133 34 proper.
993 1944 116 34 While
1135 1944 97 34 there
1257 1954 70 23 was

116 1994 164 35 evidence
304 1995 59 34 the
387 1994 171 44 appellees
583 1994 70 35 had
678 1995 122 34 known
825 1994 39 34 of
885 2004 65 24 one
974 1993 156 36 instance
1154 1993 38 35 of
1214 2004 115 24 severe

116 2044 152 43 flooding
282 2055 43 24 on
340 2045 58 34 the
410 2044 92 41 land,
517 2044 59 34 the
589 2044 163 35 evidence
764 2044 58 34 did
836 2049 59 29 not
908 2044 93 34 show
1015 2044 81 43 they
1110 2044 97 34 knew
1220 2043 26 34 it
1259 2054 69 23 was

116 2105 107 33 prone
236 2099 35 29 to
285 2095 58 34 the
356 2094 159 44 frequent
528 2093 68 35 and
610 2094 173 34 extensive
795 2093 151 43 flooding
958 2093 113 35 which
1084 2093 123 35 turned
1220 2098 60 29 out
1293 2098 35 29 to

117 2144 43 33 be
180 2144 59 33 the
259 2154 89 24 case.

209 2221 112 34 Other
338 2226 143 29 matters
499 2226 59 29 not
576 2221 123 34 known
717 2226 35 29 to
769 2221 60 34 the
845 2221 128 43 parties
990 2231 90 24 were
1096 2221 77 33 that
1189 2220 59 34 the
1265 2220 64 34 low

117 2270 137 45 portion
264 2271 40 35 of
312 2271 59 35 the
381 2270 91 42 land,
484 2270 106 35 about
601 2270 195 35 two-thirds
807 2270 39 35 of
853 2270 59 35 the
922 2271 87 34 total
1020 2280 156 33 acreage,
1188 2270 27 34 is
1226 2269 35 35 in
1271 2269 59 35 the

122 2322 65 34 100
198 2332 82 33 year
290 2321 185 44 floodplain
486 2320 69 36 and
565 2321 77 35 that
652 2332 20 24 a
683 2321 139 35 Pulaski
833 2321 139 43 County
982 2320 197 41 ordinance,
1189 2320 69 34 No.
1271 2320 58 34 83-

118 2372 142 40 OR-11,
275 2372 151 44 requires
440 2383 20 23 a
474 2372 99 34 seller
586 2371 39 34 of
636 2371 81 35 land
730 2371 93 44 lying
837 2371 35 34 in
884 2371 60 34 the
956 2370 187 45 floodplain
1155 2375 36 30 to
1204 2370 127 34 inform

118 2422 59 34 the
194 2422 109 43 buyer
318 2422 40 34 of
371 2422 75 34 that
462 2421 73 35 fact
551 2432 45 23 no
611 2421 89 35 later
716 2422 83 34 than
817 2426 57 29 ten
889 2420 85 44 days
992 2420 118 35 before
1126 2420 130 43 closing
1272 2420 59 34 the
