1632 2696
1277 264 63 33 187

220 482 125 41 Honey
368 482 30 33 &
421 480 171 44 Rodgers,
613 480 55 44 by:
692 480 148 35 Charles
859 482 36 33 L.
917 482 136 41 Honey,
1075 480 53 35 for
1148 480 186 44 appellant.

219 557 105 34 Steve
338 556 119 41 Clark,
471 556 100 44 Att’y
583 557 101 40 Gen.,
698 557 54 43 by:
769 556 94 35 Clint
875 556 134 41 Miller,
1022 558 94 34 Asst.
1130 557 98 43 Att’y
1241 557 100 40 Gen.,

129 606 53 34 for
203 607 165 43 appellee.

222 683 125 34 David
362 683 208 40 Newbern,
586 682 141 35 Justice.

743 683 74 34 The
832 683 176 44 appellant
1023 682 146 45 pleaded
1184 683 109 44 guilty
1308 688 35 30 to

129 743 102 23 arson
244 732 68 34 and
324 743 69 23 was
405 732 189 35 convicted.
609 733 55 33 He
675 732 166 35 contends
853 733 59 34 the
923 738 99 29 court
1033 733 98 34 erred
1144 733 34 34 in
1190 733 153 43 refusing

129 787 36 29 to
174 787 53 29 set
237 782 96 34 aside
342 782 51 34 his
403 782 110 44 guilty
523 782 77 44 plea
611 782 69 34 and
690 788 101 37 grant
801 794 20 23 a
831 794 74 23 new
916 783 79 34 trial
1005 783 149 34 because
1163 783 44 34 he
1215 783 59 34 did
1284 788 60 29 not

129 832 133 34 receive
273 832 59 34 the
343 832 215 34 concessions
571 832 43 35 he
624 843 70 23 was
706 832 173 44 promised
891 833 34 34 in
937 833 178 43 exchange
1126 833 53 34 for
1191 833 52 34 his
1254 833 88 44 plea.

130 882 66 33 We
215 881 72 35 find
308 892 43 24 no
372 893 92 23 error
485 882 68 34 and
574 882 80 35 thus
675 882 122 35 affirm.

220 958 75 34 The
305 958 175 44 appellant
488 969 71 24 was
568 958 74 35 first
652 958 88 35 tried
750 958 68 35 and
828 958 179 36 convicted
1016 959 45 44 by
1070 970 21 23 a
1097 959 90 44 jury.
1199 960 56 33 He
1263 959 80 35 filed

129 1019 21 23 a
161 1008 115 34 notice
286 1008 39 35 of
333 1008 133 44 appeal.
478 1008 98 35 Then
588 1008 43 35 he
641 1008 69 35 and
721 1009 59 34 the
790 1014 90 30 state
890 1009 127 43 agreed
1028 1009 77 35 that
1115 1009 60 35 the
1185 1009 112 35 notice
1307 1009 40 35 of

129 1058 125 44 appeal
282 1058 112 34 would
421 1058 43 35 be
490 1058 204 35 withdrawn
722 1058 68 35 and
817 1059 59 35 the
899 1059 186 43 judgment
1111 1059 170 35 amended
1308 1065 36 31 to

130 1108 141 44 provide
283 1108 59 35 the
353 1113 157 39 ten-year
523 1114 162 29 sentence
696 1108 113 36 would
822 1109 43 35 be
877 1109 119 35 served
1009 1110 240 44 concurrently
1261 1110 82 35 with

130 1169 20 23 a
164 1164 163 29 sentence
339 1158 39 35 of
388 1170 20 23 a
422 1158 132 36 federal
568 1164 98 29 court
680 1164 35 29 to
728 1159 112 35 which
853 1159 60 35 the
925 1160 178 44 appellant
1116 1171 69 24 was
1199 1160 143 44 subject.

129 1208 76 34 The
215 1208 184 43 judgment
414 1219 69 24 was
499 1209 171 34 amended
685 1209 34 34 in
735 1209 213 35 accordance
962 1210 83 34 with
1060 1210 59 34 the
1133 1216 209 37 agreement,

130 1257 69 35 and
220 1258 59 34 the
299 1258 176 43 appellant
494 1258 178 36 withdrew
693 1259 52 34 his
765 1259 113 34 notice
898 1259 39 34 of
954 1260 135 43 appeal.

221 1333 75 34 The
306 1333 178 35 Arkansas
496 1334 231 44 Department
738 1334 39 34 of
786 1334 203 35 Correction
999 1334 158 35 declined
1168 1340 36 29 to
1214 1335 130 35 release

130 1383 60 34 the
206 1383 177 43 appellant
399 1388 35 29 to
451 1383 132 35 federal
601 1384 214 34 authorities.
834 1385 39 34 In
890 1395 45 24 an
952 1384 100 35 order
1069 1390 35 29 to
1121 1385 59 34 the
1197 1385 146 44 Depart-

130 1438 96 28 ment
254 1432 40 35 of
319 1433 202 35 Correction
549 1439 36 29 to
613 1434 131 35 release
772 1434 58 34 the
858 1434 177 44 appellant
1063 1439 35 30 to
1126 1435 59 34 the
1213 1434 131 35 federal

130 1483 216 40 authorities,
360 1483 58 34 the
430 1488 98 30 court
541 1483 104 35 made
658 1483 26 35 it
696 1484 93 34 clear
801 1484 59 35 the
873 1495 139 24 essence
1024 1484 40 35 of
1073 1484 60 35 the
1145 1490 199 38 agreement

130 1532 156 35 between
296 1533 59 34 the
364 1533 176 43 appellant
550 1533 68 34 and
628 1533 60 35 the
697 1538 100 36 state,
808 1534 111 34 which
930 1534 59 34 the
998 1539 99 30 court
1106 1545 70 24 was
1186 1534 113 44 trying
1309 1540 35 29 to

131 1582 213 44 implement,
373 1593 69 24 was
470 1583 77 34 that
576 1583 59 34 the
663 1583 176 44 appellant
867 1583 113 35 would
1009 1595 95 23 serve
1132 1584 52 35 his
1213 1584 131 35 federal

130 1637 163 29 sentence
315 1632 73 35 first
412 1632 68 35 and
504 1633 43 34 be
570 1633 100 43 given
693 1633 110 35 credit
826 1633 53 35 for
902 1634 27 34 it
952 1634 137 43 against
1112 1634 52 35 his
1188 1639 157 39 ten-year

130 1682 179 34 Arkansas
330 1687 160 29 sentence
510 1682 54 35 for
584 1694 113 23 arson.

222 1758 206 43 Ultimately
442 1758 60 35 the
515 1758 178 44 appellant
707 1770 70 23 was
791 1759 99 43 given
905 1770 20 24 a
940 1770 75 24 new
1030 1759 79 35 trial
1124 1760 148 34 because
1285 1760 60 35 the

129 1807 124 35 circuit
268 1813 98 29 court
382 1807 108 36 found
506 1808 52 35 his
574 1808 92 44 right
682 1813 35 30 to
733 1808 68 36 due
815 1819 136 34 process
967 1809 110 35 under
1092 1810 59 34 the
1166 1810 178 35 Arkansas

130 1857 69 34 and
219 1858 45 34 U.
286 1857 35 35 S.
342 1858 241 34 constitutions
604 1858 69 35 had
693 1859 86 35 been
798 1859 150 35 violated
968 1871 38 23 as
1026 1860 44 34 he
1089 1859 69 35 had
1179 1865 59 29 not
1257 1860 87 36 been

130 1907 154 34 released
304 1912 36 29 to
359 1907 58 34 the
436 1907 132 36 federal
588 1908 203 35 authorities
810 1914 36 29 to
865 1909 102 43 begin
987 1909 134 43 serving
1141 1909 52 35 his
1212 1909 132 35 federal

129 1961 163 30 sentence
307 1956 53 35 for
375 1957 111 34 which
502 1957 44 35 he
561 1968 70 24 was
647 1962 35 30 to
698 1958 86 35 have
799 1958 86 35 been
900 1958 100 44 given
1016 1958 109 35 credit
1141 1959 135 43 against
1292 1959 52 34 his

129 2006 180 34 Arkansas
329 2011 170 30 sentence.

221 2081 49 34 At
283 2081 59 34 the
356 2092 72 23 new
442 2081 90 41 trial,
547 2081 60 35 the
620 2082 176 44 appellant
810 2082 145 44 pleaded
969 2083 120 43 guilty.
1105 2083 65 34 His
1183 2083 77 44 plea
1274 2094 69 24 was

130 2130 199 43 negotiated
341 2141 43 24 on
397 2131 59 34 the
467 2131 93 34 basis
572 2131 39 35 of
620 2131 60 35 the
691 2142 96 24 same
799 2137 211 38 agreement,
1023 2133 66 41 i.e.,
1102 2133 76 34 that
1190 2133 52 35 his
1254 2138 90 30 state

129 2185 163 30 sentence
307 2180 111 35 would
434 2192 64 23 run
513 2182 242 44 concurrently
770 2182 82 35 with
868 2182 52 35 his
936 2182 132 35 federal
1083 2187 171 31 sentence.
1270 2183 75 35 The

126 2230 186 44 judgment
326 2230 186 36 remanded
527 2231 60 35 the
599 2232 177 44 appellant
789 2237 36 30 to
838 2232 59 35 the
910 2232 148 35 Nevada
1072 2233 140 44 County
1225 2233 122 35 sheriff

130 2280 54 35 for
204 2280 151 45 delivery
374 2286 35 30 to
429 2281 59 35 the
508 2282 179 35 Arkansas
708 2283 230 44 Department
958 2282 39 36 of
1015 2283 213 35 Correction.

221 2357 75 34 The
322 2357 176 44 appellant
523 2358 83 34 then
633 2358 125 43 sought
785 2364 35 29 to
846 2358 180 36 withdraw
1052 2359 52 35 his
1131 2359 110 44 guilty
1267 2360 77 45 plea

130 2412 169 38 pursuant
324 2412 35 29 to
384 2407 84 34 Ark.
495 2408 42 34 R.
565 2408 109 34 Crim.
700 2408 36 34 P.
764 2409 90 40 26.1,
880 2408 129 44 stating
1034 2409 77 34 that
1135 2420 20 23 a
1181 2409 164 35 manifest
