1656 2688
293 273 67 33 304

292 411 232 36 SIMMONS
547 411 136 35 FIRST
703 411 259 34 NATIONAL
982 410 147 41 BANK,
1152 409 180 43 (Through
1352 408 43 35 its
1416 408 85 35 Vice

338 461 178 35 President
536 461 68 35 and
625 461 122 34 Senior
766 462 104 33 Trust
891 460 138 40 Officer,
1051 459 132 35 Robert
1203 460 38 33 L.
1263 460 102 39 Hart,
1386 457 65 43 Jr.)

292 511 272 34 Administrator
584 511 39 34 of
640 511 59 34 the
719 511 119 34 Estate
858 510 39 34 of
914 509 151 43 Georgia
1087 509 226 42 Huchingson
1333 519 28 23 v.
1384 508 113 34 W.W.

668 560 201 39 ABBOTT,
891 560 111 39 M.D.,
1024 564 33 28 et
1077 558 44 34 al.

292 637 105 34 85-99

1228 635 65 33 705
1316 632 142 35 S.W.2d
1480 634 18 33 3

618 712 170 44 Supreme
808 712 110 34 Court
938 711 39 35 of
993 711 179 35 Arkansas

566 762 152 44 Opinion
738 761 171 36 delivered
931 761 126 35 March
1080 763 30 39 3,
1136 761 87 34 1986

386 1603 197 34 Whetstone
605 1604 30 33 &
662 1602 207 40 Whetstone,
891 1602 53 34 for
964 1602 186 43 appellant.

381 1678 139 43 Friday,
548 1678 175 43 Eldredge
752 1679 29 33 &
812 1677 120 41 Clark,
960 1678 54 43 by:
1042 1679 117 32 Laura
1184 1679 42 32 A.
1253 1677 165 43 Hensley,
1446 1677 53 34 for

291 1728 155 43 appellee
465 1727 143 35 Abbott.

386 1803 139 44 Wright,
547 1803 149 44 Lindsey
719 1805 31 33 &
771 1805 178 42 Jennings,
970 1803 53 34 for
1044 1803 155 44 appellee
1218 1803 117 40 Aireo,
1357 1803 70 34 Inc.

379 1879 159 44 Stephan
547 1881 42 33 A.
601 1879 201 41 Matthews,
815 1879 132 34 amicus
958 1879 117 34 curiae
1086 1879 53 34 for
1150 1879 178 34 Arkansas
1339 1879 159 34 Associa-

290 1929 71 34 tion
381 1929 40 34 of
438 1929 150 34 Defense
609 1929 160 34 Counsel.

379 2006 69 41 Jay
466 2004 152 35 Thomas
635 2004 219 44 Youngdahl,
869 2004 132 34 amicus
1015 2004 118 34 curiae
1146 2003 53 35 for
1213 2004 178 34 Arkansas
1404 2004 95 34 Trial

290 2055 160 43 Lawyers
470 2054 228 35 Association.

380 2130 137 35 Comer
537 2131 160 40 Boyett,
717 2131 68 40 Jr.,
806 2130 138 44 Special
964 2130 107 34 Chief
1087 2130 140 34 Justice.

1248 2130 83 34 This
1350 2140 79 24 case
1448 2130 49 34 in­

288 2180 113 34 volves
415 2185 171 38 statutory
600 2180 232 34 construction
847 2180 39 34 of
897 2180 189 34 Arkansas’
1102 2180 183 42 Wrongful
1300 2180 115 34 Death
1429 2180 69 34 Act

291 2229 85 42 (Act
388 2230 66 33 255
468 2229 39 34 of
515 2230 86 33 Acts
613 2229 39 34 of
660 2230 177 33 Arkansas
849 2229 39 34 of
902 2229 117 42 1957);
1032 2231 43 32 27
1088 2229 85 34 Ark.
1186 2229 88 34 Stat.
1288 2230 67 33 906
1368 2235 33 28 et
1412 2240 83 32 seq:,

289 2278 68 34 and
376 2278 218 43 jurisdiction
616 2284 86 29 rests
724 2279 34 34 in
781 2279 67 34 this
871 2279 110 34 Court
1003 2278 109 34 under
1134 2278 90 35 Rule
1246 2278 158 43 29(1)(c)
1429 2278 68 34 and

291 2328 111 43 (1)(o)
425 2328 39 34 of
481 2328 59 34 the
560 2328 106 35 Rules
686 2328 39 34 of
742 2328 59 35 the
820 2328 170 44 Supreme
1010 2328 121 34 Court.

380 2404 56 34 On
454 2405 138 42 August
610 2405 55 40 25,
688 2405 88 33 1980
794 2404 68 34 suit
879 2415 70 23 was
966 2404 81 34 filed
1065 2404 53 34 for
1135 2404 141 43 injuries
1294 2409 35 29 to
1347 2403 151 44 Georgia
