1632 2696
1276 278 62 33 185

358 420 74 34 The
445 419 139 43 general
599 419 74 34 rule
686 419 27 34 is
727 419 77 34 that
817 419 59 34 the
890 419 169 44 necessity
1073 419 39 34 of
1123 419 217 43 introducing

126 469 164 34 evidence
299 475 35 28 to
343 480 102 33 prove
454 480 19 23 a
484 469 72 35 fact
566 480 80 33 may
655 470 43 33 be
707 469 129 34 waived
846 469 45 43 by
900 469 59 34 the
968 469 142 34 adverse
1119 474 100 39 party
1227 469 114 34 where

127 530 20 23 a
157 530 80 23 case
246 519 163 43 proceeds
418 530 43 23 on
471 520 59 33 the
539 519 121 43 theory
669 520 76 33 that
754 519 131 34 certain
895 519 89 34 facts
994 530 60 23 are
1063 524 59 29 not
1131 519 34 34 in
1175 519 90 34 issue
1273 530 38 23 or
1320 530 20 23 a

128 568 72 34 fact
212 569 28 34 is
252 569 168 34 admitted
433 580 37 23 or
481 569 174 34 conceded
667 569 45 43 by
723 569 59 34 the
793 569 142 34 adverse
946 574 111 38 party.
1071 569 127 34 Where
1209 580 20 23 a
1241 574 101 39 party

128 618 127 34 admits
269 618 33 34 in
315 629 87 33 open
415 624 98 28 court
525 619 60 34 the
597 619 173 34 existence
781 618 39 35 of
830 630 19 22 a
863 618 72 35 fact
947 619 160 34 material
1120 624 35 29 to
1168 619 58 34 the
1237 629 104 24 cause

127 668 40 34 of
179 668 52 34 his
246 668 194 44 adversary,
457 679 43 24 no
515 668 102 44 proof
629 668 27 34 is
672 668 188 34 thereafter
875 668 159 44 required
1050 668 53 35 for
1117 680 20 23 a
1153 668 130 44 finding
1298 679 43 24 on

128 718 59 34 the
205 723 127 29 matter
350 718 67 34 and
436 729 19 23 a
474 723 100 39 party
591 718 77 34 who
685 729 121 23 causes
824 729 19 23 a
858 718 108 43 judge
983 724 36 29 to
1036 718 212 35 understand
1266 719 75 34 that

128 768 132 34 certain
271 767 89 35 facts
370 779 58 23 are
438 767 170 35 admitted
618 774 127 28 cannot
754 768 114 43 object
877 773 36 29 to
922 768 59 34 the
987 768 137 43 judge’s
1133 768 208 44 conducting

128 817 39 34 of
174 818 59 34 the
243 817 79 35 trial
332 828 43 24 on
386 818 58 34 the
455 818 91 34 basis
556 818 39 34 of
602 818 76 34 that
689 817 282 44 understanding.
984 819 42 33 88
1039 818 114 34 C.J.S.
1164 818 122 41 Trials,
1299 818 40 43 §§

130 868 55 40 58,
200 868 53 34 59.
268 867 151 34 “Where
431 879 19 23 a
463 873 101 38 party
576 878 120 24 causes
709 879 20 23 a
741 873 98 29 court
850 873 36 29 to
898 867 213 35 understand
1123 868 76 34 that
1211 868 130 35 certain

129 917 89 35 facts
229 928 60 23 are
300 917 179 41 admitted,
491 918 43 34 he
544 922 127 30 cannot
681 918 114 43 object
806 923 35 29 to
852 929 19 23 a
882 918 144 43 hearing
1037 918 102 43 being
1150 917 192 35 conducted

128 978 44 23 on
189 967 59 35 the
263 967 91 35 basis
370 967 39 35 of
421 968 76 34 that
513 967 307 44 understanding.”
837 967 101 35 Bond
950 979 30 23 v.
997 967 140 44 Dudley
1156 969 30 33 &
1205 969 136 40 Moore,

129 1018 69 33 244
220 1018 84 33 Ark.
329 1018 78 40 568,
430 1018 67 34 426
520 1017 143 35 S.W.2d
686 1019 68 33 780
778 1017 137 44 (1968);
938 1029 57 23 see
1016 1018 73 35 also
1109 1018 182 35 Schuman
1310 1030 30 23 v.

128 1067 159 44 Hughes,
310 1069 65 33 203
397 1068 84 34 Ark.
505 1069 79 39 395,
609 1069 64 33 156
694 1068 143 34 S.W.2d
859 1069 68 34 804
949 1068 138 43 (1941).

221 1139 120 34 Under
352 1139 59 34 the
421 1139 270 35 circumstances
702 1139 39 35 of
750 1140 67 34 this
828 1151 80 23 case
918 1140 60 34 the
989 1146 144 29 amount
1144 1140 39 35 of
1190 1140 71 35 fuel
1273 1152 69 23 was

128 1199 127 33 proven
266 1189 44 43 by
319 1189 59 34 the
387 1189 185 44 testimony
581 1189 39 34 of
626 1189 59 34 the
694 1194 90 30 state
793 1189 137 35 auditor
939 1190 62 34 but
1011 1201 83 23 even
1104 1190 30 34 if
1139 1190 26 34 it
1175 1201 88 23 were
1271 1195 70 36 not,

128 1238 91 34 Gulf
241 1238 69 34 and
336 1239 138 33 Collum
500 1239 87 34 have
612 1239 194 43 effectively
830 1239 130 34 waived
985 1240 60 33 the
1070 1240 90 33 issue
1185 1240 44 43 by
1254 1240 88 34 their

128 1287 151 34 conduct
290 1288 211 42 throughout
512 1288 60 34 the
583 1288 207 43 proceeding
802 1288 67 34 and
881 1289 45 43 by
938 1289 89 33 their
1039 1299 76 24 own
1126 1288 215 35 admissions.

314 1359 56 34 On
386 1359 58 34 the
460 1359 90 34 issue
565 1359 39 34 of
616 1370 118 32 usage,
750 1359 59 34 the
825 1359 271 35 Commissioner
1111 1360 99 34 relies
1225 1370 44 24 on
1285 1360 59 34 the

129 1408 112 44 prima
254 1408 91 35 facie
357 1409 236 43 presumption
605 1409 184 34 contained
802 1409 33 34 in
847 1410 85 34 Ark.
946 1409 89 35 Stat.
1049 1410 92 34 Ann.
1157 1410 17 42 §
1189 1411 153 33 75-1250

131 1457 116 44 (Repl.
274 1458 116 43 1979):

254 1531 165 33 75-1250.
448 1530 115 34 Prima
592 1530 90 35 facie
709 1531 264 44 presumptions.
1000 1552 49 3 —
1074 1532 80 43 Any
1181 1532 161 43 supplier,

254 1579 116 35 dealer
391 1590 37 24 or
449 1591 78 23 user
548 1580 77 34 who
646 1580 88 34 shall
757 1580 61 35 fail
839 1586 35 29 to
895 1581 87 43 keep
1004 1581 148 41 records,
1174 1582 90 34 issue
1285 1582 59 34 the

254 1629 147 34 invoices
419 1640 38 24 or
473 1630 58 34 file
548 1630 59 34 the
624 1635 132 38 reports
774 1630 158 43 required
950 1631 45 43 by
1012 1631 68 34 this
1098 1632 79 40 Act,
1196 1631 87 34 shall
1301 1631 43 34 be

254 1679 111 43 prima
383 1679 89 34 facie
489 1679 184 44 presumed
690 1685 35 29 to
742 1680 86 34 have
844 1680 85 41 sold,
946 1680 173 35 delivered
1135 1691 38 24 or
1189 1681 84 34 used
1290 1680 53 35 for

254 1729 139 34 taxable
402 1740 165 33 purposes
578 1730 46 34 all
634 1729 166 35 distillate
809 1730 128 44 special
948 1730 89 35 fuels
1048 1730 117 35 shown
1176 1731 44 44 by
1230 1742 20 23 a
1261 1731 82 44 duly

253 1779 139 35 verified
415 1779 98 36 audit
535 1780 46 44 by
603 1780 59 35 the
685 1780 282 42 Commissioner,
990 1792 38 24 or
1051 1792 68 33 any
1141 1781 202 35 authorized

254 1830 277 43 representative,
554 1835 36 30 to
610 1831 88 34 have
719 1831 86 34 been
826 1831 172 35 delivered
1019 1837 36 29 to
1075 1832 85 34 such
1181 1832 161 44 supplier,

253 1879 117 35 dealer
396 1891 37 23 or
459 1891 79 23 user
565 1880 69 35 and
661 1881 240 34 unaccounted
928 1881 53 34 for
1009 1887 36 29 at
1071 1882 86 34 each
1184 1882 98 43 place
1307 1882 40 35 of

254 1929 154 34 business
431 1957 6 6 .
465 1957 7 6 .
500 1957 6 7 .
529 1930 91 34 from
640 1930 112 34 which
775 1958 6 6 .
809 1958 6 6 .
844 1958 6 6 .
872 1931 84 34 sold.

128 2000 76 34 The
217 2005 131 29 statute
361 2005 132 30 creates
507 2012 21 23 a
543 2001 112 43 prima
670 2001 91 34 facie
775 2002 236 43 presumption
1025 2002 77 34 that
1116 2002 59 34 the
1189 2002 70 34 fuel
1274 2013 69 23 was

128 2049 85 34 used
228 2049 54 34 for
295 2050 139 34 taxable
447 2060 165 34 purposes
626 2050 149 35 because
789 2051 140 34 Collum
942 2051 207 44 admittedly
1162 2051 182 44 destroyed

129 2099 59 34 the
208 2099 148 34 records.
379 2100 139 34 Collum
537 2100 167 34 contends
724 2101 60 33 the
802 2101 238 43 presumption
1060 2101 81 34 does
1162 2106 59 29 not
1241 2102 103 43 apply

129 2149 150 34 because
295 2149 26 34 it
336 2160 70 23 was
422 2160 102 24 never
541 2150 153 40 audited,
712 2150 68 34 and
796 2151 59 33 the
871 2155 130 30 statute
1017 2151 152 43 requires
1186 2162 44 23 an
1247 2151 97 35 audit

129 2198 120 35 before
269 2199 59 34 the
348 2200 236 43 presumption
605 2210 65 24 can
691 2200 99 34 arise.

220 2270 76 34 The
305 2271 79 43 only
394 2281 148 33 purpose
551 2271 40 34 of
597 2271 60 34 the
667 2271 98 34 audit
775 2272 233 43 requirement
1018 2272 34 34 in
1063 2272 59 34 the
1132 2277 129 30 statute
1271 2273 27 34 is
1308 2277 36 30 to

129 2319 141 44 provide
288 2331 44 23 an
351 2320 172 44 approved
542 2321 142 34 method
702 2326 36 29 to
756 2321 191 34 determine
965 2322 59 33 the
1041 2322 160 43 quantity
1219 2322 39 34 of
1273 2322 71 34 fuel

129 2369 173 34 delivered
317 2375 35 29 to
367 2381 20 23 a
402 2370 116 34 dealer
534 2370 119 35 before
668 2371 26 33 it
708 2381 66 24 can
789 2371 43 34 be
846 2371 151 43 charged
1012 2371 83 34 with
1110 2371 76 34 that
1201 2377 144 29 amount

129 2419 110 34 under
249 2419 60 35 the
319 2424 139 30 statute.
470 2420 112 34 There
592 2431 70 24 was
673 2431 45 24 an
728 2420 98 35 audit
836 2420 39 35 of
882 2420 90 35 Gulf
979 2421 77 34 that
1066 2421 210 34 established
1286 2421 59 35 the
