1674 2704
160 405 82 23 man
256 394 82 35 with
353 405 19 24 a
387 394 65 35 tire
464 395 80 34 tool.
559 394 98 44 They
670 394 82 35 then
767 394 152 44 stripped
933 395 73 34 him
1020 394 100 35 down
1134 394 68 35 and
1216 394 70 35 tied
1300 394 73 35 him

159 449 62 29 out
240 444 35 34 in
295 444 60 34 the
374 444 97 34 river.

1304 254 68 33 437

253 520 151 35 Holland
424 520 148 35 testified
591 520 35 34 in
645 520 53 35 his
717 531 75 24 own
811 520 151 35 defense.
984 521 56 34 He
1058 520 169 37 admitted
1246 520 126 43 having

160 569 87 35 been
258 569 82 35 with
351 570 112 35 Zones
474 569 76 35 that
560 570 144 43 evening
714 570 87 35 until
811 570 106 35 about
928 571 80 35 2:30
1018 581 93 30 a.m.,
1122 570 62 35 but
1193 570 44 35 he
1246 569 74 36 said
1330 570 44 34 he

159 619 84 35 then
253 625 90 29 went
353 620 111 35 home.
477 620 56 34 He
542 619 75 35 said
628 620 44 34 he
681 630 69 25 saw
762 620 112 35 Zones
884 620 59 34 the
953 625 81 30 next
1043 620 69 44 day
1122 625 36 30 at
1167 621 107 34 about
1284 630 89 25 noon

160 669 69 35 and
249 680 70 24 was
339 669 81 35 with
441 670 113 34 Zones
574 669 99 35 when
693 670 81 43 they
793 670 87 35 tried
900 675 36 29 to
955 669 170 45 persuade
1144 681 20 24 a
1184 680 135 25 woman
1338 675 36 30 to

160 718 137 45 dispose
312 719 39 35 of
365 719 58 35 the
438 730 69 24 car.
526 720 31 34 It
573 719 28 35 is
618 719 131 44 argued
765 719 76 35 that
857 720 59 35 the
931 720 260 44 corroborating
1208 720 165 35 witness’s

161 769 186 44 testimony
359 768 145 36 differed
518 769 34 35 in
565 770 131 34 several
709 775 149 39 respects
871 770 91 35 from
975 769 59 36 the
1047 770 89 35 facts
1149 781 38 24 as
1199 770 126 44 proved
1338 776 36 29 at

160 819 60 34 the
235 819 89 35 trial.
342 819 90 35 That
448 820 27 34 is
490 824 36 30 to
542 830 95 24 some
652 825 117 29 extent
784 825 87 36 true,
887 820 62 35 but
965 820 59 35 the
1035 820 81 43 jury
1131 831 69 24 was
1216 821 159 44 properly

160 868 191 36 instructed
362 880 37 23 as
408 874 36 31 to
453 869 60 35 the
522 869 88 35 need
620 869 54 35 for
683 869 268 36 corroboration.
962 870 105 44 Upon
1077 870 59 35 the
1145 869 162 37 evidence
1316 870 59 38 the

156 918 82 45 jury
251 919 113 42 could,
379 919 68 35 and
461 919 173 45 evidently
647 919 70 42 did,
732 919 71 36 find
817 920 59 35 the
888 920 259 35 corroboration
1161 926 36 29 to
1210 926 91 29 meet
1316 920 59 35 the

160 970 251 43 requirements
431 969 38 35 of
486 970 60 35 the
565 970 77 34 law.
664 969 35 36 If
716 970 165 42 believed,
901 970 27 35 it
947 981 71 24 was
1039 970 180 35 sufficient.

353 1045 123 36 Before
501 1046 60 35 the
585 1046 72 35 voir
682 1046 74 35 dire
781 1046 69 35 had
876 1047 125 43 begun,
1028 1058 21 23 a
1074 1047 63 34 roll
1163 1047 66 35 call
1254 1047 40 34 of
1315 1047 60 34 the

161 1095 167 44 expected
339 1095 174 35 witnesses
525 1096 139 34 showed
676 1096 77 34 that
763 1107 65 24 one
839 1097 137 34 witness
988 1096 54 35 for
1054 1097 59 34 the
1124 1096 100 35 State
1234 1096 69 36 had
1315 1102 60 29 not

160 1150 58 37 yet
229 1145 145 35 arrived.
386 1146 33 33 A
429 1145 130 44 deputy
570 1151 200 38 prosecutor
780 1146 193 35 remarked:
986 1146 39 34 “I
1036 1146 96 35 don’t
1143 1146 99 35 know
1253 1146 121 35 what’s

160 1194 183 44 happened
358 1200 35 29 to
406 1194 73 35 him
492 1195 115 35 unless
622 1195 72 34 he’s
708 1201 118 37 gotten
840 1195 115 36 killed.
971 1197 57 34 He
1041 1196 98 35 knew
1153 1201 36 30 to
1202 1196 43 34 be
1258 1196 116 35 here.”

161 1243 153 36 Defense
328 1245 138 36 counsel
482 1244 123 36 moved
620 1244 54 35 for
689 1256 20 23 a
724 1245 157 35 mistrial.
897 1246 75 34 The
986 1246 131 34 motion
1132 1257 69 24 was
1217 1246 158 44 properly

161 1293 135 36 denied.
323 1295 50 34 As
399 1294 58 35 the
482 1294 79 36 trial
583 1294 109 44 judge
717 1295 175 42 observed,
919 1295 59 35 the
1003 1295 139 36 remark
1165 1306 70 25 was
1256 1296 73 43 just
1354 1307 21 24 a

160 1349 177 30 comment
348 1344 75 35 that
434 1344 69 35 had
514 1344 144 44 nothing
669 1350 36 30 to
716 1345 44 34 do
770 1345 82 36 with
863 1346 59 34 the
933 1345 79 35 trial
1023 1346 69 34 and
1103 1345 59 35 did
1173 1350 59 30 not
1242 1346 133 44 impute

161 1393 169 44 anything
349 1399 36 30 to
405 1404 144 34 anyone.

252 1469 75 36 The
336 1470 113 35 denial
459 1470 40 35 of
506 1470 146 35 another
661 1471 131 35 motion
803 1471 53 35 for
866 1471 147 36 mistrial
1023 1471 28 35 is
1061 1471 75 37 said
1146 1477 35 30 to
1191 1472 87 35 have
1287 1472 87 35 been

161 1520 184 35 reversible
358 1531 103 24 error.
476 1521 136 42 During
625 1532 20 23 a
659 1531 90 25 noon
762 1521 87 35 hour
862 1533 20 23 a
891 1521 99 43 juror
1003 1522 159 44 reported
1176 1527 35 30 to
1224 1522 59 34 the
1295 1522 79 35 trial

156 1569 110 43 judge
278 1570 77 34 that
367 1569 44 35 he
423 1569 68 36 had
504 1570 156 35 received
674 1581 20 24 a
707 1571 182 44 telephone
901 1572 67 34 call
981 1570 125 45 during
1119 1571 59 35 the
1190 1571 184 45 preceding

161 1619 109 43 night.
293 1620 39 36 In
353 1619 193 42 chambers,
567 1620 35 35 in
623 1620 59 35 the
702 1631 163 33 presence
884 1620 40 35 of
940 1621 151 41 counsel,
1113 1621 59 35 the
1187 1621 98 44 juror
1304 1632 70 24 was

160 1679 112 25 sworn
285 1669 69 35 and
366 1669 213 44 questioned.
595 1671 56 34 He
663 1670 75 35 said
751 1671 52 35 his
816 1671 113 44 phone
941 1682 86 32 rang
1041 1676 36 30 at
1094 1672 87 34 1:16.
1195 1671 74 36 The
1276 1672 98 43 juror

160 1720 198 35 continued:

375 1797 97 44 They
487 1797 118 35 asked:
622 1798 96 35 “Are
732 1809 68 33 you
815 1799 110 43 Larry
941 1799 152 35 Davis?”
1111 1799 16 34 I
1142 1798 86 36 said:
1244 1800 129 34 “Yes.”

285 1847 81 34 And
379 1847 59 34 the
450 1852 80 30 next
543 1847 111 37 words
667 1858 90 24 were
769 1848 120 41 either,
903 1848 103 35 “You
1019 1848 112 36 better
1143 1849 45 34 do
1200 1849 123 43 good,”
1336 1860 38 24 or

285 1896 103 35 “You
403 1896 111 35 better
528 1897 43 34 be
586 1897 124 42 good,”
725 1897 70 34 and
809 1898 16 33 I
839 1898 94 42 hung
947 1909 47 33 up
1008 1898 119 35 before
1141 1898 59 35 the
1213 1904 163 29 sentence

285 1956 70 24 was
375 1946 205 44 completed.

159 2021 76 34 The
248 2021 98 43 juror
363 2020 58 36 did
438 2026 60 30 not
515 2022 100 35 know
631 2023 79 34 who
727 2022 26 35 it
770 2022 70 35 had
856 2023 98 41 been,
972 2023 63 35 but
1052 2023 44 35 he
1113 2023 75 35 said
1205 2023 59 35 the
1279 2023 96 36 voice

160 2070 155 36 sounded
329 2071 123 45 “gay.”
467 2070 129 44 (There
608 2072 69 35 had
690 2072 87 36 been
789 2083 96 25 some
896 2072 190 36 indication
1098 2073 76 35 that
1186 2073 59 36 the
1255 2073 119 37 victim

159 2120 40 35 of
214 2121 61 36 the
293 2120 139 36 murder
450 2132 81 34 may
549 2122 89 35 have
655 2122 88 35 been
761 2122 95 45 gay.)
875 2123 76 35 The
965 2123 98 44 juror
1081 2123 75 36 said
1175 2124 76 35 that
1269 2124 34 35 in
1321 2123 53 36 his

159 2171 141 44 opinion
312 2171 59 35 the
382 2172 66 34 call
460 2171 59 36 did
531 2177 60 30 not
603 2173 107 34 affect
721 2173 53 35 his
786 2173 122 44 ability
919 2178 36 30 to
966 2173 122 35 decide
1099 2173 59 35 the
1169 2184 80 25 case
1260 2173 112 44 fairly.

160 2220 56 34 “It
227 2221 135 34 doesn’t
373 2221 122 35 bother
506 2232 58 24 me
575 2227 37 29 at
623 2223 47 33 all
681 2222 78 34 that
770 2224 16 33 I
798 2228 59 37 got
868 2223 60 34 the
940 2222 101 35 call.”
1053 2223 76 35 The
1136 2223 97 42 juror
1245 2222 75 35 said
1331 2223 45 34 he

160 2269 69 35 had
240 2275 61 29 not
311 2270 198 35 mentioned
520 2271 59 34 the
589 2276 128 29 matter
727 2276 36 29 to
773 2271 60 35 the
842 2272 99 34 other
947 2271 115 43 jurors
1073 2271 68 35 and
1152 2282 70 25 was
1232 2272 72 35 told
1314 2277 60 31 not

159 2323 36 29 to
215 2319 45 34 do
280 2329 48 24 so.

398 2395 65 34 We
472 2395 156 44 perceive
636 2406 45 24 no
690 2395 108 35 abuse
806 2395 40 34 of
852 2396 59 34 the
919 2396 81 35 trial
1008 2396 128 35 court’s
1145 2396 185 35 discretion
1340 2396 35 35 in
