1673 2701
161 407 88 34 1984
266 412 35 28 to
317 407 102 42 begin
435 408 135 41 serving
586 407 52 34 his
654 413 172 29 sentence.
844 408 56 33 He
915 407 107 35 failed
1038 413 36 29 to
1090 418 128 34 appear
1233 418 45 24 on
1292 408 78 34 that

157 457 92 39 date,
271 456 68 34 and
361 468 19 23 a
401 457 110 34 bench
532 462 151 29 warrant
703 468 69 23 was
793 457 114 34 issued
928 456 53 35 for
1001 457 52 34 his
1074 461 119 30 arrest.

1301 267 63 33 301

250 532 56 34 On
323 533 89 34 June
429 534 54 40 28,
506 533 99 40 1984,
623 533 176 44 appellant
815 544 70 23 was
902 533 154 35 arrested
1073 533 34 35 in
1123 534 112 34 Texas
1252 544 43 23 on
1312 534 59 34 the

158 583 179 34 Arkansas
356 588 159 29 warrant.
536 583 75 33 The
629 583 101 34 State
748 583 39 34 of
802 584 112 33 Texas
934 583 73 34 also
1025 582 151 44 charged
1196 583 175 44 appellant

158 632 83 35 with
260 632 123 34 crimes
401 632 203 35 committed
623 633 101 34 while
742 633 43 34 he
802 643 69 24 was
890 632 106 35 there.
1017 633 39 34 In
1075 632 166 41 addition,
1259 634 112 34 Texas

159 682 203 34 authorities
377 682 137 35 refused
529 687 36 29 to
579 682 171 35 extradite
764 682 176 45 appellant
954 687 36 30 to
1004 683 189 40 Arkansas,
1208 682 163 44 choosing

160 731 135 35 instead
315 737 36 29 to
371 737 53 38 try
444 733 73 33 him
537 742 44 24 on
602 732 59 34 the
679 733 113 34 Texas
812 732 154 43 charges.

251 808 188 43 Appellant
463 808 146 44 pleaded
633 808 110 44 guilty
767 814 35 29 to
826 808 58 36 the
907 809 112 34 Texas
1043 809 144 43 charges
1211 809 68 34 and
1303 820 69 24 was

160 858 185 35 sentenced
365 864 35 28 to
419 870 19 23 a
458 864 89 29 term
566 858 39 35 of
622 864 57 29 ten
701 858 77 44 (10)
800 869 108 34 years.
929 859 75 34 The
1022 859 100 35 State
1140 858 40 35 of
1195 859 177 35 Arkansas

160 908 122 44 placed
298 919 20 23 a
333 908 155 35 detainer
502 908 137 43 against
654 909 176 43 appellant
845 908 34 34 in
894 909 59 34 the
966 910 112 33 Texas
1094 910 229 42 Department
1336 909 40 35 of

161 958 231 35 Corrections.
410 958 56 34 On
483 969 38 24 or
538 958 107 35 about
663 959 176 43 February
856 959 55 40 24,
933 960 100 40 1985,
1051 958 175 45 appellant
1242 959 131 35 waived

160 1007 219 35 extradition.
393 1009 54 34 He
458 1020 69 23 was
539 1008 219 44 transported
769 1008 89 35 back
868 1013 35 30 to
914 1008 60 35 the
984 1009 100 35 State
1094 1009 40 35 of
1140 1009 178 34 Arkansas
1329 1020 44 24 on

162 1058 128 34 March
312 1059 55 40 31,
392 1059 98 34 1985.

252 1135 189 43 Appellant
453 1134 166 35 contends
632 1135 77 34 that
721 1135 44 34 he
777 1135 122 35 should
912 1135 133 35 receive
1056 1135 109 35 credit
1178 1135 53 35 for
1244 1135 58 35 the
1310 1136 64 43 jail

161 1185 85 34 time
257 1189 100 39 spent
368 1184 33 34 in
413 1186 112 33 Texas
537 1184 91 35 from
639 1185 52 34 his
703 1190 110 30 arrest
824 1196 43 24 on
879 1186 90 33 June
981 1186 160 40 28,1984
1151 1185 88 35 until
1250 1185 44 35 he
1304 1197 69 23 was

161 1234 163 35 returned
345 1240 35 29 to
401 1235 178 35 Arkansas
601 1245 43 24 on
667 1235 127 35 March
816 1236 55 40 31,
897 1236 99 34 1985.
1019 1236 40 34 In
1080 1240 141 40 support
1241 1235 39 35 of
1298 1236 76 35 that

161 1284 210 41 contention,
390 1285 43 34 he
451 1285 83 35 cites
553 1285 85 34 Ark.
657 1285 90 35 Stat.
766 1286 91 34 Ann.
879 1285 17 43 §
916 1286 132 34 41-904
1068 1285 115 45 (Repl.
1207 1285 116 43 1977).
1343 1286 31 35 It

161 1334 169 44 provides:

380 1411 119 34 Credit
504 1410 65 44 for
582 1413 84 32 time
677 1417 101 37 spent
791 1414 34 32 in
838 1411 158 43 custody.
1008 1432 49 3 —
1069 1411 35 35 If
1113 1423 20 23 a
1146 1410 189 36 defendant
1347 1412 28 34 is

287 1460 79 34 held
384 1460 34 34 in
436 1460 145 43 custody
599 1460 53 34 for
670 1461 149 34 conduct
836 1460 76 35 that
930 1461 124 34 results
1072 1461 34 34 in
1124 1472 20 24 a
1163 1466 160 30 sentence
1340 1467 35 29 to

286 1509 274 44 imprisonment,
584 1510 60 34 the
666 1516 98 29 court
788 1510 87 35 shall
898 1510 110 35 credit
1031 1511 59 34 the
1112 1511 85 34 time
1219 1516 99 38 spent
1341 1511 34 34 in

286 1559 144 44 custody
450 1560 137 43 against
607 1560 60 34 the
687 1565 170 30 sentence.

347 1637 40 33 In
395 1638 157 33 Boone v.
562 1636 114 41 State,
687 1637 68 34 270
764 1637 85 34 Ark.
861 1637 132 40 83, 603
1005 1637 143 35 S.W.2d
1158 1637 68 34 410
1237 1636 138 44 (1980),

161 1697 52 23 we
223 1686 182 43 explained
415 1687 76 34 that
501 1687 20 13 “
529 1686 47 43 [o]
583 1697 41 23 ur
633 1692 131 29 statute
774 1687 151 44 requires
935 1687 77 34 that
1022 1698 21 23 a
1053 1686 189 36 defendant
1251 1687 79 35 held
1341 1688 34 34 in

162 1735 145 44 custody
319 1735 53 35 for
383 1736 149 35 conduct
542 1736 77 34 that
630 1737 124 34 results
765 1737 35 34 in
811 1748 20 23 a
842 1742 162 29 sentence
1014 1742 36 29 to
1061 1737 261 44 imprisonment
1333 1738 43 34 be

162 1785 100 42 given
277 1785 109 34 credit
400 1785 53 34 for
468 1786 59 34 the
541 1785 86 34 time
640 1791 100 38 spent
754 1786 35 34 in
804 1786 144 43 custody
962 1787 137 42 against
1113 1786 52 35 his
1180 1787 194 34 sentence.”

162 1835 66 33 We
251 1839 91 29 went
365 1845 43 23 on
431 1840 35 29 to
490 1834 137 44 explain
651 1835 35 34 in
709 1837 118 33 Boone
849 1835 77 34 that
949 1835 110 35 credit
1082 1836 53 34 for
1155 1835 63 43 jail
1240 1836 85 34 time
1347 1836 28 34 is

162 1884 222 44 appropriate
396 1885 99 34 when
508 1885 60 35 the
581 1885 141 43 pretrial
736 1885 251 35 incarceration
1000 1885 28 35 is
1041 1885 68 35 due
1121 1891 36 30 to
1170 1885 158 45 inability
1340 1891 35 30 to

162 1935 104 35 make
277 1934 82 42 bail,
369 1935 63 35 but
442 1936 77 35 that
529 1935 27 35 it
567 1935 28 35 is
606 1940 61 30 not
677 1936 221 45 appropriate
907 1936 100 35 when
1017 1936 61 35 the
1087 1936 251 36 incarceration
1349 1937 27 35 is

163 1986 69 34 due
244 1986 125 44 wholly
381 1991 36 30 to
429 1986 181 35 unrelated
623 1986 145 44 charges
781 1987 76 35 that
870 1998 59 23 are
942 1987 106 35 based
1061 1998 44 24 on
1118 1987 149 35 conduct
1279 1988 98 34 other

163 2036 85 35 than
273 2036 77 34 that
375 2036 52 35 for
451 2036 113 35 which
589 2037 59 34 the
672 2037 189 35 defendant
885 2037 28 34 is
938 2038 195 34 sentenced.
1161 2037 155 42 Further,
1342 2038 34 34 in

163 2085 149 43 Hughes
327 2097 30 23 v.
373 2087 113 40 State,
505 2087 68 33 260
589 2087 85 33 Ark.
694 2088 129 39 399-A,
841 2087 67 33 540
925 2087 143 34 S.W.2d
1086 2089 67 32 592
1172 2086 137 43 (1976),
1326 2099 51 22 we

163 2134 80 35 held
259 2135 77 33 that
352 2146 43 23 no
411 2135 109 34 credit
536 2135 123 34 should
675 2136 44 33 be
734 2135 143 35 allowed
893 2135 53 35 for
962 2136 85 34 time
1062 2140 99 40 spent
1177 2136 34 33 in
1223 2136 63 42 jail
1302 2147 38 23 as
1356 2147 20 24 a

163 2183 146 44 fugitive
328 2184 91 34 from
435 2185 137 42 justice.

348 2260 189 44 Appellant
553 2271 71 23 was
640 2260 237 35 incarcerated
894 2260 35 34 in
944 2261 113 34 Texas
1074 2261 53 34 for
1143 2265 68 29 two
1227 2272 149 23 reasons:

166 2309 54 43 (1)
239 2309 44 34 he
299 2320 69 23 was
386 2320 20 24 a
423 2309 145 44 fugitive
584 2309 91 35 from
688 2310 127 43 justice
831 2311 34 34 in
882 2310 190 41 Arkansas,
1089 2309 69 36 and
1177 2309 53 44 (2)
1249 2310 43 35 he
1308 2310 69 35 had

163 2359 204 34 committed
379 2360 98 34 other
488 2360 124 34 crimes
624 2360 35 33 in
670 2361 122 33 Texas.
805 2360 106 41 Thus,
923 2360 59 34 the
993 2371 139 24 reasons
1144 2359 53 35 for
1208 2360 169 34 incarcer­

164 2409 95 33 ation
288 2419 59 23 are
374 2409 124 43 wholly
525 2409 182 34 unrelated
735 2415 35 28 to
798 2410 59 34 the
884 2409 149 35 conduct
1061 2410 77 34 that
1165 2409 150 35 resulted
1343 2410 35 34 in
