1670 2693
301 417 87 34 later
397 417 123 33 results
531 416 34 33 in
575 416 114 42 injury
699 420 35 30 to
743 415 156 40 another,
910 415 58 34 the
977 425 121 26 causes
1108 414 40 34 of
1154 415 114 33 action
1279 424 125 23 accrue
1413 414 98 35 when

301 465 59 33 the
372 465 113 42 injury
498 465 28 33 is
539 463 178 44 perceived
730 475 38 23 or
780 464 102 33 could
895 463 204 42 reasonably
1112 463 43 33 be
1167 462 216 34 ascertained
1396 462 45 42 by
1453 462 60 33 the

301 513 161 43 plaintiff.
479 514 65 32 We
557 512 73 34 also
644 512 251 43 distinguished
910 512 59 34 the
983 511 148 35 medical
1146 510 224 44 malpractice
1384 520 80 24 case
1477 510 34 34 in

300 562 112 34 which
436 572 20 23 a
481 561 132 42 foreign
637 560 114 43 object
774 561 28 34 is
825 560 63 35 left
912 560 34 34 in
970 560 59 34 the
1052 559 148 43 surgical
1224 559 161 44 patient’s
1409 558 102 44 body,

301 611 155 44 pointing
485 616 61 30 out
573 610 77 36 that
679 621 20 23 a
728 609 179 45 physician
936 609 61 35 has
1027 620 20 23 a
1076 609 85 43 duty
1190 613 35 30 to
1253 607 146 35 disclose
1427 607 85 35 such

301 659 216 36 misconduct
532 660 68 35 and
616 659 85 35 each
716 659 69 44 day
799 659 26 34 it
840 658 179 37 continues
1034 658 203 35 constitutes
1253 668 20 24 a
1289 657 223 35 “fraudulent

301 710 271 35 concealment.”
583 710 74 35 The
667 710 102 35 latter
779 709 164 35 situation
953 708 27 36 is
991 719 75 24 now
1076 707 170 45 governed
1256 707 45 44 by
1311 718 20 24 a
1341 711 171 42 statutory

302 760 201 35 limitations
519 759 190 45 exception.
725 759 85 35 Ark.
826 758 90 36 Stat.
932 759 92 34 Ann.
1043 758 17 43 §
1079 758 152 35 34-2616
1249 757 124 45 (Supp.
1394 757 116 43 1985).

303 278 66 34 586

773 848 30 34 3.
828 846 212 38 Conclusion

523 928 75 34 The
607 933 174 30 comment
791 927 34 35 in
836 928 241 36 Restatement
1086 926 39 35 of
1131 927 113 40 Torts,
1254 925 147 42 Second,
1414 925 17 43 §
1444 926 67 35 899

301 989 29 23 c.
347 977 137 44 (1965),
499 988 77 33 says
590 989 38 23 as
641 989 21 23 a
675 977 139 43 general
828 977 74 35 rule
915 988 20 23 a
949 981 130 31 statute
1091 976 40 35 of
1141 976 203 35 limitations
1357 975 82 36 does
1453 981 59 29 not

302 1028 101 43 begin
422 1033 36 29 to
477 1038 63 24 run
561 1027 86 35 until
667 1027 58 35 the
745 1032 68 29 tort
832 1027 27 34 is
878 1027 182 43 complete,
1080 1026 69 35 and
1169 1025 76 37 that
1264 1037 20 23 a
1305 1025 160 45 “battery
1483 1025 27 35 is

301 1077 171 43 complete
482 1087 92 33 upon
586 1076 154 44 physical
751 1081 149 35 contact,
912 1086 83 24 even
1007 1076 132 42 though
1151 1075 97 35 there
1259 1075 27 34 is
1298 1085 44 24 no
1352 1075 158 35 observa­

301 1126 56 34 ble
366 1126 149 42 damage
525 1131 36 28 at
570 1125 59 35 the
638 1125 96 44 point
744 1125 38 34 of
788 1125 173 35 contact.”
973 1125 113 34 When
1095 1125 60 34 the
1164 1124 137 43 battery
1311 1124 34 34 in
1355 1124 68 34 this
1433 1134 80 24 case

301 1174 169 43 allegedly
499 1174 176 40 occurred,
706 1174 182 43 Margaret
917 1173 184 35 McEntire
1130 1173 97 34 knew
1257 1173 59 34 the
1344 1178 69 29 tort
1442 1172 69 36 had

301 1223 176 41 occurred,
488 1224 97 34 knew
594 1223 77 35 who
680 1223 59 35 the
748 1228 214 39 perpetrator
971 1233 81 30 was,
1062 1223 98 34 knew
1170 1222 61 35 she
1239 1232 70 24 was
1319 1221 146 44 injured,
1476 1226 36 30 at

301 1273 86 35 least
407 1278 35 30 to
463 1283 94 28 some
577 1277 128 36 extent,
726 1272 68 35 and
815 1273 61 34 she
896 1273 98 34 knew
1013 1271 41 35 of
1071 1272 58 35 the
1148 1272 119 35 causal
1288 1271 224 45 relationship

301 1323 154 35 between
474 1323 59 35 the
550 1322 137 44 battery
706 1322 68 36 and
793 1322 60 35 her
872 1322 124 44 injury.
1017 1321 34 37 If
1066 1332 51 24 we
1135 1332 90 24 were
1242 1327 36 29 to
1296 1321 81 35 hold
1396 1320 76 36 that
1490 1332 21 25 a

301 1372 213 45 prospective
525 1372 137 44 battery
673 1372 154 44 plaintiff
836 1372 102 35 could
950 1372 81 35 wait
1042 1372 88 34 until
1142 1371 60 35 the
1213 1372 171 43 complete
1395 1376 117 30 extent

301 1422 39 35 of
352 1424 61 33 her
429 1422 139 43 injuries
584 1433 70 24 was
669 1423 134 40 known,
820 1422 26 35 it
861 1422 113 35 would
990 1422 165 43 seriously
1171 1421 163 35 interfere
1349 1420 82 36 with
1446 1432 66 24 one

301 1473 112 43 policy
424 1483 122 24 reason
557 1471 53 36 for
621 1472 126 44 having
758 1483 20 23 a
789 1476 130 31 statute
929 1471 39 35 of
977 1471 212 36 limitations.
1201 1471 75 35 The
1286 1481 148 34 purpose
1444 1470 39 36 of
1490 1481 21 24 a

301 1527 129 30 statute
443 1522 40 35 of
493 1522 202 35 limitations
709 1522 28 35 is
751 1527 35 29 to
800 1531 194 34 encourage
1007 1521 59 35 the
1080 1526 137 39 prompt
1230 1520 96 43 filing
1340 1520 40 35 of
1390 1520 121 36 claims

301 1572 45 43 by
355 1571 160 44 allowing
525 1582 44 24 no
579 1582 95 25 more
683 1571 84 35 than
777 1582 21 24 a
808 1571 202 37 reasonable
1019 1571 85 34 time
1112 1570 120 35 within
1242 1570 112 36 which
1364 1575 36 30 to
1409 1571 102 34 make

301 1632 20 24 a
341 1622 103 35 claim
463 1632 38 25 so
519 1632 21 24 a
559 1621 189 35 defendant
767 1621 28 35 is
814 1620 177 44 protected
1010 1620 91 35 from
1120 1620 127 44 having
1266 1625 36 30 to
1320 1620 128 35 defend
1466 1631 45 24 an

301 1672 115 34 action
432 1671 34 34 in
482 1671 111 35 which
609 1671 59 35 the
683 1670 244 43 truth-finding
942 1681 137 33 process
1094 1670 113 35 would
1223 1670 43 34 be
1281 1670 169 44 impaired
1466 1670 45 43 by

301 1721 60 35 the
379 1732 145 33 passage
542 1720 39 35 of
596 1721 94 35 time.
710 1720 189 35 Zeleznick
916 1731 31 23 v.
969 1720 92 40 U.S.,
1081 1721 68 33 770
1170 1719 84 36 F.2d
1274 1720 44 34 20
1339 1719 80 43 (3rd
1438 1719 71 35 Cir.

305 1770 117 43 1985),
436 1770 107 43 citing
558 1771 78 34 U.S.
651 1781 31 23 v.
696 1769 167 42 Kubrick,
877 1780 119 33 supra.
1010 1769 75 35 The
1098 1769 149 44 possible
1259 1769 121 35 effects
1393 1768 41 35 of
1443 1780 67 32 any

302 1819 112 44 injury
423 1830 81 33 may
512 1820 43 34 be
563 1830 38 24 as
610 1819 156 36 limitless
774 1830 38 23 as
821 1819 59 35 the
888 1819 126 43 ripples
1024 1819 34 34 in
1067 1830 20 24 a
1097 1819 78 35 lake
1184 1818 71 36 into
1263 1818 113 35 which
1385 1829 20 24 a
1414 1823 97 30 stone

301 1869 61 34 has
373 1869 85 34 been
467 1874 84 29 cast.
562 1869 102 34 Lines
673 1868 87 35 have
768 1874 36 28 to
813 1868 42 35 be
863 1868 129 35 drawn.
1003 1868 99 35 Once
1109 1879 20 24 a
1139 1867 214 45 prospective
1360 1867 154 45 plaintiff

300 1918 116 35 knows
425 1918 61 34 she
494 1918 62 34 has
566 1917 86 36 been
662 1917 134 43 injured
805 1917 45 45 by
858 1929 21 23 a
888 1917 201 44 wrongdoer
1098 1918 61 35 her
1167 1928 104 24 cause
1279 1916 40 35 of
1324 1917 114 35 action
1447 1918 62 34 has

300 1967 159 35 accrued.
471 1968 71 34 She
552 1967 28 35 is
591 1968 34 34 in
636 1978 20 24 a
668 1967 146 44 position
825 1972 36 30 to
871 1967 204 43 investigate
1085 1967 60 34 the
1154 1972 118 30 extent
1282 1966 39 35 of
1328 1967 60 34 the
1397 1966 113 44 injury

300 2017 68 34 and
380 2023 36 28 to
427 2022 137 38 present
574 2017 162 34 evidence
747 2016 39 35 of
794 2017 43 34 its
849 2022 138 38 present
997 2016 69 35 and
1078 2016 165 44 probable
1254 2016 117 35 future
1382 2021 126 31 extent.

301 2066 35 35 If
344 2067 59 34 the
413 2077 105 24 cause
528 2066 39 35 of
575 2066 115 36 action
702 2066 28 35 is
741 2066 53 35 for
805 2066 148 43 battery,
966 2066 26 35 it
1003 2072 93 29 must
1107 2066 44 34 be
1161 2065 150 44 brought
1321 2065 120 35 within
1452 2066 59 34 the

299 2127 165 32 one-year
483 2121 172 39 statutory
674 2115 128 45 period.

391 2195 179 35 Affirmed.

390 2276 160 40 Purtle,
571 2275 42 41 J.,
635 2280 59 30 not
714 2275 255 44 participating.
