1661 2696
133 422 129 43 charge
272 423 44 43 by
326 433 20 23 a
356 423 137 34 Pulaski
504 422 140 44 County
654 423 134 34 Circuit
798 423 109 35 Court
913 423 81 44 jury
1003 423 69 35 and
1081 434 70 24 was
1161 423 183 35 sentenced

134 477 35 29 to
189 483 96 23 serve
304 472 188 43 thirty-five
513 471 77 43 (35)
612 484 99 32 years
731 472 34 34 in
785 473 58 34 the
862 474 178 33 Arkansas
1061 474 228 43 Department
1308 472 39 36 of

134 522 215 35 Correction.
365 522 188 44 Appellant
567 522 70 35 had
652 534 20 23 a
687 522 91 45 prior
793 522 132 36 federal
939 523 193 34 conviction
1147 522 53 35 for
1214 533 130 34 posses-

135 572 74 34 sion
219 572 39 34 of
265 583 20 24 a
295 572 108 35 stolen
413 578 224 37 government
647 572 117 35 check.
777 573 55 34 He
840 572 203 36 committed
1053 573 76 35 that
1139 573 106 35 crime
1254 573 91 44 prior

135 627 36 29 to
187 623 87 34 1977
288 622 68 35 and
368 622 118 35 served
498 623 51 34 six
563 622 54 43 (6)
632 622 138 36 months
782 623 34 34 in
829 634 20 24 a
861 623 132 35 federal
1006 623 114 44 prison
1133 623 34 34 in
1180 623 164 35 Missouri

134 672 83 34 with
234 678 67 29 two
316 672 68 35 and
400 672 159 36 one-half
573 672 89 43 {2Vi)
680 683 98 34 years
794 683 43 24 on
853 673 192 44 probation.
1063 674 56 34 He
1133 684 69 23 was
1218 673 68 35 still
1301 684 44 24 on

135 723 183 42 probation
336 722 35 34 in
389 722 204 35 connection
610 723 84 34 with
712 722 59 36 the
788 723 109 34 stolen
916 723 109 34 check
1042 723 128 42 charge
1186 723 99 35 when
1303 724 44 34 he

136 771 204 36 committed
360 772 58 34 the
438 783 83 33 rape
541 772 34 34 in
597 773 87 43 May
709 773 98 34 1978.

1274 283 67 33 485

227 852 168 43 Appellee
405 851 171 35 classified
588 852 176 44 appellant
775 863 37 23 as
823 863 20 23 a
855 852 126 35 second
992 853 156 34 offender
1158 852 108 35 under
1277 854 69 33 Act

136 902 43 33 93
199 901 39 34 of
257 902 98 34 1977.
374 902 84 34 Ark.
477 902 89 34 Stat.
585 902 92 34 Ann.
698 902 18 42 ยง
736 902 151 34 43-2828
909 901 53 43 (2)
984 901 116 45 (Repl.
1124 901 115 43 1977).
1258 904 50 33 As
1325 913 21 24 a

137 951 126 34 second
273 951 155 34 offender
437 951 109 34 under
555 951 76 34 that
641 956 67 36 act,
718 951 175 43 appellant
902 951 113 35 would
1025 952 87 34 have
1120 957 36 29 to
1165 962 94 24 serve
1268 963 78 23 one-

137 1000 78 34 half
233 1000 66 43 (V2)
322 1000 39 34 of
378 1000 51 35 his
451 1002 41 33 35
515 1011 82 33 year
617 1006 162 29 sentence
798 1000 118 36 before
936 1001 182 44 becoming
1138 1001 137 43 eligible
1294 1001 54 35 for

137 1051 128 42 parole.
287 1050 84 35 Ark.
393 1050 88 35 Stat.
503 1052 92 33 Ann.
619 1051 17 42 ยง
659 1051 153 34 43-2829
834 1052 38 33 B.
895 1050 54 44 (3)
973 1051 117 44 (Repl.
1116 1050 115 44 1977).

229 1130 85 34 Ark.
328 1129 89 35 Stat.
430 1131 92 34 Ann.
538 1129 17 43 ยง
570 1131 154 34 43-2829
738 1131 38 33 B.
792 1130 53 43 (3)
859 1130 157 45 provides
1028 1131 35 34 in
1076 1131 171 44 pertinent
1260 1137 87 38 part:

264 1211 37 33 B.
313 1210 143 34 Persons
466 1211 77 33 who
552 1210 144 35 commit
707 1210 141 35 felonies
859 1221 44 24 on
913 1210 68 35 and
992 1211 91 34 after
1092 1211 99 44 April
1206 1212 141 40 1,1977,

263 1259 68 36 and
342 1260 87 34 shall
441 1260 42 35 be
493 1260 179 35 convicted
683 1260 69 35 and
763 1260 235 35 incarcerated
1010 1260 53 35 for
1074 1261 59 35 the
1143 1272 106 30 same,
1261 1261 87 35 shall

263 1310 43 35 be
326 1310 136 43 eligible
482 1310 53 35 for
555 1310 131 35 release
705 1321 44 24 on
770 1311 116 43 parole
906 1321 37 25 as
964 1310 143 36 follows:

265 1468 53 43 (3)
338 1469 151 34 Inmates
504 1468 172 35 classified
691 1480 38 24 as
745 1469 125 34 second
885 1469 173 35 offenders
1074 1469 109 35 under
1198 1470 67 34 this
1280 1471 69 33 Act

263 1529 92 33 upon
366 1519 156 43 entering
532 1529 21 24 a
564 1519 228 34 correctional
802 1519 194 35 institution
1006 1519 36 34 in
1052 1519 68 35 this
1131 1519 100 35 State
1240 1520 109 34 under

263 1573 161 29 sentence
447 1568 91 35 from
563 1579 20 23 a
607 1568 123 35 circuit
754 1574 98 29 court
875 1569 88 34 shall
987 1574 59 29 not
1071 1569 43 34 be
1137 1569 136 43 eligible
1297 1569 53 35 for

263 1618 131 34 release
404 1629 44 23 on
460 1618 118 44 parole
590 1618 87 34 until
690 1629 20 24 a
723 1618 183 35 minimum
917 1618 40 35 of
965 1619 160 34 one-half
1135 1618 65 43 (W)
1214 1618 39 35 of
1262 1619 88 35 their

263 1672 161 30 sentence
436 1668 87 35 shall
537 1667 88 35 have
638 1668 87 35 been
738 1668 129 42 served,
881 1668 82 35 with
976 1668 110 35 credit
1099 1668 54 36 for
1165 1668 88 44 good
1266 1669 84 34 time

263 1718 215 41 allowances,
501 1745 110 8 ....

324 1798 188 42 Appellant
522 1797 204 35 committed
737 1797 59 34 the
806 1808 83 33 rape
899 1798 53 34 for
963 1798 112 34 which
1086 1798 44 34 he
1139 1798 28 34 is
1178 1799 173 43 currently

138 1846 136 43 serving
290 1858 20 23 a
329 1847 41 33 35
388 1857 81 32 year
485 1851 162 30 sentence
662 1847 34 34 in
714 1847 88 43 May
821 1848 98 34 1978.
936 1847 85 34 Ark.
1038 1847 89 35 Stat.
1144 1848 92 33 Ann.
1255 1848 17 42 ยง
1290 1849 59 33 43-ยญ

139 1896 92 34 2829
245 1896 38 34 B.
299 1895 54 44 (3)
367 1906 142 32 governs
522 1895 59 36 the
592 1896 209 35 calculation
813 1896 39 35 of
861 1896 204 45 appellantโs
1078 1896 117 45 parole
1206 1897 143 43 eligibilยญ

140 1945 49 44 ity
202 1945 92 35 date.
309 1945 242 46 Accordingly,
565 1946 44 35 he
622 1952 93 30 must
728 1957 95 24 serve
835 1958 20 24 a
869 1946 184 36 minimum
1065 1946 39 36 of
1114 1947 157 35 one-half
1284 1947 65 44 (V2)

139 1995 40 35 of
189 1996 60 35 the
264 1997 41 34 35
321 2007 81 33 year
415 2002 171 36 sentence,
600 1997 83 34 with
697 1996 109 36 credit
819 1997 53 35 for
885 1997 89 44 good
987 1997 95 42 time,
1097 1997 118 35 before
1227 1997 43 35 he
1283 1997 67 36 will

140 2046 144 35 become
304 2046 137 43 eligible
460 2046 53 35 for
534 2047 127 43 parole.

232 2126 39 33 In
281 2136 45 24 an
336 2125 101 35 effort
446 2131 35 29 to
490 2125 100 35 avoid
600 2126 59 34 the
667 2126 93 34 clear
769 2126 211 43 application
988 2126 39 34 of
1034 2127 85 34 Ark.
1129 2126 89 34 Stat.
1228 2127 91 34 Ann.
1331 2126 18 43 ยง

140 2175 156 34 43-2829
312 2176 37 33 B.
365 2174 66 43 (3),
446 2175 176 44 appellant
636 2175 74 35 first
723 2185 123 33 argues
859 2176 76 34 that
948 2176 85 34 Ark.
1048 2175 89 35 Stat.
1151 2176 91 34 Ann.
1259 2176 17 42 ยง
1292 2177 59 33 43-ยญ

141 2225 92 34 2829
247 2225 43 34 D.
305 2224 68 35 and
387 2225 38 34 E.
441 2224 115 45 (Repl.
576 2224 104 43 1977)
695 2225 99 44 place
806 2235 139 33 persons
958 2225 77 34 who
1047 2225 144 35 commit
1204 2236 20 24 a
1237 2225 115 44 felony

140 2274 102 34 while
252 2274 82 44 they
343 2284 59 24 are
411 2284 44 24 on
465 2273 182 45 probation
658 2274 91 35 from
758 2285 45 23 an
813 2275 122 34 earlier
945 2279 162 30 sentence
1116 2275 34 34 in
1160 2285 21 24 a
1191 2274 161 35 different

140 2328 165 39 category
320 2323 90 35 from
428 2324 17 42 ยง
464 2324 154 34 43-2829
636 2325 38 33 B.
694 2323 66 44 (3).
779 2325 55 33 He
849 2324 84 35 cites
949 2324 153 35 Bosnick
1116 2336 30 23 v.
1163 2324 189 40 Lockhart,

142 2374 66 33 283
222 2374 85 34 Ark.
322 2374 158 40 206, 672
492 2373 143 35 S.W.2d
648 2375 55 40 52,
715 2384 100 33 supp.
829 2385 68 33 op.,
910 2375 67 33 677
990 2374 143 35 S.W.2d
1145 2374 68 34 292
1226 2374 124 43 (1984)

141 2434 38 23 as
188 2423 206 43 controlling
403 2423 176 44 authority
588 2423 53 35 for
650 2424 77 34 that
736 2424 220 43 proposition.
968 2425 56 33 He
1032 2423 184 35 concludes
1225 2424 76 34 that
1310 2424 44 34 he
