1657 2703
440 425 80 35 hold
541 431 35 29 to
598 426 42 34 be
660 426 58 35 the
739 426 196 44 equivalent
955 426 39 35 of
1012 427 115 34 “want
1147 426 39 35 of
1203 438 83 24 even
1307 432 99 30 scant
1426 428 102 34 care”

440 475 109 34 under
569 476 59 34 the
648 476 269 34 circumstances
937 476 39 34 of
993 477 67 34 this
1081 487 89 24 case.

317 284 19 33 6

569 552 180 43 Although
776 553 58 34 the
861 552 107 35 board
995 552 58 35 did
1080 558 60 29 not
1165 553 234 35 differentiate
1425 554 35 33 in
1486 553 42 34 its

316 601 131 43 finding
467 602 153 34 between
641 602 183 42 “ignorant
843 602 248 44 malpractice”
1111 613 37 24 or
1169 602 117 43 “gross
1305 603 223 43 negligence”

315 651 97 34 there
424 662 70 24 was
506 651 206 35 substantial
726 651 162 35 evidence
899 651 40 35 of
948 662 44 24 an
1005 656 153 31 extreme
1169 652 186 44 departure
1367 652 90 35 from
1469 652 59 36 the

315 701 162 44 ordinary
496 701 166 35 standard
682 700 40 36 of
737 712 90 31 care,
848 702 112 35 which
980 702 203 35 constitutes
1202 713 95 33 gross
1317 703 209 44 negligence.

314 751 74 35 The
404 751 107 35 board
527 752 68 34 had
611 751 59 35 the
685 752 127 35 benefit
826 752 40 34 of
878 758 118 39 expert
1011 753 186 43 testimony
1211 753 34 34 in
1261 753 163 43 reaching
1439 754 89 34 their

315 801 163 41 decision,
490 812 58 24 see
558 801 107 35 Hake
675 813 30 23 v.
717 801 86 35 Ark.
816 802 104 34 State
930 802 161 35 Medical
1100 802 76 40 Bd.,
1190 804 66 33 237
1269 803 85 34 Ark.
1369 804 78 40 506,
1461 804 67 34 374

315 850 143 34 S.W.2d
478 852 62 33 173
559 851 137 42 (1964),
713 851 68 34 and
796 862 51 23 we
861 851 236 44 traditionally
1112 852 125 34 accord
1252 863 20 23 a
1287 857 98 38 great
1399 852 78 35 deal
1492 853 40 33 of

315 899 183 35 deference
514 905 37 29 to
568 901 59 33 the
644 900 149 43 findings
812 900 38 35 of
866 901 275 34 administrative
1158 901 159 42 agencies
1335 902 35 34 in
1388 902 87 42 light
1492 902 39 34 of

314 949 90 34 their
418 949 292 44 “specialization,
724 949 128 44 insight
865 950 150 43 through
1029 951 202 43 experience
1243 950 69 35 and
1325 961 96 25 more
1434 951 93 35 flexi­

314 998 56 35 ble
383 998 241 44 procedures,”
638 999 185 35 Arkansas
836 1001 96 33 ABC
942 999 63 35 Bd.
1019 1011 31 23 v.
1065 1001 102 43 King,
1183 1001 66 33 275
1264 1001 85 34 Ark.
1366 1001 78 40 308,
1460 1002 67 33 629

314 1048 143 35 S.W.2d
479 1049 66 34 288
569 1048 137 44 (1982).

405 1127 244 44 Accordingly,
671 1128 58 35 the
745 1127 185 45 judgment
950 1127 40 36 of
1006 1128 59 35 the
1085 1128 79 35 trial
1185 1134 98 29 court
1303 1129 28 34 is
1351 1128 167 36 affirmed.

404 1205 160 41 Turtle,
585 1206 42 40 J.,
649 1211 60 29 not
729 1205 255 44 participating.

373 1483 193 35 COOPER
587 1484 366 41 COMMUNITIES,
975 1485 97 35 INC.
1095 1496 27 23 v.
1145 1485 99 44 Jerry
1264 1485 203 41 SARVER,

470 1532 230 44 Individually
720 1533 68 34 and
809 1544 37 24 as
867 1534 285 43 Representative
1172 1534 39 34 of
1228 1545 20 23 a
1270 1534 100 34 Class

314 1609 128 33 85-203

1205 1612 64 32 701
1293 1610 144 34 S.W.2d
1458 1611 68 34 364

641 1685 171 44 Supreme
832 1685 111 36 Court
962 1686 40 34 of
1018 1686 179 35 Arkansas

564 1735 152 44 Opinion
736 1735 172 35 delivered
929 1736 155 43 January
1108 1738 51 40 13,
1185 1737 87 34 1986
