1632 2696
113 408 105 35 cused
232 408 205 43 knowingly,
450 407 208 43 voluntarily
672 406 68 35 and
754 406 227 43 intelligently
993 405 132 34 waived
1138 404 52 34 his
1203 404 124 34 consti-

113 458 148 34 tutional
278 458 118 43 rights.
416 458 127 34 Cessor
557 468 30 23 v.
603 457 113 40 State,
734 457 67 33 282
817 456 85 34 Ark.
921 456 78 39 330,
1017 455 66 34 668
1101 453 143 35 S.W.2d
1261 455 66 33 525

115 507 139 44 (1984).
266 509 138 41 Among
414 507 59 35 the
483 507 129 34 factors
622 506 201 35 considered
834 506 33 34 in
878 505 231 43 determining
1118 505 60 34 the
1186 504 143 43 validity

114 557 39 35 of
170 569 20 23 a
210 557 193 35 confession
424 568 58 23 are
501 557 59 34 the
580 567 75 33 age,
676 556 194 40 education,
891 555 68 34 and
979 555 219 43 intelligence
1216 554 39 34 of
1271 554 59 34 the

114 607 161 41 accused,
289 607 60 35 the
361 607 120 34 advice
494 617 38 24 or
546 607 79 34 lack
637 606 39 35 of
687 606 120 34 advice
820 605 39 35 of
869 605 52 35 his
935 605 260 34 constitutional
1209 604 119 43 rights,

114 658 60 34 the
189 658 118 43 length
323 657 39 35 of
373 657 187 40 detention,
577 657 59 34 the
650 656 163 44 repeated
828 667 38 23 or
880 655 189 44 prolonged
1083 660 124 29 nature
1221 654 38 34 of
1271 654 60 34 the

115 708 231 44 questioning,
367 718 37 24 or
424 707 59 34 the
502 718 62 23 use
583 706 39 35 of
640 706 130 35 mental
791 717 37 23 or
848 706 155 44 physical
1023 705 232 44 punishment.
1276 703 52 35 Id.

1263 263 59 33 121

208 784 175 44 Applying
399 784 67 34 this
483 789 78 35 test,
578 783 59 35 the
653 783 176 44 appellant
845 783 27 34 is
890 784 54 33 36.
961 783 114 33 There
1090 782 28 34 is
1134 792 44 24 no
1193 781 138 44 specific

116 835 187 42 testimony
313 834 106 34 about
429 834 51 34 his
491 833 185 35 education
686 844 37 23 or
733 833 228 42 intelligence,
972 833 63 34 but
1045 832 43 34 he
1097 831 148 35 testified
1255 831 76 34 that

116 884 44 34 he
174 884 69 34 had
257 883 137 35 worked
409 888 35 30 at
457 883 170 35 Travenol
642 883 242 34 Laboratories
899 883 34 34 in
948 882 188 34 Mountain
1151 883 114 32 Home
1278 881 53 34 for

117 934 95 43 eight
232 934 69 34 and
320 944 65 24 one
404 932 76 36 half
496 944 99 33 years
615 944 38 23 as
673 944 45 23 an
738 933 172 43 assembly
929 933 132 33 worker
1080 932 35 34 in
1135 932 59 34 the
1212 931 120 35 needle

117 984 232 44 department,
362 983 68 35 and
442 983 43 35 he
496 988 107 29 wrote
615 993 102 33 songs
729 993 37 24 as
779 993 19 24 a
812 982 125 43 hobby.
951 983 56 33 He
1019 982 72 34 also
1103 981 174 35 indicated
1289 981 44 34 he

117 1033 103 35 could
234 1033 94 41 read,
343 1033 92 34 since
449 1033 43 34 he
505 1032 114 35 stated
633 1032 125 43 during
772 1032 52 34 his
838 1032 186 43 testimony
1037 1032 77 34 that
1127 1032 44 34 he
1184 1031 82 35 read
1280 1031 52 34 his

117 1088 189 30 statement
320 1094 79 23 over
414 1082 119 35 before
547 1083 59 34 the
621 1082 90 34 trial.
727 1082 69 34 Orr
810 1093 69 23 was
895 1081 140 35 advised
1050 1081 40 34 of
1101 1081 52 34 his
1168 1081 164 34 constitu-

117 1133 109 35 tional
243 1133 109 43 rights
369 1132 67 35 and
453 1132 120 44 signed
590 1143 20 23 a
627 1132 109 43 rights
753 1132 124 34 waiver
893 1131 101 35 form.
1014 1132 56 33 He
1085 1142 70 23 was
1171 1130 162 35 detained

118 1183 108 35 about
235 1183 98 34 three
342 1182 68 35 and
419 1193 65 24 one
493 1182 77 35 half
577 1182 115 41 hours,
703 1193 44 23 an
757 1182 86 34 hour
852 1181 39 35 of
897 1181 113 34 which
1019 1192 70 23 was
1099 1186 99 38 spent
1207 1181 126 42 setting

118 1243 47 34 up
182 1233 69 34 and
268 1232 208 44 conducting
493 1232 59 35 the
569 1237 96 30 trace
681 1232 107 34 metal
804 1236 78 36 test,
899 1231 69 35 and
985 1231 44 34 he
1044 1242 70 23 was
1132 1230 201 44 questioned

118 1283 111 40 twice,
241 1293 86 24 once
338 1282 197 44 informally
546 1282 120 34 before
676 1282 59 34 the
745 1287 95 29 trace
850 1281 107 35 metal
968 1286 78 36 test,
1057 1280 69 35 and
1137 1291 85 24 once
1232 1280 100 35 after.

118 1333 114 34 There
246 1343 70 24 was
330 1343 43 24 no
387 1332 162 35 evidence
562 1331 39 35 of
612 1343 38 23 or
664 1332 185 43 testimony
863 1331 107 35 about
984 1331 131 34 mental
1128 1341 38 24 or
1180 1330 154 44 physical

120 1382 233 44 punishment.

211 1459 75 34 The
312 1459 176 43 appellant
515 1458 100 35 bases
642 1458 53 34 his
722 1463 183 38 argument
932 1457 54 35 for
1013 1457 175 35 exclusion
1214 1456 39 35 of
1276 1457 60 34 the

120 1508 195 35 confession
339 1519 43 24 on
405 1508 59 35 the
488 1508 73 35 fact
584 1508 77 35 that
685 1508 43 34 he
751 1519 69 23 was
844 1518 37 24 so
904 1512 101 39 upset
1028 1512 37 30 at
1088 1507 59 34 the
1169 1507 85 34 time
1276 1507 59 34 the

120 1564 189 30 statement
318 1569 69 24 was
398 1558 103 35 made
510 1558 77 35 that
597 1558 44 35 he
650 1558 59 34 did
720 1563 59 29 not
789 1557 86 44 fully
885 1557 214 35 understand
1108 1557 52 34 his
1171 1557 163 34 constitu-

120 1609 109 35 tional
244 1609 119 43 rights.
379 1609 39 34 In
433 1608 83 42 fact,
531 1608 60 35 the
605 1608 176 45 appellant
795 1607 149 36 testified
958 1608 77 34 that
1049 1607 44 35 he
1106 1607 59 35 did
1179 1612 59 30 not
1252 1618 84 23 even

121 1659 195 36 remember
338 1659 30 35 if
387 1659 43 35 he
451 1670 70 24 was
544 1658 83 35 read
649 1659 60 34 the
731 1657 169 36 Miranda
922 1658 183 43 warnings,
1129 1668 61 24 nor
1212 1657 59 34 did
1293 1657 44 34 he

121 1710 195 34 remember
325 1709 134 43 signing
469 1709 59 34 the
537 1709 109 43 rights
655 1709 125 34 waiver
789 1708 100 35 form.
900 1708 190 44 Appellant
1098 1708 73 34 also
1179 1707 112 44 points
1301 1712 35 29 to

121 1759 60 34 the
192 1759 186 43 testimony
388 1758 39 35 of
435 1759 59 34 the
505 1759 134 34 officers
650 1758 77 35 that
738 1769 95 23 some
843 1758 39 34 of
890 1758 52 34 his
954 1769 150 23 answers
1115 1763 36 28 to
1162 1757 174 43 questions

121 1819 91 24 were
229 1814 60 28 not
307 1808 204 44 responsive,
530 1807 69 35 and
617 1808 60 34 the
694 1807 73 35 fact
784 1808 76 34 that
878 1812 36 29 at
932 1807 60 34 the
1008 1807 199 34 conclusion
1224 1806 40 34 of
1277 1806 60 34 the

121 1858 196 34 confession
340 1858 44 34 he
406 1857 139 35 refused
568 1863 36 29 to
628 1857 75 43 sign
727 1857 59 34 the
808 1862 188 29 statement
1019 1856 69 35 and
1111 1856 182 44 requested
1316 1867 21 23 a

122 1908 138 43 lawyer,
272 1918 38 24 as
322 1907 161 35 evidence
493 1907 78 35 that
581 1907 44 34 he
635 1906 59 35 did
706 1912 60 29 not
776 1906 213 35 understand
1000 1906 77 34 that
1088 1906 44 34 he
1141 1917 70 23 was
1222 1906 114 43 giving

122 1957 187 43 testimony
329 1957 135 43 against
484 1956 151 35 himself.

214 2033 75 35 The
301 2033 115 35 officer
429 2033 77 35 who
520 2032 84 36 read
617 2033 177 44 appellant
807 2033 52 34 his
873 2033 109 43 rights
995 2032 161 41 testified,
1171 2032 166 40 however,

123 2083 77 34 that
214 2083 100 34 when
329 2084 43 33 he
386 2083 120 43 signed
521 2083 60 35 the
595 2083 109 43 rights
719 2083 124 34 waiver
858 2082 91 35 form
964 2082 69 34 and
1048 2082 46 43 by
1108 2082 59 34 the
1181 2082 84 34 time
1279 2082 59 33 the

123 2133 176 34 interview
317 2133 122 43 began,
458 2133 69 34 Orr
546 2132 92 35 had
657 2132 123 35 settled
798 2132 123 35 down
940 2132 69 34 and
1027 2143 70 23 was
1115 2136 60 30 not
1193 2131 145 43 shaking

123 2193 168 33 anymore
310 2182 68 35 and
398 2193 70 24 was
488 2182 115 43 giving
624 2182 195 44 responsive
839 2193 160 23 answers.

310 2259 243 35 Examination
571 2258 40 35 of
625 2259 98 34 Orrs
741 2270 101 23 seven
860 2269 89 33 page
966 2263 187 29 statement
1171 2257 129 35 reveals
1319 2268 20 23 a

124 2315 76 40 step
210 2310 45 44 by
264 2315 75 39 step
349 2309 172 36 narrative
530 2309 39 35 of
576 2309 98 35 Orrs
683 2309 169 35 activities
862 2319 44 24 on
915 2309 60 35 the
984 2308 144 44 evening
1137 2308 35 34 in
1182 2307 158 45 question

125 2361 69 35 and
211 2360 151 36 detailed
379 2360 224 35 information
620 2371 37 24 as
675 2365 35 30 to
727 2360 52 35 his
796 2359 224 45 relationship
1036 2359 84 35 with
1136 2359 59 34 the
1210 2358 129 35 victim.

125 2411 181 44 Although
321 2411 43 35 he
378 2411 138 35 refused
530 2416 36 30 to
580 2411 76 44 sign
671 2411 68 35 this
753 2410 206 42 confession,
974 2410 44 35 he
1031 2421 70 23 was
1116 2409 106 35 asked
1237 2409 45 44 by
1296 2420 44 24 an
