1648 2693
315 278 66 32 226

402 1466 176 35 Acchione
595 1468 30 32 &
641 1469 102 41 King,
758 1468 55 43 by:
828 1467 144 34 Harold
983 1469 105 42 King;
1099 1470 114 32 Lazar
1226 1469 51 33 M.
1293 1468 149 35 Palnick
1455 1469 69 34 and

313 1515 82 33 Lisa
414 1513 158 44 Shipley,
593 1514 54 34 for
667 1515 203 43 appellants.

402 1576 104 34 Steve
522 1575 120 41 Clark,
657 1576 99 44 Att’y
770 1577 100 40 Gen.,
886 1576 55 44 by:
961 1576 181 35 Theodore
1154 1576 148 42 Holder,
1317 1578 93 34 Asst.
1425 1578 100 44 Att’y

312 1623 100 41 Gen.,
434 1623 53 35 for
507 1624 164 43 appellee.

403 1686 125 33 David
539 1685 207 41 Newbern,
758 1685 142 35 Justice.

912 1686 74 34 The
996 1687 193 42 appellants
1200 1697 89 23 were
1299 1687 178 34 convicted
1488 1686 39 35 of

311 1743 83 32 rape
410 1732 39 34 of
462 1732 150 34 Theresa
631 1733 168 43 Baraque.
817 1733 105 34 Their
939 1734 209 34 convictions
1164 1744 90 24 were
1269 1734 167 41 reversed,
1454 1735 68 34 and

311 1780 81 42 they
405 1790 89 23 were
506 1779 87 34 tried
607 1790 19 23 a
640 1780 125 34 second
779 1781 94 34 time.
889 1781 39 33 In
942 1781 58 33 the
1012 1781 126 34 second
1151 1781 79 34 trial
1243 1781 60 34 the
1314 1781 120 34 doctor
1446 1782 77 34 who

311 1826 181 35 examined
507 1827 162 41 Theresa,
686 1827 68 34 and
768 1828 77 34 who
860 1827 149 35 testified
1024 1828 34 34 in
1073 1828 59 35 the
1146 1829 73 34 first
1234 1828 89 41 trial,
1339 1828 138 44 Lackey
1490 1840 31 23 v.

310 1875 113 40 State,
437 1876 65 33 283
516 1875 84 34 Ark.
619 1876 74 40 150,
707 1876 63 33 671
787 1875 143 35 S.W.2d
943 1876 67 34 759
1025 1875 137 44 (1984),
1175 1875 59 35 did
1245 1881 59 29 not
1316 1876 127 44 testify.
1457 1877 65 34 His

311 1922 185 43 testimony
510 1933 69 23 was
595 1922 82 35 read
692 1922 89 35 from
796 1923 59 34 the
869 1923 186 44 transcript
1069 1923 39 35 of
1119 1924 58 34 the
1191 1923 73 35 first
1278 1924 78 34 trial
1370 1935 80 23 over
1463 1924 60 35 the

311 1969 204 44 appellants’
531 1970 182 42 objection.
729 1971 75 34 The
819 1971 193 43 appellants
1027 1982 90 23 were
1131 1971 102 43 again
1248 1972 189 41 convicted,
1453 1972 69 34 and

310 2017 82 43 they
402 2017 123 47 appeal
535 2018 219 43 contending,
766 2028 127 33 among
903 2018 99 34 other
1012 2019 123 43 points,
1146 2019 76 34 that
1232 2019 58 34 the
1300 2024 90 29 state
1398 2019 124 35 should

311 2070 59 29 not
382 2065 87 34 have
482 2064 86 35 been
581 2065 144 34 allowed
738 2071 36 29 to
786 2065 83 35 read
882 2066 59 34 the
953 2067 185 43 transcript
1150 2066 39 35 of
1199 2066 59 34 the
1269 2066 148 35 doctor’s
1430 2067 92 44 prior

310 2112 186 43 testimony
512 2112 68 34 and
597 2113 76 34 that
690 2113 67 34 this
775 2123 93 24 error
884 2124 70 23 was
971 2114 203 43 prejudicial
1190 2119 36 29 to
1242 2114 59 34 the
1317 2115 204 43 appellants’

310 2170 89 23 case.

494 2220 74 35 The
579 2222 118 33 state’s
709 2221 92 35 brief
810 2232 77 32 says
900 2221 76 35 that
987 2222 60 34 the
1057 2222 119 35 efforts
1187 2222 40 34 of
1234 2222 60 34 the
1304 2223 218 43 prosecution

310 2273 36 29 to
359 2269 119 34 obtain
492 2268 59 35 the
564 2268 120 35 doctor
697 2280 37 23 as
749 2280 20 24 a
782 2270 137 34 witness
934 2269 54 35 for
1001 2270 59 34 the
1073 2269 125 36 second
1212 2270 79 34 trial
1364 2298 7 6 .
1399 2298 6 7 .
1420 2271 102 34 could

310 2316 75 34 well
407 2316 57 43 [be
480 2315 122 44 found]
626 2344 75 7 ...
720 2322 35 29 to
772 2318 87 34 have
876 2317 97 41 been,
991 2318 35 34 in
1042 2318 59 34 the
1118 2317 110 36 words
1245 2317 39 35 of
1297 2318 59 34 the
1372 2324 99 29 court
1487 2319 35 34 in

309 2363 209 44 Satterfield
533 2375 30 23 v.
582 2365 113 40 State,
715 2366 66 33 248
801 2365 85 34 Ark.
908 2366 79 39 395,
1007 2366 79 40 399,
1105 2367 64 33 451
1192 2365 144 34 S.W.2d
1354 2367 79 40 730,
1454 2367 66 33 733

312 2411 137 42 (1979),
460 2411 66 34 ‘far
536 2416 57 29 too
602 2411 113 35 feeble
724 2417 35 29 to
768 2412 186 35 constitute
964 2413 112 42 “good
1085 2413 89 34 faith
1184 2413 136 34 effort.”
1335 2412 43 15 ’”
1389 2414 39 33 In
1437 2414 85 34 view
