1648 2680
291 398 71 34 fire.

292 258 68 33 452

521 475 218 43 Appellant’s
754 474 168 44 principal
937 474 96 43 point
1047 474 40 34 of
1098 474 123 43 appeal
1236 474 28 34 is
1279 474 77 34 that
1370 473 133 35 Arthur

292 525 89 34 Dale
406 525 126 43 Taylor
558 535 70 23 was
654 535 44 23 an
725 524 211 43 accomplice
961 523 69 35 and
1056 524 52 34 his
1135 528 186 30 statement
1347 534 70 24 was
1443 528 59 29 not

291 574 206 43 sufficiently
512 573 243 35 corroborated
771 573 53 35 for
840 584 20 24 a
876 573 131 44 finding
1022 573 40 35 of
1073 573 97 43 guilt.
1187 573 74 35 The
1276 578 183 38 argument
1475 573 27 34 is

291 624 145 34 without
454 624 111 34 merit.
585 624 74 34 The
677 629 67 29 test
761 623 54 35 for
833 623 230 44 determining
1081 623 60 35 the
1158 623 199 44 sufficiency
1374 622 40 35 of
1429 634 72 23 cor­

291 674 199 43 roborating
515 673 162 35 evidence
701 674 27 34 is
753 674 163 40 whether,
942 673 91 35 after
1057 673 122 44 totally
1204 673 215 43 eliminating
1444 673 59 34 the

291 724 185 43 testimony
493 723 40 34 of
547 723 59 35 the
624 723 220 44 accomplice,
864 723 59 34 the
940 723 98 34 other
1056 723 162 34 evidence
1235 722 268 45 independently

291 773 202 34 establishes
510 773 59 34 the
584 773 107 34 crime
708 773 68 34 and
793 772 98 35 tends
908 778 35 29 to
959 778 146 29 connect
1121 773 59 34 the
1195 772 148 35 accused
1359 772 83 35 with
1459 772 43 35 its

290 822 231 34 commission.
537 822 208 34 Henderson
758 833 30 23 v.
804 823 113 39 State,
934 823 67 33 279
1017 822 85 34 Ark.
1119 823 79 39 435,
1215 823 68 33 652
1298 821 143 35 S.W.2d
1461 823 40 33 16

293 870 136 44 (1983).
458 872 30 33 It
514 871 27 34 is
567 876 59 29 not
652 882 181 32 necessary
858 871 76 34 that
960 872 59 33 the
1044 871 259 43 corroborating
1328 871 172 41 evidence,

290 920 161 43 standing
468 921 110 40 alone,
596 921 43 33 be
654 920 171 34 sufficient
841 925 35 29 to
893 921 132 33 sustain
1041 921 59 33 the
1116 921 203 33 conviction.
1338 921 118 34 Orsini
1469 931 31 23 v.

289 971 113 40 State,
416 971 64 33 281
496 970 84 34 Ark.
595 970 158 40 348, 665
766 969 144 35 S.W.2d
922 971 80 39 245,
1014 976 80 28 cert.
1109 969 391 42 denied,_U.S_,

294 1021 63 33 105
379 1020 96 34 S.Ct.
501 1020 64 34 162
587 1019 137 43 (1984).

474 1097 39 34 In
525 1097 204 43 appellant’s
741 1107 89 30 case,
842 1095 59 36 the
912 1096 186 44 testimony
1108 1096 40 35 of
1155 1097 59 34 the
1224 1096 149 35 medical
1384 1107 116 24 exam­

290 1146 73 35 iner
384 1146 244 35 corroborated
650 1146 59 35 the
730 1146 72 35 fact
824 1147 76 34 that
921 1157 162 24 someone
1104 1146 104 35 killed
1231 1147 79 43 Ivey
1332 1147 103 34 Jones
1457 1157 44 24 on

290 1196 193 35 December
498 1197 18 33 8
531 1207 38 24 or
584 1197 31 40 9,
634 1197 99 40 1983,
748 1196 45 44 by
806 1197 144 43 striking
964 1197 61 34 her
1038 1207 44 24 on
1096 1197 59 34 the
1168 1196 89 35 head
1270 1197 83 34 with
1368 1208 20 23 a
1402 1197 99 34 blunt

289 1246 114 43 object
421 1246 69 34 and
508 1246 162 43 stabbing
688 1246 61 35 her
767 1247 34 33 in
820 1246 59 35 the
897 1246 99 35 back.
1015 1247 75 34 The
1108 1247 185 43 testimony
1310 1246 41 35 of
1365 1247 135 43 Regina

290 1296 168 34 McGrew
472 1296 243 34 corroborated
730 1296 76 34 that
820 1296 176 44 appellant
1010 1307 69 24 was
1094 1296 34 35 in
1143 1297 59 34 the
1215 1307 164 33 presence
1392 1296 39 35 of
1442 1296 59 35 the

289 1346 211 43 accomplice
514 1346 68 34 and
597 1345 126 45 Randy
738 1346 167 35 Hallman
919 1357 44 23 on
978 1346 59 35 the
1051 1346 143 43 evening
1208 1346 40 35 of
1259 1346 193 35 December
1468 1347 31 40 8,

293 1396 98 34 1983.
408 1396 39 34 In
461 1395 165 42 addition,
641 1396 61 34 her
716 1396 185 43 testimony
915 1396 209 34 established
1137 1396 77 35 that
1227 1396 127 44 Taylor
1367 1396 133 35 burned

289 1445 52 34 his
371 1445 253 35 blood-stained
653 1445 86 35 shirt
767 1446 101 34 while
897 1446 59 34 the
984 1446 177 43 appellant
1189 1446 99 34 stood
1317 1446 55 45 by.
1403 1446 97 34 Most

289 1495 234 43 importantly,
542 1495 204 44 appellant’s
764 1500 203 30 statements
986 1495 243 35 corroborated
1247 1496 77 34 that
1341 1496 44 34 he
1402 1496 97 34 knew

288 1545 97 33 there
397 1544 69 35 had
478 1545 86 34 been
576 1556 21 23 a
609 1544 190 35 discussion
812 1544 106 35 about
930 1545 146 43 robbing
1088 1545 59 34 the
1157 1545 119 34 victim
1287 1545 69 34 and
1369 1545 76 35 that
1457 1546 43 34 he

288 1593 97 34 lured
399 1594 59 34 the
470 1594 119 34 victim
603 1594 72 34 into
689 1594 155 43 Taylor’s
858 1605 59 23 car
931 1594 114 34 where
1058 1595 61 33 she
1132 1605 70 24 was
1216 1594 195 35 murdered.
1426 1595 74 34 The

288 1643 257 34 corroboration
565 1643 28 34 is
613 1643 171 34 sufficient
804 1648 35 29 to
859 1644 132 33 sustain
1011 1644 60 33 the
1090 1643 203 35 conviction.

378 1718 75 35 The
467 1719 176 43 appellant
658 1730 70 23 was
743 1719 130 34 sixteen
889 1730 98 33 years
1003 1719 39 34 of
1054 1730 65 32 age
1133 1724 37 30 at
1184 1720 60 34 the
1258 1720 85 34 time
1357 1719 39 35 of
1407 1718 90 36 trial.

289 1768 124 34 Before
423 1768 90 41 trial,
524 1768 44 35 he
577 1768 80 35 filed
668 1779 20 24 a
699 1769 130 34 motion
840 1774 35 29 to
886 1769 149 34 transfer
1045 1769 53 34 his
1108 1780 80 23 case
1198 1774 35 29 to
1239 1769 152 43 juvenile
1400 1775 99 29 court

288 1823 168 38 pursuant
467 1823 35 29 to
513 1819 84 34 Ark.
610 1818 89 35 Stat.
711 1820 92 33 Ann.
818 1818 41 43 §§
872 1819 130 34 41-617
1015 1818 69 35 and
1096 1820 131 33 45-420
1240 1819 123 44 (Supp.
1381 1818 116 44 1985).

287 1868 49 34 At
349 1868 59 34 the
421 1867 142 44 hearing
577 1879 43 23 on
634 1868 59 35 the
706 1873 137 36 matter,
858 1868 58 35 the
929 1869 224 43 Prosecuting
1166 1870 171 43 Attorney
1350 1868 148 36 testified

287 1917 76 35 that
375 1917 44 35 he
431 1918 150 43 charged
594 1918 176 44 appellant
782 1918 34 34 in
829 1918 122 35 circuit
963 1924 99 29 court
1074 1919 149 34 because
1234 1918 40 35 of
1282 1919 60 34 the
1353 1919 144 34 serious-

287 1978 76 23 ness
377 1967 39 34 of
426 1968 59 34 the
498 1968 117 40 crime,
631 1968 148 34 because
792 1968 176 44 appellant
981 1968 98 35 lured
1093 1968 59 35 the
1164 1969 119 34 victim
1296 1979 98 33 away
1407 1968 90 35 from

286 2017 61 34 her
362 2017 113 41 home,
491 2017 62 35 left
569 2017 60 35 her
644 2017 35 35 in
694 2029 21 23 a
730 2023 132 29 remote
877 2029 81 23 area
973 2018 168 43 although
1156 2018 61 34 she
1232 2029 81 33 may
1327 2018 69 35 still
1411 2018 87 35 have

286 2067 87 34 been
384 2067 97 41 alive,
493 2067 102 35 made
605 2078 44 23 no
659 2067 102 35 effort
771 2073 35 29 to
816 2068 80 43 help
906 2068 71 41 her,
989 2068 69 34 and
1068 2068 229 44 participated
1307 2068 35 34 in
1352 2079 20 23 a
1382 2078 113 25 cover-

286 2127 46 33 up
355 2116 40 35 of
414 2117 59 34 the
496 2117 116 34 crime.
636 2117 75 34 The
733 2117 80 35 trial
836 2123 98 29 court
957 2117 113 35 stated
1093 2118 77 34 that
1193 2118 59 34 the
1275 2118 222 43 Prosecuting

286 2167 171 43 Attorney
468 2166 69 35 had
549 2167 84 34 used
646 2167 109 34 sound
764 2166 185 44 judgment
961 2167 68 34 and
1041 2167 125 34 denied
1177 2168 59 34 the
1248 2168 130 34 motion
1390 2167 106 35 based

285 2226 45 24 on
350 2216 59 34 the
429 2216 128 34 factors
577 2216 176 34 discussed
773 2217 46 43 by
839 2217 59 34 the
917 2218 213 33 Prosecutor.

469 2293 74 34 The
569 2292 194 44 applicable
789 2298 140 36 statute,
956 2293 85 34 Ark.
1069 2293 90 34 Stat.
1186 2294 92 33 Ann.
1308 2294 18 42 §
1354 2294 142 40 45-420,

286 2341 156 44 provides
453 2342 77 34 that
541 2342 59 34 the
611 2342 122 34 circuit
744 2347 109 36 court,
865 2342 35 34 in
912 2343 141 42 making
1065 2342 59 35 the
1135 2343 152 34 decision
1298 2343 152 34 whether
1461 2348 35 29 to

286 2391 110 34 retain
405 2391 219 43 jurisdiction
636 2402 37 24 or
686 2392 149 34 transfer
847 2392 60 34 the
918 2403 79 24 case
1009 2397 35 30 to
1057 2392 59 35 the
1124 2392 151 44 juvenile
1287 2397 109 36 court,
1409 2392 87 35 shall
