1632 2688
303 414 58 34 the
371 414 133 34 lessor’s
514 414 128 42 charge
651 414 76 34 that
737 414 43 34 he
790 414 61 34 has
862 419 59 29 not
931 414 88 34 done
1029 414 147 42 enough.
1187 414 74 33 The
1271 414 92 33 lease
1372 413 27 34 is
1410 413 33 34 in
1455 413 58 34 the

302 464 99 34 usual
413 463 100 41 form,
526 463 52 35 for
590 474 20 24 a
621 464 152 43 primary
784 469 88 29 term
883 463 39 35 of
929 463 97 34 three
1037 474 108 33 years.
1158 463 74 34 The
1242 462 81 35 land
1334 463 61 34 lies
1406 463 106 34 about

302 525 20 23 a
336 513 81 35 mile
430 513 186 35 northwest
629 513 39 35 of
678 524 95 24 some
785 513 190 44 producing
988 513 44 35 oil
1047 513 103 41 wells,
1165 513 61 35 but
1240 513 53 34 for
1306 524 95 23 some
1413 524 99 32 years

302 563 119 35 before
437 565 87 33 1977
538 564 97 34 there
648 563 68 35 had
730 563 86 35 been
829 574 44 24 no
886 564 141 43 activity
1040 564 34 33 in
1088 564 58 33 the
1159 563 201 34 immediate
1372 563 141 43 vicinity

302 613 39 34 of
358 613 58 34 the
441 615 63 32 120
525 624 96 23 acres
642 613 34 34 in
696 613 100 34 issue.

307 276 62 33 148

392 689 189 34 Stevenson
593 689 194 43 completed
800 689 59 34 the
871 694 66 29 test
950 689 86 40 well,
1050 690 68 33 No.
1137 691 28 38 1,
1179 689 33 34 in
1226 690 99 39 June,
1343 690 98 33 1977.
1457 690 55 33 He

302 738 147 34 testified
461 738 76 34 that
550 738 25 34 it
587 738 126 44 proved
725 744 36 29 to
772 739 43 34 be
825 749 81 33 very
917 749 80 33 very
1009 738 99 43 good,
1121 738 130 34 started
1264 749 20 23 a
1296 738 100 34 small
1408 738 103 34 boom

301 788 34 34 in
345 788 58 34 the
413 799 91 30 area,
515 788 67 34 and
592 788 62 34 has
663 788 185 34 continued
858 793 35 29 to
901 788 151 44 produce
1061 788 106 34 about
1176 787 78 35 four
1263 788 130 34 barrels
1402 799 20 23 a
1432 787 77 44 day.

302 838 41 40 It,
360 838 67 34 like
442 838 59 34 the
515 838 98 34 other
628 838 78 34 four
721 838 93 34 wells
830 838 43 34 he
887 838 134 41 drilled,
1037 838 28 34 is
1080 838 34 34 in
1130 838 59 34 the
1203 838 184 34 Nacatoch
1403 837 106 35 Sand.

300 888 92 34 That
401 888 75 34 well
487 888 26 34 is
524 888 34 34 in
568 888 59 34 the
636 888 177 34 northeast
823 893 57 29 ten
891 899 95 23 acres
996 888 39 34 of
1041 888 59 34 the
1109 888 256 34 southernmost
1374 888 92 43 forty
1474 887 40 35 of

301 938 58 34 the
384 939 64 33 120
468 948 106 24 acres.

391 1014 217 34 Stevenson’s
624 1019 80 29 next
718 1019 143 29 venture
875 1025 69 23 was
960 1025 19 23 a
995 1014 75 34 well
1081 1014 73 43 just
1168 1020 83 28 west
1265 1014 40 34 of
1316 1014 77 34 that
1407 1014 102 43 forty,

301 1068 58 29 not
372 1073 43 23 on
429 1063 59 34 the
501 1063 182 43 appellee’s
701 1064 65 33 1.20
779 1074 107 29 acres,
900 1064 62 33 but
975 1063 76 34 that
1064 1074 69 23 was
1147 1074 20 23 a
1180 1063 63 43 dry
1256 1064 87 33 hole.
1359 1065 56 32 He
1427 1064 82 33 then

300 1112 122 34 moved
432 1112 100 34 north
541 1112 39 34 of
585 1113 69 33 No.
669 1114 12 32 1
695 1112 68 35 and
772 1112 122 34 drilled
903 1113 69 33 No.
983 1114 20 32 2
1012 1123 44 23 on
1066 1113 59 33 the
1133 1112 161 43 adjacent
1303 1118 58 28 ten
1370 1123 96 23 acres
1475 1118 35 28 to

300 1161 59 34 the
368 1162 112 40 north,
492 1161 61 35 but
563 1161 203 44 production
776 1173 69 23 was
856 1173 37 23 so
903 1172 82 33 poor
995 1162 77 34 that
1081 1162 27 34 it
1118 1162 27 34 is
1155 1162 84 34 used
1249 1173 38 23 as
1297 1173 20 23 a
1328 1162 66 34 salt
1404 1167 106 29 water

300 1211 149 44 disposal
471 1211 86 34 well.
582 1212 55 33 He
659 1211 82 34 then
763 1211 194 44 completed
979 1212 145 34 another
1147 1211 208 35 four-barrel
1377 1212 75 34 well
1475 1212 34 34 in

300 1261 209 41 November,
525 1262 97 34 1978.
633 1261 92 35 That
735 1262 86 40 well,
832 1262 69 34 No.
914 1263 31 40 3,
956 1273 69 23 was
1035 1272 44 24 on
1090 1262 59 34 the
1158 1262 177 34 southeast
1345 1267 58 29 ten
1413 1272 96 24 acres

299 1311 40 35 of
350 1311 58 35 the
423 1311 184 35 leasehold.
624 1313 56 33 He
694 1317 80 29 next
789 1311 88 35 tried
892 1312 68 34 still
975 1312 133 34 farther
1123 1312 111 41 north,
1250 1311 138 44 drilling
1403 1312 68 34 No.
1487 1313 21 33 4

300 1361 100 35 north
411 1361 39 34 of
458 1362 68 34 No.
540 1363 31 39 2,
584 1361 62 35 but
657 1362 26 34 it
694 1362 62 34 has
767 1362 174 43 produced
952 1362 80 43 only
1043 1367 36 29 at
1090 1373 20 23 a
1121 1362 78 34 loss.
1211 1362 104 34 Since
1325 1363 69 33 No.
1411 1364 12 32 1
1439 1373 69 23 was

299 1411 59 34 the
370 1417 74 28 east
456 1411 87 43 edge
555 1411 39 34 of
603 1412 59 33 the
674 1411 115 35 leased
802 1411 81 35 land
896 1411 69 35 and
977 1412 69 34 No.
1062 1413 18 33 3
1094 1423 70 23 was
1177 1417 36 29 at
1226 1412 59 34 the
1297 1412 101 34 south
1411 1412 97 43 edge,

299 1461 59 34 the
366 1461 80 43 only
454 1460 167 35 direction
631 1461 62 34 left
702 1472 70 24 was
781 1466 93 29 west.
885 1463 56 32 He
950 1461 88 34 tried
1047 1461 87 41 that,
1144 1461 138 43 drilling
1292 1473 20 22 a
1321 1462 76 34 well
1407 1462 34 34 in
1450 1462 59 34 the

298 1515 117 30 center
430 1510 39 34 of
482 1511 58 34 the
555 1511 101 34 south
673 1510 101 44 forty,
791 1511 62 34 but
869 1511 26 34 it
910 1522 163 32 averages
1089 1511 79 43 only
1183 1522 66 23 one
1264 1511 113 34 barrel
1393 1522 20 24 a
1429 1511 78 44 day.

389 1587 189 34 Stevenson
601 1587 148 34 testified
772 1588 76 34 that
871 1588 34 33 in
929 1588 59 33 the
1010 1598 137 33 process
1170 1588 39 34 of
1229 1588 52 34 his
1304 1588 138 43 drilling
1465 1588 44 34 he

299 1636 139 34 learned
450 1636 76 35 that
536 1637 58 34 the
605 1638 68 33 No.
690 1639 12 32 1
718 1637 75 34 well
804 1637 27 34 is
843 1637 82 43 high
937 1648 43 23 on
991 1637 59 34 the
1061 1637 253 43 oil-producing
1325 1643 181 29 structure.

298 1686 75 33 The
383 1686 110 34 active
503 1691 105 29 water
619 1686 93 34 drive
722 1686 76 34 that
808 1686 28 34 is
847 1691 137 39 present
994 1687 68 33 will
1073 1686 94 34 drive
1177 1687 59 34 the
1246 1687 45 33 oil
1301 1697 47 33 up
1358 1687 149 42 through

299 1735 58 34 the
379 1735 103 34 sands
504 1740 35 29 to
561 1735 59 34 the
641 1735 82 43 high
746 1735 105 44 point.
876 1737 56 33 He
953 1736 150 34 testified
1125 1736 76 34 that
1223 1736 46 34 all
1292 1736 59 34 the
1372 1736 45 34 oil
1439 1736 68 34 will

298 1785 194 42 eventually
508 1785 147 42 migrate
671 1790 35 28 to
722 1785 76 34 that
814 1785 106 43 point,
939 1785 91 34 “and
1046 1796 52 23 we
1113 1786 68 33 will
1197 1786 195 42 eventually
1407 1791 58 37 get
1481 1786 26 33 it

298 1833 80 34 all.”
393 1833 112 34 When
519 1834 105 34 asked
637 1834 30 34 if
677 1834 43 34 he
733 1834 112 34 would
859 1834 43 34 be
915 1834 145 34 harmed
1074 1834 30 34 if
1113 1845 162 23 someone
1287 1835 69 34 else
1369 1840 89 29 went
1471 1835 35 34 in

297 1882 68 35 and
379 1882 122 35 drilled
515 1894 20 23 a
549 1883 74 35 well
639 1883 237 44 (presumably
890 1889 35 29 to
939 1884 59 34 the
1010 1884 112 43 west),
1137 1884 44 34 he
1193 1884 75 35 said
1281 1884 44 34 he
1337 1884 113 35 would
1463 1884 43 35 be

297 1932 155 41 harmed,
473 1933 68 34 and
562 1933 190 44 explained:

510 2009 96 44 They
615 2021 80 32 may
704 2020 43 32 go
756 2010 34 34 in
800 2010 68 34 and
877 2015 58 38 get
944 2021 20 23 a
973 2010 113 34 barrel
1095 2021 38 23 or
1141 2016 67 29 two
1218 2011 129 34 barrels
1356 2022 20 23 a
1385 2011 68 43 day
1461 2022 44 23 on

420 2059 59 33 the
500 2069 156 33 acreage;
679 2059 76 34 that
777 2060 28 33 is
828 2060 158 43 possible.
1010 2060 81 34 And
1112 2070 86 24 once
1219 2071 67 32 you
1307 2065 58 38 get
1387 2071 20 23 a
1429 2061 76 33 well

419 2107 133 41 drilled,
577 2108 117 43 you’re
717 2109 103 42 going
844 2114 36 29 to
903 2119 43 33 go
970 2109 112 34 ahead
1106 2109 68 34 and
1198 2109 150 44 produce
1371 2110 27 33 it
1421 2121 84 23 even

419 2157 131 44 though
573 2158 26 34 it
620 2158 27 34 is
669 2169 20 23 a
712 2158 113 34 barrel
847 2169 20 24 a
889 2158 68 44 day
978 2159 114 34 unless
1114 2159 26 34 it
1161 2159 28 34 is
1211 2159 121 43 totally
1353 2170 20 23 a
1395 2159 110 43 losing

419 2207 175 42 situation,
609 2208 34 34 in
657 2208 112 34 which
782 2219 80 24 case
876 2209 15 33 I
904 2208 113 35 would
1031 2209 43 34 be
1087 2209 109 43 losing
1209 2209 76 34 that
1299 2209 44 34 oil
1357 2209 149 34 because

419 2258 194 43 eventually
628 2259 14 33 I
656 2258 68 34 will
738 2263 143 38 capture
895 2258 26 34 it
934 2258 82 34 with
1030 2259 59 33 the
1102 2259 92 34 wells
1209 2259 14 33 I
1238 2259 86 34 have
1337 2270 86 29 now,
1438 2270 37 23 so
1490 2260 14 33 I

419 2312 92 29 must
530 2307 85 44 keep
633 2307 76 35 that
728 2318 146 33 acreage
891 2313 35 29 to
945 2308 169 34 maintain
1132 2308 37 41 it,
1188 2309 170 42 marginal
1377 2320 37 23 as
1432 2309 27 34 it
1477 2309 28 34 is

419 2367 85 24 now.
519 2356 81 35 And
615 2358 14 33 I
644 2357 86 34 need
744 2368 100 33 every
857 2357 113 35 barrel
984 2357 39 40 of
1033 2358 45 34 oil
1093 2359 14 33 I
1121 2358 150 43 possibly
1284 2369 65 23 can
1368 2358 83 43 [get]
1469 2364 36 28 to

419 2406 107 34 break
546 2417 93 24 even.
