1664 2701
120 416 194 35 conviction
338 422 91 29 must
452 417 42 35 be
517 417 156 34 reversed
697 417 147 35 because
867 417 59 34 the
948 417 190 35 defendant
1160 428 69 23 was
1252 417 79 44 only

121 466 151 43 charged
284 467 81 34 with
378 467 119 44 raping
508 467 59 34 the
577 478 136 23 woman
724 467 45 44 by
780 467 135 34 deviate
925 467 118 34 sexual
1054 467 151 43 activity,
1217 472 59 29 not
1287 467 44 43 by

121 516 120 35 sexual
256 516 220 35 intercourse.
491 516 76 35 The
580 517 95 34 main
690 517 92 34 basis
796 516 39 35 of
846 527 62 23 our
923 516 153 35 decision
1089 527 71 24 was
1174 516 77 35 that
1265 521 67 30 two

122 571 160 39 separate
292 566 123 34 crimes
426 566 38 35 of
472 576 83 33 rape
565 566 96 34 exist:
674 577 83 33 rape
767 567 44 43 by
822 566 118 35 sexual
951 566 211 35 intercourse
1172 566 67 34 and
1250 577 83 33 rape

122 616 46 43 by
178 615 136 35 deviate
325 616 117 34 sexual
453 616 151 43 activity.
617 617 65 33 We
692 616 75 34 said
779 617 31 34 “.
838 643 6 7 .
872 643 6 7 .
890 621 68 29 two
968 615 162 35 different
1140 615 123 35 crimes
1274 626 59 24 are

123 665 175 35 involved.
326 693 6 6 .
360 666 87 34 .and
457 666 59 34 the
526 666 161 33 essential
698 666 164 34 elements
873 665 39 34 of
919 665 59 34 the
987 666 124 34 crimes
1121 665 135 34 differ.”
1268 666 65 33 We

122 725 90 25 were
223 725 116 33 wrong
351 715 34 34 in
396 715 75 34 that
482 715 124 42 regard
617 715 69 34 and
696 716 155 33 overrule
863 714 176 44 Clayborn
1048 726 31 23 v.
1090 716 111 38 State,
1214 726 118 32 supra,

123 776 38 23 as
173 765 25 34 it
209 764 156 35 conflicts
375 765 81 34 with
467 775 62 24 our
540 765 87 34 later
638 764 168 35 decisions
817 764 68 35 and
896 775 62 23 our
969 764 141 44 holding
1120 765 35 34 in
1165 764 67 34 this
1243 775 88 24 case.

123 814 85 34 Ark.
229 814 89 34 Stat.
338 815 91 33 Ann.
451 815 17 42 §
489 815 153 34 41-1803
665 814 123 44 (Supp.
812 813 103 43 1985)
936 814 157 44 provides
1112 814 53 35 for
1179 814 72 43 just
1269 825 65 24 one

124 864 133 34 offense
265 863 39 35 of
310 875 82 33 rape
400 864 82 35 with
491 870 68 29 two
568 864 162 35 different
738 876 92 32 ways
839 863 39 35 of
883 864 231 35 commission.
1124 864 74 35 The
1207 869 128 29 statute

125 913 96 35 itself
238 918 68 30 sets
327 914 92 34 forth
439 914 59 35 the
518 914 166 34 elements
704 914 40 34 of
761 925 91 33 rape:

1263 276 63 33 351

252 994 53 43 (1)
355 996 32 33 A
414 1006 122 33 person
563 995 160 35 commits
751 1007 82 33 rape
859 995 29 34 if
912 995 43 35 he
981 1006 149 33 engages
1157 995 34 34 in
1218 996 117 34 sexual

355 1045 210 35 intercourse
584 1056 37 24 or
640 1045 135 35 deviate
794 1045 117 35 sexual
931 1045 141 45 activity
1090 1045 83 35 with
1192 1045 143 35 another

355 1106 132 33 person:

358 1177 52 43 (a)
431 1177 46 44 by
498 1176 144 36 forcible
662 1178 225 43 compulsion;

217 1258 75 34 The
307 1259 165 34 elements
487 1258 39 35 of
538 1258 59 35 the
612 1259 132 34 offense
758 1270 59 24 are
831 1259 60 34 the
905 1259 118 34 sexual
1039 1265 57 29 act
1110 1258 69 36 and
1194 1258 144 35 forcible

127 1308 225 43 compulsion.
376 1308 175 43 Clayborn
571 1308 210 44 interpreted
800 1309 59 34 the
878 1313 130 30 statute
1027 1314 36 29 to
1082 1308 83 35 read
1184 1309 76 34 that
1279 1309 59 34 the

127 1358 178 34 reference
320 1363 36 29 to
371 1358 161 35 different
549 1358 99 34 kinds
665 1358 39 35 of
717 1359 118 34 sexual
852 1363 73 30 acts
941 1358 140 35 created
1097 1364 67 29 two
1180 1364 158 38 separate

127 1408 135 35 crimes.

220 1490 40 34 In
285 1501 62 23 our
373 1496 90 29 most
487 1496 118 29 recent
629 1490 152 36 decision
806 1501 45 25 on
876 1491 68 34 this
969 1496 141 36 statute,
1135 1502 52 24 we
1211 1491 127 44 clearly

128 1539 151 44 rejected
296 1540 59 34 the
370 1540 168 35 rationale
553 1540 35 34 in
606 1540 187 43 Clayborn.
811 1542 38 33 In
870 1540 110 35 Wood
993 1552 30 23 v.
1039 1541 113 41 State,
1170 1541 65 34 287
1253 1541 84 34 Ark.

129 1591 80 39 203,
225 1590 66 34 697
307 1590 142 34 S.W.2d
465 1591 67 34 884
548 1590 138 43 (1985),
702 1601 50 24 we
767 1590 78 35 held
859 1590 97 34 there
970 1590 28 34 is
1012 1591 80 43 only
1105 1601 65 24 one
1183 1590 107 34 crime
1302 1590 39 35 of

128 1650 84 34 rape
225 1639 110 35 under
348 1640 84 34 Ark.
448 1640 89 35 Stat.
553 1641 92 33 Ann.
663 1640 17 43 §
697 1641 165 34 41-1803.
879 1640 111 34 Wood
1005 1640 69 35 had
1088 1641 87 34 been
1189 1640 149 43 charged

127 1689 83 35 with
223 1700 83 33 rape
318 1689 44 44 by
374 1690 117 34 sexual
503 1690 222 34 intercourse.
738 1691 49 33 At
798 1691 59 34 the
868 1690 79 34 trial
959 1690 44 34 he
1014 1689 157 44 changed
1182 1690 52 34 his
1247 1695 92 39 story

127 1740 46 43 by
191 1739 121 43 saying
330 1739 44 34 he
391 1740 68 34 had
478 1740 130 42 merely
625 1739 153 43 fingered
797 1740 58 34 the
871 1739 119 35 victim
1008 1740 134 34 instead
1160 1739 39 34 of
1214 1739 125 44 having

127 1789 120 34 sexual
260 1789 210 35 intercourse
483 1789 83 34 with
579 1789 71 34 her.
664 1790 75 34 The
752 1795 89 29 state
853 1800 70 23 was
937 1789 144 35 allowed
1094 1795 36 29 to
1142 1789 126 35 amend
1281 1789 59 35 the

128 1839 226 34 information
364 1839 166 43 charging
540 1849 84 33 rape
633 1838 112 35 either
754 1839 45 44 by
808 1839 118 35 sexual
937 1839 211 35 intercourse
1157 1849 41 24 or
1206 1838 134 35 deviate

128 1888 120 35 sexual
264 1889 151 43 activity.
431 1889 74 34 The
519 1894 99 29 court
633 1889 190 35 instructed
838 1889 59 34 the
907 1889 81 43 jury
1003 1889 77 34 that
1094 1890 60 34 the
1168 1894 89 29 state
1271 1889 69 34 had

129 1939 60 34 the
213 1938 133 34 burden
370 1938 39 35 of
429 1938 142 44 proving
595 1949 84 33 rape
702 1939 46 43 by
772 1938 131 36 “either
927 1939 119 34 sexual
1070 1939 210 34 intercourse
1303 1950 38 23 or

129 1987 137 35 deviate
288 1988 118 34 sexual
429 1988 174 43 activity.”
629 1989 65 34 We
717 1989 74 34 said
814 1988 118 43 “[t]he
954 1988 224 35 amendment
1200 1988 59 34 did
1281 1994 60 29 not

129 2038 136 42 change
286 2037 59 34 the
365 2043 123 29 nature
508 2048 38 23 or
567 2037 126 43 degree
714 2038 39 34 of
770 2038 59 34 the
850 2038 141 34 crime.”
1013 2038 76 34 Our
1110 2037 139 43 holding
1270 2049 70 23 was

129 2091 163 39 contrary
312 2091 35 30 to
369 2087 176 44 Clayborn
563 2098 31 23 v.
614 2087 112 40 State,
748 2098 118 33 supra.

222 2168 140 35 Several
372 2169 98 34 other
480 2174 117 29 recent
606 2168 169 35 decisions
785 2174 142 39 support
936 2169 68 34 this
1014 2170 192 41 reasoning.
1218 2168 124 35 Before

133 2217 188 44 Clayborn,
338 2218 35 34 in
389 2220 185 41 Browning
587 2229 30 23 v.
634 2219 114 40 State,
766 2220 68 33 274
851 2218 85 34 Ark.
958 2220 52 39 13,
1029 2219 63 34 621
1114 2218 142 35 S.W.2d
1274 2219 65 33 688

132 2267 139 43 (1981),
294 2278 51 24 we
367 2267 184 44 permitted
573 2268 60 34 the
654 2267 232 36 introduction
909 2267 39 35 of
967 2268 162 35 evidence
1150 2267 39 35 of
1207 2267 135 35 deviate

130 2317 119 35 sexual
270 2317 141 45 activity
430 2318 168 43 although
618 2318 59 34 the
696 2318 128 44 charge
843 2329 70 23 was
933 2329 83 33 rape
1035 2318 46 44 by
1100 2318 118 35 sexual
1238 2318 102 34 inter-

130 2378 132 25 course.
278 2368 66 34 We
357 2368 59 35 did
430 2379 37 24 so
482 2368 53 35 for
549 2373 67 29 two
631 2379 150 24 reasons:
797 2380 20 23 a
831 2368 140 43 general
985 2368 128 44 charge
1126 2367 39 36 of
1176 2379 83 33 rape
1272 2379 69 24 was

130 2417 104 36 made
243 2418 111 34 under
363 2418 59 35 the
431 2423 130 30 statute
570 2418 113 34 which
693 2418 69 35 had
772 2424 60 29 not
842 2418 86 34 been
938 2418 204 43 challenged
1152 2419 44 42 by
1206 2429 20 23 a
1237 2418 60 34 bill
1306 2418 39 34 of
