1648 2680
427 408 217 29 cumstances
668 403 109 34 under
800 403 111 34 which
935 404 176 43 appellant
1134 415 69 23 was
1228 404 148 43 brought
1399 410 35 29 to
1457 405 58 34 the

427 452 110 44 police
561 453 127 34 station
712 464 59 23 are
794 453 200 44 important,
1019 453 184 44 especially
1226 454 153 34 whether
1402 455 43 33 A.
1471 455 42 33 R.

428 502 108 35 Crim.
556 503 36 34 P.
613 504 67 40 2.2,
700 504 67 40 2.3,
787 503 68 34 and
875 505 51 32 3.1
949 514 89 24 were
1056 503 170 35 followed.
1245 504 75 34 The
1337 504 125 43 degree
1479 504 39 34 of

427 553 206 35 inebriation
644 559 36 29 at
690 553 59 35 the
759 553 84 35 time
853 553 39 35 of
899 559 110 29 arrest
1019 554 27 34 is
1057 565 20 23 a
1088 554 153 34 relevant
1250 554 263 35 consideration.

427 603 58 34 All
496 603 40 34 of
543 603 97 35 these
651 604 268 34 circumstances
930 604 123 34 should
1065 604 42 34 be
1118 604 155 43 weighed
1284 604 35 35 in
1330 604 183 35 determin-

427 653 57 42 ing
498 653 153 34 whether
665 654 204 43 appellant’s
883 654 205 43 September
1106 655 12 33 1
1136 659 187 29 statement
1336 654 68 35 and
1417 655 98 34 other

427 702 162 34 evidence
603 703 113 33 seized
731 703 122 34 should
868 703 43 34 be
925 703 181 34 admitted.
1120 703 224 35 Richardson
1356 715 30 22 v.
1401 704 112 40 State,

428 752 65 33 283
516 752 84 33 Ark.
622 757 36 29 at
679 752 93 34 91-C
796 753 33 33 &
852 753 32 33 D
907 752 137 42 (1984).

304 265 68 33 414

395 832 115 34 While
524 832 59 34 the
598 832 79 34 trial
693 838 98 29 court
807 833 59 34 did
882 838 77 38 part
975 833 39 34 of
1026 833 93 34 what
1134 845 51 22 we
1200 833 106 35 asked
1323 834 67 34 and
1406 834 108 34 found

303 881 165 44 probable
497 892 104 24 cause
629 887 36 29 to
694 882 86 35 have
809 882 153 35 arrested
993 883 217 34 Richardson
1239 894 43 23 on
1311 884 59 34 the
1399 884 115 44 public

303 931 224 35 intoxication
539 932 138 43 charge,
691 932 26 34 it
729 932 58 34 did
800 938 59 29 not
871 932 123 44 satisfy
1006 944 62 23 our
1080 943 147 24 concern
1239 933 83 35 with
1334 939 133 38 respect
1479 939 35 29 to

302 981 60 34 the
374 981 163 35 violation
551 981 40 34 of
600 982 86 34 Ark.
702 983 42 33 R.
760 982 108 34 Crim.
883 983 37 33 P.
936 983 54 33 2.3
1006 982 69 34 and
1090 984 66 33 3.1.
1172 983 91 34 Rule
1277 984 54 33 2.3
1347 983 166 44 provides:

518 1061 34 34 If
566 1073 21 23 a
605 1062 65 34 law
688 1062 236 34 enforcement
941 1063 116 33 officer
1075 1063 116 42 acting
1209 1069 168 37 pursuant
1394 1068 35 29 to
1446 1064 68 33 this

426 1111 74 34 rule
515 1116 153 38 requests
684 1122 68 32 any
767 1122 122 33 person
905 1117 35 29 to
954 1122 99 24 come
1068 1117 35 29 to
1118 1123 38 23 or
1171 1112 132 34 remain
1318 1117 37 29 at
1370 1123 20 24 a
1405 1113 110 43 police

426 1160 138 41 station,
575 1161 219 43 prosecuting
804 1161 187 44 attorney’s
1001 1161 99 35 office
1109 1172 38 24 or
1156 1162 98 34 other
1264 1162 131 34 similar
1405 1162 108 44 place,

426 1210 43 35 he
486 1211 87 34 shall
591 1211 81 34 take
689 1211 84 35 such
791 1216 91 39 steps
901 1222 37 24 as
955 1222 60 24 are
1032 1212 203 34 reasonable
1251 1217 35 29 to
1304 1212 102 35 make
1422 1212 92 35 clear

426 1261 76 34 that
523 1261 97 34 there
640 1261 27 34 is
688 1272 44 23 no
753 1261 89 43 legal
863 1261 189 44 obligation
1073 1267 35 29 to
1128 1262 137 44 comply
1285 1262 83 35 with
1388 1262 84 35 such
1493 1274 20 23 a

426 1316 147 38 request.

301 1392 59 34 No
370 1392 116 34 officer
496 1392 171 44 complied
678 1393 82 34 with
771 1393 59 35 the
840 1393 143 44 positive
993 1393 85 44 duty
1088 1394 197 44 prescribed
1296 1395 44 43 by
1350 1394 68 35 this
1429 1395 83 34 rule.

301 1442 74 33 The
402 1452 121 24 reason
551 1442 97 34 there
675 1453 69 23 was
771 1453 44 24 no
842 1443 215 43 compliance
1083 1454 70 23 was
1180 1444 77 34 that
1283 1444 60 34 the
1369 1444 143 41 officers,

301 1491 185 43 according
500 1496 35 29 to
548 1491 89 34 their
650 1492 196 43 testimony,
860 1492 113 34 would
987 1497 59 29 not
1059 1492 87 34 have
1159 1493 154 34 released
1325 1493 60 34 the
1397 1494 115 43 appel-

302 1540 72 34 lant
384 1540 69 34 had
463 1540 43 35 he
515 1541 106 34 asked
631 1546 35 29 to
676 1541 43 34 be
728 1541 164 34 released.
903 1542 95 34 Thus
1007 1542 98 34 there
1114 1553 70 23 was
1194 1542 72 34 also
1275 1553 20 23 a
1304 1542 164 35 violation
1477 1542 40 35 of

301 1590 59 34 the
372 1589 177 35 detention
562 1590 89 35 limit
664 1590 105 44 posed
783 1591 45 43 by
841 1591 91 34 Rule
946 1593 66 32 3.1.
1027 1591 208 43 Regardless
1248 1591 39 35 of
1297 1592 153 34 whether
1463 1603 51 23 we

300 1650 66 24 can
376 1640 208 44 technically
590 1640 124 44 justify
724 1641 59 34 the
794 1646 110 29 arrest
913 1651 44 24 on
968 1641 59 34 the
1037 1641 128 43 charge
1174 1641 40 34 of
1221 1641 117 44 public
1347 1642 165 34 intoxica-

300 1689 83 41 tion,
414 1701 51 23 we
493 1700 64 24 can
587 1690 71 34 find
687 1701 44 23 no
757 1690 227 43 justification
1014 1690 172 35 whatever
1215 1691 54 34 for
1298 1691 96 34 these
1422 1692 90 34 rules

299 1739 191 34 violations.
507 1739 74 34 The
595 1740 176 43 appellant
785 1751 70 23 was
870 1740 128 43 clearly
1012 1740 103 43 being
1129 1740 80 34 held
1224 1740 148 35 because
1386 1741 43 34 he
1443 1752 69 23 was

300 1788 181 43 suspected
492 1789 34 33 in
536 1789 59 34 the
605 1789 140 34 murder
755 1789 68 34 and
834 1800 101 23 arson
946 1800 89 23 case.
1046 1789 75 34 The
1130 1790 133 34 officers
1273 1790 69 34 had
1352 1801 21 23 a
1383 1790 85 44 duty
1477 1796 35 28 to

300 1838 128 42 charge
440 1838 73 34 him
525 1838 82 34 with
621 1838 76 35 that
710 1838 131 35 offense
853 1849 38 24 or
904 1839 47 34 let
964 1839 72 34 him
1049 1850 53 32 go.
1116 1839 105 34 Their
1234 1839 125 35 failure
1371 1845 35 29 to
1419 1839 44 35 do
1475 1850 38 24 so

300 1892 62 39 put
371 1887 96 35 them
477 1888 35 34 in
520 1888 164 35 violation
695 1888 39 34 of
740 1888 59 35 the
808 1889 91 34 rules
909 1889 199 34 mentioned
1118 1889 69 35 and
1197 1889 59 35 the
1265 1890 202 34 realization
1476 1889 39 35 of

300 1937 98 34 those
420 1937 181 35 violations
626 1938 119 34 makes
770 1938 26 35 it
821 1949 83 24 even
929 1939 131 34 clearer
1084 1939 76 34 that
1184 1939 59 35 the
1267 1945 109 29 arrest
1400 1940 112 34 which

299 1987 166 34 occurred
485 1998 69 24 was
574 1988 135 34 carried
729 1993 60 29 out
809 1999 38 24 as
868 1999 20 23 a
909 1993 134 39 pretext
1063 1994 35 29 to
1118 1989 126 44 permit
1263 1989 60 35 the
1342 1990 131 34 search.

506 2069 84 34 This
600 2069 110 35 Court
719 2069 62 35 has
791 2069 79 35 held
880 2070 160 44 squarely
1049 2070 77 35 that
1135 2070 162 35 evidence
1305 2070 163 35 obtained
1477 2071 34 34 in

299 2129 45 24 an
359 2118 178 44 inventory
551 2119 121 34 search
686 2119 194 35 conducted
895 2125 36 29 at
945 2131 20 23 a
976 2120 64 43 jail
1054 2125 168 39 pursuant
1236 2125 36 30 to
1286 2131 45 24 an
1345 2120 166 35 unlawful

299 2173 110 29 arrest
422 2168 27 34 is
463 2168 246 35 inadmissible.
727 2169 104 34 Webb
842 2180 30 23 v.
885 2170 114 40 State,
1013 2170 68 34 269
1094 2170 85 34 Ark.
1194 2171 79 40 415,
1288 2171 63 33 601
1368 2170 143 35 S.W.2d

300 2218 66 34 848
387 2217 138 44 (1980);
542 2218 175 35 Rowland
730 2230 31 23 v.
778 2219 114 40 State,
910 2220 69 33 262
995 2219 85 34 Ark.
1100 2220 79 40 783,
1198 2220 63 34 561
1282 2220 143 34 S.W.2d
1444 2221 67 33 304

301 2267 137 43 (1978).
454 2268 74 34 The
543 2268 162 34 evidence
719 2268 163 35 obtained
897 2274 169 38 pursuant
1080 2274 36 29 to
1130 2269 59 34 the
1204 2275 109 29 arrest
1327 2269 53 35 for
1395 2270 116 43 public

299 2317 224 34 intoxication
544 2323 93 29 must
657 2318 43 34 be
719 2318 215 44 suppressed.

390 2399 65 33 We
470 2404 113 37 regret
597 2399 77 34 that
689 2399 68 34 this
772 2410 80 23 case
866 2405 93 29 must
974 2400 103 42 again
1093 2400 43 34 be
1150 2400 167 34 reversed.
1333 2400 74 34 The
1422 2405 90 30 state
