1632 2696
1285 264 42 33 57

206 408 160 39 Purtle,
387 407 42 40 J.,
451 411 59 30 not
530 406 256 44 participating.

173 621 89 34 Cliff
279 620 234 41 JACKSON,
536 620 230 43 Individually
786 619 68 35 and
875 630 37 24 as
933 619 286 44 Representative
1238 619 39 34 of

156 670 163 35 Affected
341 670 99 35 Class
460 670 39 34 of
517 670 179 34 Arkansas
716 670 198 44 Taxpayers
935 669 69 34 and
1025 670 215 43 Ratepayers
1260 680 28 23 v.

427 720 202 34 Honorable
649 720 70 34 Lee
738 720 44 33 A.
804 719 218 35 MUNSON

118 799 129 34 85-288

1010 798 64 33 701
1099 796 143 35 S.W.2d
1264 797 65 33 378

446 875 171 44 Supreme
638 875 111 35 Court
768 875 39 35 of
824 876 179 34 Arkansas

370 925 152 44 Opinion
542 925 173 35 delivered
736 926 154 43 January
914 927 52 39 13,
992 926 87 34 1986

216 1728 92 44 Cliff
319 1728 167 42 Jackson,
507 1727 54 36 for
582 1728 187 45 appellant.

214 1806 174 40 Mitchell,
408 1806 182 40 Williams,
605 1806 108 44 Selig,
728 1806 157 35 Jackson
900 1808 31 33 &
951 1806 146 41 Tucker,
1111 1806 55 43 by:
1179 1808 102 41 Jerry
1293 1808 41 32 D.

122 1856 168 41 Jackson,
312 1856 53 35 for
384 1857 143 34 AP&L.

219 1933 141 44 Wright,
384 1933 149 44 Lindsey
557 1935 31 33 &
612 1935 178 42 Jennings,
812 1933 55 44 by:
889 1935 101 33 N.M.
1012 1935 149 37 Norton,
1183 1935 63 39 Jr.,
1269 1932 68 35 and

125 1983 149 35 Charles
293 1985 36 33 L.
349 1983 282 44 Schlumberger,
652 1983 54 35 for
724 1983 178 35 Arkansas
922 1983 150 35 Electric
1090 1984 137 43 Energy
1246 1983 91 34 Con-

123 2044 134 24 sumers
277 2033 69 35 and
367 2033 174 44 Reynolds
563 2034 131 34 Metals
715 2033 63 35 Co.

215 2112 75 35 Per
305 2112 163 34 Curiam.

484 2112 75 34 The
573 2111 183 44 petitioner
770 2122 69 24 was
854 2111 59 35 the
927 2111 155 44 plaintiff
1092 2111 36 34 in
1142 2122 20 23 a
1177 2111 68 34 suit
1259 2110 80 35 filed

124 2162 137 42 against
270 2162 178 33 Arkansas
457 2162 118 34 Power
584 2161 69 34 and
663 2161 104 43 Light
776 2161 184 43 Company
970 2160 165 43 (AP&L)
1146 2160 69 35 and
1224 2161 115 34 others

124 2211 35 33 in
170 2211 61 33 the
241 2211 171 42 chancery
423 2215 109 30 court.
544 2211 93 34 That
648 2211 68 33 suit
727 2210 134 43 alleged
873 2210 167 43 illegality
1051 2210 39 34 of
1098 2221 21 23 a
1130 2210 208 40 settlement,

124 2259 142 35 entered
283 2259 72 34 into
371 2270 126 32 among
514 2259 59 35 the
589 2259 218 41 defendants,
824 2259 127 43 having
966 2264 36 29 to
1018 2259 45 34 do
1079 2259 83 34 with
1177 2259 162 34 AP&L’s

124 2309 149 43 liability
292 2308 54 35 for
365 2319 20 25 a
405 2309 135 43 portion
560 2308 39 35 of
616 2319 165 33 expenses
800 2308 40 34 of
856 2308 157 43 building
1032 2308 60 34 the
1111 2308 122 34 Grand
1253 2308 90 34 Gulf

125 2368 114 34 power
252 2363 192 39 generator.
460 2359 40 34 In
513 2369 162 33 response
688 2363 36 30 to
738 2369 20 24 a
771 2358 132 35 motion
916 2363 36 29 to
965 2358 137 34 dismiss
1116 2358 60 34 the
1188 2357 79 42 suit,
1281 2357 59 35 the

125 2409 197 36 chancellor
333 2408 139 35 entered
484 2419 44 25 an
539 2408 100 35 order
649 2419 45 25 on
705 2408 153 35 October
872 2409 168 40 15,1985,
1052 2408 219 44 recognizing
1281 2408 60 35 the
