1632 2696
1280 265 39 33 51

203 409 79 41 Roy
302 406 118 41 Finch,
442 406 52 34 for
515 406 183 44 appellees.

205 484 125 33 David
343 484 208 39 Newbern,
567 483 141 34 Justice.

815 483 83 33 This
912 483 28 33 is
954 493 20 23 a
988 487 162 39 property
1163 487 59 29 tax
1235 492 89 24 case.

111 533 76 34 The
208 533 171 44 appellees
401 532 193 44 purchased
616 533 71 34 real
708 537 161 39 property
890 532 91 35 from
1002 543 20 24 a
1043 532 117 34 school
1180 531 144 35 district.

114 584 155 33 Because
293 583 26 34 it
343 582 168 44 belonged
536 588 35 29 to
595 583 60 34 the
679 582 116 35 school
819 582 145 41 district,
989 582 59 35 the
1072 587 161 39 property
1256 592 70 24 was

113 638 140 39 exempt
270 632 91 35 from
378 632 48 35 ad
441 632 156 35 valorem
614 632 156 35 taxation
788 637 36 30 at
840 632 60 34 the
916 632 85 34 time
1017 631 40 35 of
1071 632 59 34 the
1147 631 179 45 purchase.

113 684 86 33 Ark.
216 683 120 34 Const,
352 688 63 29 art.
436 684 51 39 16,
505 683 18 42 §
542 682 91 43 5(b).
648 683 75 34 The
738 683 192 43 appellants
945 682 126 43 sought
1084 687 36 29 to
1135 693 109 24 assess
1259 681 69 35 and

113 738 60 30 tax
185 733 60 34 the
256 738 160 39 property
427 738 36 29 to
474 733 59 34 the
545 733 172 43 appellees
730 732 90 35 from
830 732 59 35 the
900 732 82 35 date
992 732 83 44 they
1086 731 193 45 purchased
1289 732 37 34 it.

113 784 76 33 The
198 783 172 43 appellees
380 783 158 43 objected
547 788 36 29 to
593 788 208 29 assessment
810 782 102 43 being
922 782 103 34 made
1034 782 92 44 prior
1135 787 36 29 to
1179 782 59 34 the
1247 793 82 33 year

115 833 176 42 following
303 833 89 34 their
403 833 171 43 purchase
585 832 39 35 of
632 833 60 34 the
703 837 161 39 property
876 832 149 34 because
1035 832 86 34 Ark.
1134 832 89 34 Stat.
1235 833 92 33 Ann.

117 883 18 42 §
159 883 130 34 84-436
313 882 114 44 (Repl.
453 882 119 43 1980),
593 882 34 34 in
648 887 89 39 part,
758 887 116 29 states:

332 959 58 33 All
401 958 98 34 lands
510 958 77 34 that
598 959 89 33 shall
698 958 87 34 have
795 958 87 34 been
893 958 194 44 purchased
1098 957 91 35 from
1199 969 131 23 owners

241 1008 60 34 the
316 1013 161 38 property
493 1008 39 34 of
545 1008 115 34 whom
676 1019 37 23 or
729 1008 112 34 which
857 1019 70 23 was
943 1008 46 43 by
1005 1008 65 34 law
1087 1012 173 39 exempt;.
1288 1035 6 7 .
1322 1035 7 7 .

242 1058 209 43 subsequent
466 1063 36 29 to
517 1058 155 43 January
691 1059 51 33 1st
756 1057 40 35 of
808 1069 67 32 any
889 1068 82 33 year
986 1057 88 35 shall
1090 1057 43 34 be
1147 1057 134 43 subject
1295 1062 36 29 to

242 1113 207 29 assessment
463 1107 69 35 and
546 1107 156 35 taxation
717 1107 53 35 for
783 1107 59 35 the
855 1118 82 33 year
951 1107 237 44 immediately
1201 1107 129 34 follow-

242 1157 59 43 ing
321 1157 84 34 such
425 1157 171 44 purchase
617 1185 111 6 ....

303 1233 74 34 The
394 1233 193 44 appellants
604 1233 105 34 claim
726 1233 60 34 the
801 1237 131 30 statute
947 1233 144 34 violates
1107 1233 85 34 Ark.
1212 1232 118 35 Const,

119 1288 64 30 art.
211 1284 52 40 16,
288 1283 17 43 §
330 1284 32 40 6,
384 1283 112 35 which
518 1294 89 33 says:
631 1283 82 34 “All
735 1283 82 35 laws
839 1283 198 44 exempting
1059 1288 162 39 property
1242 1282 90 35 from

118 1334 157 34 taxation
284 1334 98 34 other
391 1334 84 34 than
485 1345 37 23 as
532 1333 164 45 provided
705 1334 35 34 in
749 1333 67 35 this
826 1333 236 35 Constitution
1072 1333 88 35 shall
1169 1333 43 35 be
1219 1333 112 35 void.”

119 1384 66 34 We
201 1394 103 33 agree
319 1384 82 34 with
417 1384 59 34 the
492 1384 197 34 chancellor
705 1384 76 34 that
797 1384 59 34 the
871 1388 131 30 statute
1017 1383 175 44 requiring
1208 1394 123 24 assess­

119 1439 96 29 ment
236 1433 68 35 and
324 1434 155 34 taxation
500 1439 37 29 at
557 1434 60 34 the
636 1434 187 43 beginning
843 1433 39 35 of
899 1433 59 35 the
978 1444 82 33 year
1080 1433 174 44 following
1274 1433 60 35 the

119 1484 171 43 purchase
319 1484 27 34 is
376 1495 44 23 an
449 1483 276 35 administrative
754 1483 163 35 directive
945 1483 113 35 which
1087 1483 87 35 need
1202 1488 60 30 not
1291 1483 43 35 be

119 1533 185 35 construed
317 1545 37 23 as
366 1545 44 23 an
423 1534 197 43 exemption
632 1533 40 35 of
680 1539 162 38 property
853 1533 91 34 from
956 1533 156 35 taxation
1124 1533 35 35 in
1169 1533 164 35 violation

119 1583 39 34 of
175 1583 60 35 the
255 1583 234 35 constitution.

212 1660 116 34 While
350 1671 51 23 we
423 1659 214 35 understand
660 1659 60 35 the
742 1659 204 44 appellants’
970 1664 184 39 argument
1176 1659 76 35 that
1275 1659 59 35 the

119 1715 132 28 statute
269 1715 133 28 creates
422 1720 44 23 an
486 1710 209 43 exemption,
715 1720 51 23 we
784 1709 71 34 find
875 1709 27 34 it
921 1709 138 44 equally
1078 1709 202 34 reasonable
1298 1714 36 29 to

119 1764 163 28 construe
308 1759 59 33 the
393 1764 130 28 statute
550 1770 38 22 as
615 1769 65 23 one
707 1758 189 43 providing,
924 1769 38 23 as
989 1770 45 22 an
1061 1758 274 35 administrative

120 1807 175 40 directive,
311 1818 20 22 a
347 1807 84 34 time
445 1807 54 34 for
514 1812 209 29 assessment
738 1807 68 34 and
821 1807 156 34 taxation
992 1807 39 34 of
1042 1812 162 38 property
1218 1807 117 34 rather

120 1856 86 34 than
227 1867 20 23 a
267 1856 213 34 declaration
500 1856 40 34 of
557 1856 186 44 immunity
762 1867 38 23 or
820 1856 197 44 exemption
1037 1856 92 34 from
1148 1856 165 34 taxation.

306 1933 110 43 Every
429 1937 57 30 act
498 1932 40 35 of
548 1932 60 35 the
619 1932 179 35 Arkansas
812 1932 152 35 General
976 1932 186 44 Assembly
1175 1932 126 35 carries
1314 1943 21 24 a

120 1987 120 39 strong
259 1983 236 44 presumption
514 1982 40 35 of
570 1983 321 44 constitutionality.
910 1984 120 43 Pogue
1047 1994 31 23 v.
1100 1983 146 44 Cooper,
1267 1983 68 34 284

120 2033 86 34 Ark.
223 2034 154 40 105, 679
389 2033 143 35 S.W.2d
543 2034 66 34 207
623 2032 139 44 (1984);
774 2034 75 42 Gay
858 2044 30 23 v.
899 2032 138 42 Rabon,
1049 2034 68 34 280
1127 2033 85 34 Ark.
1224 2033 111 41 5, 652

121 2083 145 34 S.W.2d
279 2084 67 34 836
360 2083 137 43 (1983).
511 2083 35 35 If
554 2083 27 35 it
592 2083 28 35 is
632 2083 149 44 possible
791 2083 54 35 for
856 2095 39 23 us
907 2088 36 30 to
954 2088 162 30 construe
1126 2094 20 24 a
1158 2088 129 30 statute
1298 2094 38 24 so

121 2144 39 24 as
174 2138 36 30 to
224 2138 93 30 meet
331 2133 59 35 the
403 2138 67 30 test
484 2133 39 35 of
534 2134 322 43 constitutionality,
871 2144 51 24 we
936 2133 69 35 will
1019 2133 44 35 do
1077 2144 48 24 so.
1139 2133 152 44 Phillips
1303 2144 31 23 v.

123 2183 184 43 Giddings,
326 2184 65 33 278
410 2184 85 33 Ark.
515 2184 79 40 368,
613 2184 67 34 646
699 2183 143 35 S.W.2d
863 2185 13 32 1
899 2182 139 44 (1983);
1055 2183 119 34 Heber
1188 2184 148 43 Springs

120 2232 137 35 School
268 2234 146 33 District
425 2244 31 23 v.
474 2234 92 33 West
578 2232 87 35 Side
676 2232 135 35 School
821 2234 158 39 District,
993 2233 68 34 269
1075 2233 84 34 Ark.
1178 2233 75 40 148,
1269 2233 66 34 599

122 2282 145 35 S.W.2d
281 2284 63 33 371
363 2282 137 43 (1980);
513 2284 110 33 Davis
633 2294 31 22 v.
680 2284 87 39 Cox,
781 2283 66 34 268
861 2283 85 33 Ark.
961 2283 56 40 78,
1032 2283 65 34 593
1112 2282 143 35 S.W.2d
1271 2283 65 33 180

124 2332 139 42 (1980).

214 2408 180 34 Affirmed.
