1673 2704
1300 262 66 34 559

249 603 119 33 Curtis
387 604 39 32 E.
449 603 138 42 Hogue,
609 602 54 34 for
683 602 202 44 appellants.

246 679 119 39 Davis,
380 679 75 34 Cox
469 679 30 33 &
518 678 143 44 Wright,
674 678 55 44 by:
744 680 194 33 Constance
950 679 39 34 G.
1005 678 121 41 Clark,
1138 678 54 35 for
1203 679 164 44 appellee.

248 755 153 34 Robert
422 756 45 33 H.
490 755 171 41 Dudley,
682 755 141 34 Justice.

844 755 83 34 This
948 756 124 43 appeal
1093 755 28 35 is
1142 755 90 35 from
1252 767 20 23 a
1289 756 81 43 jury

153 804 133 34 verdict
305 805 34 33 in
358 815 20 23 a
397 805 68 34 suit
482 815 80 24 over
581 815 21 23 a
620 815 59 24 car
698 805 122 34 wreck.
841 806 65 33 We
924 805 114 34 affirm
1056 805 60 34 the
1130 805 80 44 jury
1227 805 141 35 verdict.

246 880 199 44 Appellant,
467 880 118 35 Eileen
606 881 143 41 Shaver,
771 892 68 23 was
859 881 134 44 driving
1014 881 61 35 her
1095 882 211 34 automobile
1326 892 43 24 on

156 930 266 35 rain-slickened
438 930 174 44 Highway
626 932 43 33 68
687 942 83 24 near
785 931 140 35 Marble
938 932 100 34 when
1053 942 20 24 a
1088 932 101 34 truck
1202 931 168 44 suddenly

155 979 145 45 stopped
317 980 33 34 in
367 979 92 36 front
475 980 39 34 of
527 980 71 35 her.
616 981 71 34 She
703 992 69 23 was
788 981 127 35 unable
931 986 35 29 to
982 986 77 39 stop
1075 982 61 34 her
1151 992 59 24 car
1225 982 145 34 without

155 1029 128 43 hitting
309 1030 59 34 the
392 1041 76 24 rear
493 1030 39 34 of
555 1030 60 35 the
640 1031 110 34 truck.
778 1030 103 35 Close
905 1031 140 41 behind,
1072 1031 165 44 appellee,
1264 1032 108 34 Mark

156 1079 142 41 Vowell,
322 1090 69 24 was
415 1080 127 35 unable
564 1085 36 30 to
623 1086 77 38 stop
723 1081 52 34 his
799 1091 58 24 car
880 1081 69 34 and
972 1092 63 23 ran
1059 1081 72 35 into
1154 1081 59 35 the
1235 1092 76 24 rear
1334 1081 40 35 of

155 1129 207 43 appellant’s
370 1129 142 35 vehicle.
522 1130 76 34 The
604 1130 82 44 jury
695 1130 108 35 found
814 1131 76 34 that
900 1130 156 45 appellee
1065 1141 69 24 was
1146 1130 79 36 80%
1235 1136 36 29 at
1281 1131 90 35 fault

155 1179 69 34 and
247 1180 175 42 appellant
444 1190 69 24 was
536 1179 81 35 20%
638 1186 36 28 at
696 1180 99 35 fault.
819 1181 175 42 Damages
1016 1180 40 35 of
1075 1182 185 39 $5,718.00
1282 1192 89 23 were

156 1228 162 35 awarded
346 1229 112 35 which
486 1229 152 35 resulted
667 1230 35 34 in
731 1241 20 23 a
776 1230 184 44 judgment
989 1230 39 34 of
1054 1231 197 40 $4,574.86,
1280 1230 91 36 after

155 1277 189 45 deducting
364 1278 59 35 the
443 1278 90 36 20%.

247 1355 189 44 Appellant
448 1356 74 34 first
533 1357 167 34 contends
712 1357 77 35 that
800 1357 97 34 there
908 1368 70 23 was
990 1357 208 35 insufficient
1210 1358 161 34 evidence

155 1409 36 29 to
215 1411 143 37 support
382 1416 20 23 a
426 1405 131 44 finding
581 1406 77 35 that
682 1406 61 35 she
766 1417 70 24 was
860 1412 37 30 at
920 1406 90 36 fault
1034 1412 35 30 to
1093 1418 68 33 any
1184 1408 125 42 degree
1332 1419 37 23 as

155 1455 188 44 compared
370 1460 35 29 to
432 1456 59 34 the
517 1455 90 36 fault
633 1456 40 35 of
697 1456 164 44 appellee.
890 1456 71 35 She
987 1457 187 35 maintains
1201 1457 76 35 that
1303 1468 68 33 any

156 1505 201 43 negligence
365 1516 43 23 on
418 1506 61 34 her
488 1511 78 38 part
574 1505 35 35 in
619 1506 190 44 “tapping”
819 1507 59 34 the
886 1507 101 34 truck
995 1507 35 34 in
1039 1506 93 36 front
1141 1507 39 35 of
1186 1507 60 35 her
1255 1507 62 35 has
1326 1518 44 24 no

155 1554 145 44 bearing
321 1566 44 24 on
387 1555 58 35 the
466 1555 90 36 issue
577 1556 38 34 of
634 1556 201 44 negligence
855 1557 149 35 because
1025 1557 76 35 that
1122 1557 158 35 accident
1301 1568 70 24 was

156 1604 143 44 already
309 1616 79 24 over
399 1606 98 35 when
509 1606 156 44 appellee
675 1617 63 24 ran
749 1607 72 34 into
832 1607 59 34 the
901 1618 77 23 rear
989 1607 40 34 of
1037 1607 61 35 her
1108 1618 70 24 car.
1191 1608 178 41 However,

155 1654 100 35 there
266 1666 71 23 was
350 1655 207 35 substantial
571 1656 163 34 evidence
746 1657 77 34 that
836 1657 59 34 the
907 1667 171 33 sequence
1091 1656 38 35 of
1141 1662 115 29 events
1270 1658 101 34 could

156 1703 44 34 be
218 1705 130 33 viewed
369 1715 37 23 as
426 1716 65 23 one
510 1705 111 35 whole
641 1716 207 24 occurrence
867 1706 112 34 which
1000 1717 70 23 was
1091 1706 161 44 partially
1271 1717 98 24 occa-

155 1753 120 35 sioned
294 1754 148 34 because
459 1754 62 35 she
537 1765 71 24 was
627 1755 175 43 following
820 1755 60 35 the
897 1756 102 34 truck
1016 1756 35 34 in
1070 1756 93 34 front
1181 1756 39 35 of
1235 1756 61 35 her
1313 1761 58 30 too

155 1802 139 44 closely,
313 1814 38 23 or
370 1814 69 24 was
458 1804 168 43 traveling
645 1810 58 29 too
722 1804 80 41 fast,
822 1815 38 24 or
878 1804 59 35 did
956 1810 60 30 not
1035 1810 77 40 stop
1131 1805 60 35 her
1210 1816 59 24 car
1287 1816 83 25 soon

155 1852 149 44 enough.

381 1929 64 34 We
464 1928 44 35 do
528 1934 60 30 not
608 1940 134 24 reverse
761 1930 59 34 the
837 1929 132 35 verdict
988 1929 40 36 of
1044 1941 20 23 a
1080 1930 82 44 jury
1180 1931 30 34 if
1227 1931 96 34 there
1342 1931 28 34 is

155 1978 208 34 substantial
381 1978 162 35 evidence
559 1984 36 29 to
612 1984 143 39 support
772 1980 37 34 it.
826 1979 149 35 Shelton
991 1991 30 22 v.
1039 1982 181 33 Firestone
1240 1982 78 33 Tire
1337 1982 31 33 &

154 2027 146 35 Rubber
309 2028 74 40 Co.,
394 2029 63 34 281
470 2029 85 34 Ark.
571 2029 155 40 100,
736 2029 35 34 662
776 2029 103 34 S.W.2d
888 2030 67 33 473
969 2029 137 44 (1983).
1117 2030 75 34 The
1200 2030 170 43 weighing

155 2076 39 34 of
200 2076 91 35 fault
299 2077 28 34 is
336 2078 188 43 peculiarly
534 2089 20 24 a
560 2078 81 44 jury
650 2079 157 34 function
816 2079 80 41 and,
905 2079 115 35 where
1029 2079 97 35 there
1134 2079 28 35 is
1171 2080 200 43 negligence

155 2126 45 43 by
224 2126 46 35 all
295 2127 138 43 parties,
458 2138 51 24 we
532 2127 68 35 will
624 2128 114 44 rarely
761 2128 134 35 disturb
918 2129 77 35 that
1019 2129 182 44 weighing.
1225 2129 147 35 Harrell

155 2177 151 39 Motors,
322 2179 69 33 Inc.
406 2188 30 24 v.
451 2177 161 44 Flanery,
628 2179 69 33 272
711 2179 85 34 Ark.
815 2179 76 41 105,
906 2179 69 34 612
989 2178 144 36 S.W.2d
1147 2180 67 34 727
1233 2179 136 43 (1981).

154 2226 116 41 Since,
281 2237 45 25 on
337 2228 133 44 appeal,
482 2238 51 24 we
542 2228 85 35 view
638 2228 60 35 the
708 2228 162 36 evidence
880 2229 35 35 in
926 2229 59 35 the
995 2229 87 44 light
1093 2235 91 29 most
1194 2230 177 35 favorable

154 2282 37 29 to
206 2278 167 43 appellee,
387 2289 52 24 we
453 2278 69 35 will
537 2283 61 30 not
612 2290 135 24 reverse
761 2279 60 35 the
831 2279 110 42 jury’s
955 2279 132 42 finding
1102 2280 78 35 that
1195 2281 176 40 appellant

155 2338 70 24 was
247 2327 80 35 20%
348 2333 35 30 at
404 2328 98 35 fault.

247 2404 216 43 Appellants’
482 2410 81 29 next
581 2405 96 43 point
695 2404 53 35 for
766 2405 147 35 reversal
931 2406 28 34 is
977 2406 76 34 that
1071 2406 59 34 the
1143 2406 81 43 jury
1240 2406 131 35 verdict
