1648 2688
306 415 162 44 majority
489 415 61 35 has
571 415 177 44 impliedly
768 415 167 35 endorsed
956 416 76 35 that
1052 416 158 44 position,
1231 416 112 35 which
1364 421 154 39 prompts

306 465 97 35 these
422 471 202 29 comments.

307 275 67 33 296

397 549 39 33 In
449 548 101 34 order
561 553 36 30 to
610 548 113 35 affirm
736 549 58 34 the
806 549 225 34 chancellor’s
1045 549 112 43 ruling
1170 549 83 34 with
1265 554 134 39 respect
1411 554 35 30 to
1459 549 59 35 the

305 598 117 43 public
435 608 147 33 purpose
595 598 101 41 issue,
710 609 62 23 our
785 609 96 24 cases
894 599 136 43 require
1043 610 20 23 a
1077 598 131 43 finding
1221 599 77 34 that
1311 599 59 34 the
1383 599 133 43 legisla-

305 647 68 34 tive
384 647 130 34 branch
525 647 101 34 acted
637 647 197 43 arbitrarily
845 648 69 34 and
924 648 238 43 capriciously.
1173 649 125 32 Purvis
1307 659 30 23 v.
1348 648 166 39 Hubbell,

305 697 141 42 Mayor,
460 697 65 33 273
539 696 84 34 Ark.
639 697 78 40 330,
731 697 67 33 620
810 696 143 34 S.W.2d
966 697 68 33 282
1049 696 137 43 (1981);
1198 697 110 34 Miles
1318 708 30 23 v.
1363 697 153 41 Gordon,

306 746 68 33 234
394 745 85 34 Ark.
503 747 77 39 525,
603 747 65 33 353
691 745 143 35 S.W.2d
860 747 63 33 157
947 745 138 44 (1962);
1105 748 90 32 Kerr
1212 757 31 23 v.
1264 748 88 32 East
1375 747 143 34 Central

303 794 185 35 Arkansas
505 796 166 43 Housing
686 795 201 44 Authority,
908 796 66 33 208
994 796 85 34 Ark.
1100 796 79 41 625,
1203 797 63 33 187
1286 796 143 35 S.W.2d
1452 797 63 34 189

307 844 136 43 (1945).
468 845 39 34 In
529 844 159 45 Murphy
708 856 30 23 v.
762 847 103 42 Epes,
889 846 66 34 283
980 846 84 34 Ark.
1090 847 78 40 517,
1192 847 66 33 678
1282 846 143 34 S.W.2d
1449 847 67 33 352

306 894 125 43 (1984)
453 906 51 23 we
524 894 84 35 said:

432 976 200 43 [W]hether
645 976 193 43 legislation
851 976 119 35 fulfills
983 988 20 23 a
1017 977 116 44 public
1146 988 148 33 purpose
1306 978 28 34 is
1347 989 20 23 a
1381 978 133 43 legisla-

427 1026 68 34 tive
509 1025 152 35 decision
676 1026 68 35 and
759 1037 20 24 a
794 1032 99 29 court
907 1027 68 34 will
990 1038 133 23 reverse
1138 1027 76 35 that
1228 1027 152 35 decision
1395 1028 80 43 only
1489 1028 30 34 if

427 1075 59 35 the
506 1076 198 43 legislature
724 1076 100 35 acted
845 1077 207 44 arbitrarily,
1074 1077 253 44 unreasonably
1347 1088 38 24 or
1404 1078 110 44 capri-

427 1125 140 44 ciously.
582 1126 74 34 The
669 1131 99 29 court
780 1126 123 35 should
917 1132 59 29 not
989 1127 186 34 substitute
1189 1127 42 34 its
1245 1138 76 23 own
1330 1127 185 43 judgment

427 1175 53 35 for
500 1175 77 35 that
596 1175 40 35 of
653 1176 59 34 the
731 1176 208 43 legislature.

393 1258 132 34 Justice
537 1257 148 44 Dudley,
698 1258 204 43 concurring
915 1259 35 34 in
961 1260 125 33 Purvis
1096 1270 31 23 v.
1143 1259 79 43 City
1235 1259 46 44 of
1284 1259 106 35 Little
1401 1259 112 42 Rock,

303 1308 68 33 282
391 1308 85 33 Ark.
502 1308 75 40 102,
599 1308 67 33 667
687 1308 143 34 S.W.2d
851 1309 68 33 936
942 1308 138 42 (1984),
1101 1308 74 35 said
1195 1309 27 34 it
1242 1309 105 43 aptly:

425 1387 75 34 The
519 1387 266 35 determination
805 1388 40 34 of
861 1388 153 34 whether
1034 1399 20 23 a
1075 1389 189 43 municipal
1283 1389 230 43 undertaking

426 1436 118 34 fulfills
556 1447 20 23 a
588 1436 116 44 public
716 1447 147 33 purpose
874 1437 147 44 initially
1032 1438 28 34 is
1072 1449 44 23 an
1128 1438 176 34 executive
1315 1438 151 35 decision
1478 1444 35 29 to

426 1485 42 34 be
478 1485 102 35 made
589 1491 37 29 at
635 1497 21 23 a
666 1486 88 34 local
764 1486 95 35 level.
870 1488 34 33 A
913 1492 99 29 court
1022 1487 27 34 is
1059 1487 151 35 hesitant
1220 1493 35 29 to
1265 1487 156 44 disagree
1430 1488 83 34 with

425 1535 76 35 that
528 1536 88 34 local
643 1535 162 36 decision.
833 1536 244 44 Accordingly,
1105 1548 51 23 we
1182 1537 69 34 will
1278 1549 132 23 reverse
1437 1538 76 35 that

425 1585 151 35 decision
598 1586 79 44 only
699 1585 29 35 if
747 1586 59 35 the
826 1586 89 35 local
936 1592 225 38 government
1182 1587 101 35 acted
1305 1588 207 44 arbitrarily,

424 1636 254 43 unreasonably
697 1647 38 23 or
755 1637 238 43 capriciously.

392 1717 105 40 Here,
513 1717 59 34 the
588 1717 81 43 City
684 1717 39 34 of
737 1718 50 34 Ft.
804 1717 116 35 Smith
936 1723 99 38 spent
1050 1718 97 35 three
1162 1730 99 32 years
1277 1719 68 34 and
1362 1720 150 40 $70,000

301 1766 216 43 considering
539 1766 158 35 methods
720 1767 39 34 of
778 1767 214 44 revitalizing
1015 1768 43 34 its
1081 1768 203 35 downtown.
1308 1770 31 33 It
1362 1769 68 34 had
1453 1769 60 35 the

301 1816 127 34 benefit
446 1816 39 34 of
500 1816 129 35 studies
648 1817 90 34 from
756 1818 131 34 several
905 1823 198 38 competent
1121 1829 147 24 sources.
1288 1819 90 34 Seen
1396 1830 37 23 as
1452 1819 60 34 the

300 1866 112 42 major
431 1866 87 34 need
537 1877 70 23 was
627 1866 59 35 the
706 1867 78 34 lack
802 1867 40 34 of
859 1878 20 23 a
900 1867 249 44 headquarters
1169 1868 92 35 hotel
1282 1869 81 34 with
1384 1869 127 34 overall

299 1916 204 34 convention
529 1916 161 35 facilities
716 1921 35 30 to
777 1917 43 34 be
846 1917 164 44 operated
1037 1917 35 35 in
1098 1918 220 43 conjunction
1344 1918 82 35 with
1452 1919 60 34 the

300 1965 195 44 Municipal
505 1965 234 36 Auditorium.
751 1967 113 34 There
873 1978 70 23 was
953 1978 20 23 a
983 1972 99 38 great
1091 1967 78 35 deal
1179 1968 40 34 of
1225 1968 185 44 testimony
1419 1968 92 35 from

299 2015 280 43 knowledgeable
599 2016 174 34 witnesses
794 2017 166 43 attesting
980 2022 36 29 to
1036 2017 59 34 the
1115 2017 191 35 usefulness
1327 2018 40 34 of
1383 2018 85 34 such
1489 2029 20 24 a

299 2064 144 44 facility,
468 2065 112 34 which
604 2065 59 34 did
688 2071 59 29 not
771 2066 87 34 exist
882 2066 35 34 in
943 2067 51 34 Ft.
1020 2067 126 41 Smith,
1171 2067 69 34 and
1264 2068 163 43 stressing
1451 2068 60 34 the

299 2114 214 44 importance
535 2114 39 35 of
593 2126 20 23 a
635 2115 204 35 convention
862 2121 117 29 center
1001 2117 158 43 complex
1181 2117 34 34 in
1237 2117 196 44 competing
1456 2117 53 35 for

299 2164 122 34 tourist
438 2164 165 35 business.
623 2165 38 34 In
678 2176 87 24 sum:
783 2165 59 35 the
858 2166 158 43 complex
1032 2166 28 34 is
1077 2166 164 44 expected
1258 2172 35 29 to
1309 2172 115 29 create
1441 2168 66 34 225

298 2214 234 34 construction
544 2214 78 43 jobs
638 2215 82 34 with
736 2226 44 23 an
796 2215 184 35 estimated
997 2216 209 41 $5,000,000
1222 2217 128 34 annual
1366 2217 142 43 payroll,

299 2264 68 33 250
384 2269 203 38 permanent
600 2264 78 43 jobs
694 2264 82 35 with
794 2276 44 23 an
855 2265 184 35 estimated
1056 2267 209 40 $3,000,000
1282 2267 128 34 annual
1426 2277 82 33 pay-

298 2313 73 34 roll.
393 2313 75 34 The
488 2314 93 34 hotel
602 2314 68 34 will
692 2314 87 35 have
799 2315 175 43 reception
995 2315 161 35 facilities
1177 2315 54 35 for
1256 2317 99 39 1,600
1376 2317 132 43 people,

298 2362 153 44 banquet
466 2363 160 34 facilities
642 2363 53 35 for
714 2365 111 40 1,200,
841 2375 20 23 a
877 2364 180 41 ballroom,
1073 2365 95 43 eight
1182 2366 151 42 meeting
1348 2376 125 31 rooms,
1489 2377 20 23 a

298 2412 159 35 first-line
466 2412 119 44 dining
594 2423 97 24 room
701 2414 134 43 seating
848 2415 76 40 110,
935 2414 128 35 atrium
1072 2414 119 44 dining
1201 2415 54 34 for
1268 2416 76 40 150,
1355 2426 20 23 a
1385 2415 125 43 lounge
