1632 2696
92 413 171 35 incurred.
283 413 102 34 After
402 424 95 23 some
514 412 237 34 conversation
770 412 60 34 she
847 410 106 36 asked
971 416 35 29 to
1024 410 132 34 borrow
1174 410 52 34 his
1244 420 58 23 car

92 464 77 34 that
183 464 109 43 night,
306 463 62 34 but
381 463 43 34 he
437 462 137 35 refused
588 462 149 34 because
749 462 43 34 he
805 461 68 35 had
887 472 44 23 no
944 461 183 34 insurance
1139 470 44 24 on
1196 459 26 35 it
1235 459 68 35 and

93 514 62 34 she
174 514 59 34 did
253 519 59 28 not
332 514 86 33 have
437 524 20 23 a
477 512 140 35 driver’s
637 512 136 34 license.
795 511 103 34 “And
918 511 105 34 that’s
1043 510 46 34 all
1109 510 76 34 that
1204 510 15 34 I
1239 520 65 23 can

94 564 229 34 remember.”

1237 269 61 33 103

279 649 75 34 The
382 649 175 43 appellant
585 648 74 34 first
687 647 189 43 complains
904 647 77 34 that
1009 646 59 34 the
1095 645 80 35 trial
1199 644 107 44 judge

96 699 132 43 unduly
239 698 178 35 restricted
427 698 52 34 his
489 698 73 34 voir
572 697 74 34 dire
656 697 39 34 of
702 697 59 34 the
767 697 123 43 jurors.
903 696 151 34 Counsel
1065 695 125 43 sought
1199 700 36 29 to
1245 695 62 34 ask

96 760 21 23 a
135 749 146 34 number
297 748 40 34 of
351 747 233 44 hypothetical
601 747 175 44 questions
793 746 106 35 about
915 745 182 35 situations
1114 745 76 34 that
1206 744 100 34 could

97 804 60 29 not
173 799 90 33 arise
278 798 123 42 during
416 798 59 33 the
490 797 90 34 trial.
599 797 65 34 For
680 796 167 43 example,
863 796 52 34 his
931 796 74 33 first
1020 795 158 43 question
1193 799 35 29 to
1243 805 65 23 one

93 848 99 43 juror
205 858 80 24 was:
300 848 94 33 “Mr.
408 848 191 39 Patterson,
613 846 30 34 if
653 857 67 32 you
732 857 89 23 were
833 845 106 34 asked
951 850 36 29 to
999 849 75 30 cast
1087 855 84 32 your
1182 849 78 29 vote
1272 848 36 29 at

98 898 68 34 this
182 897 143 40 minute,
341 896 39 35 of
391 897 86 42 guilt
491 907 38 23 or
544 896 187 34 innocence
745 895 39 34 of
795 896 116 33 James
927 894 164 40 Johnson,
1107 894 75 34 how
1196 893 112 34 would

98 958 68 32 you
190 947 124 34 vote?”
340 946 110 35 Other
475 945 265 44 impermissible
764 945 174 43 questions
963 955 89 23 were
1076 954 37 23 so
1137 943 79 42 long
1241 942 68 35 and

99 997 157 34 involved
280 997 76 34 that
379 1007 50 23 we
452 996 45 34 do
520 1001 60 29 not
603 1000 52 29 set
679 995 96 34 them
797 1000 70 28 out.
893 994 113 34 When
1030 993 59 35 the
1113 997 197 40 prosecutor

99 1046 160 44 objected
271 1052 35 28 to
317 1046 59 34 the
387 1045 141 35 method
539 1045 39 34 of
587 1044 245 41 examination,
844 1044 59 34 the
914 1044 79 34 trial
1001 1043 109 43 judge
1121 1042 102 35 noted
1235 1042 76 34 that

100 1097 60 34 the
186 1096 176 44 questions
388 1106 89 24 were
503 1095 183 43 confusing
712 1100 36 29 to
775 1094 58 35 the
856 1094 124 43 jurors.
1008 1093 75 34 The
1106 1092 107 44 judge
1239 1092 72 34 also

101 1146 182 44 explained
295 1146 34 34 in
340 1157 20 23 a
371 1146 138 43 general
520 1156 76 32 way
607 1145 93 34 what
710 1144 174 44 questions
895 1143 113 35 would
1019 1143 44 34 be
1073 1142 153 35 allowed.
1238 1142 74 34 The

101 1196 237 44 hypothetical
361 1196 174 43 questions
560 1195 139 34 counsel
723 1194 125 43 sought
871 1199 35 29 to
930 1194 62 34 ask
1015 1203 89 24 were
1128 1192 103 35 much
1255 1197 56 29 too

101 1246 152 35 detailed
273 1246 69 34 and
361 1245 111 44 might
491 1245 107 43 easily
618 1245 87 34 have
724 1244 165 34 confused
909 1244 59 34 the
983 1243 91 43 jury.
1096 1243 65 34 We
1179 1242 70 34 find
1269 1252 43 24 no

102 1307 231 32 unnecessary
369 1295 184 35 limitation
589 1294 39 35 of
661 1294 167 35 counsel’s
864 1294 92 43 right
991 1299 36 28 to
1063 1292 158 35 examine
1255 1292 59 34 the

101 1346 209 35 veniremen.

289 1432 146 41 Second,
457 1432 26 34 it
504 1432 28 34 is
554 1430 131 44 argued
707 1430 77 35 that
804 1430 59 35 the
884 1435 98 29 court
1004 1428 122 36 should
1148 1433 59 30 not
1228 1428 87 34 have

104 1482 186 44 permitted
311 1482 59 34 the
390 1481 213 44 prosecutrix
624 1486 36 29 to
681 1480 118 44 testify
820 1480 106 34 about
946 1480 62 34 her
1029 1479 143 34 father’s
1194 1478 121 35 earlier

105 1533 197 33 incestuous
323 1532 161 34 relations
504 1531 83 34 with
608 1531 72 34 her.
701 1530 164 35 Uniform
885 1529 172 35 Evidence
1077 1529 90 34 Rule
1187 1527 126 43 404(b)

105 1581 161 35 excludes
279 1581 102 44 proof
390 1581 38 34 of
438 1592 20 23 a
470 1580 219 35 defendant’s
702 1580 98 34 other
812 1579 123 34 crimes
947 1584 36 29 to
995 1589 103 33 prove
1110 1578 52 34 his
1175 1578 140 34 charac­

105 1637 53 28 ter
183 1631 34 34 in
243 1631 99 34 order
367 1636 35 28 to
427 1631 93 33 show
545 1630 78 34 that
648 1630 44 33 he
716 1629 100 34 acted
841 1629 34 33 in
901 1628 208 42 conformity
1133 1627 82 34 with
1240 1627 76 34 that

105 1681 192 34 character.
309 1681 75 34 The
395 1680 90 34 Rule
496 1680 82 34 then
590 1679 93 43 gives
695 1678 174 44 examples
881 1677 39 35 of
928 1677 215 44 permissible
1154 1687 162 33 purposes

106 1731 34 34 in
160 1731 143 44 proving
322 1731 97 34 other
438 1730 136 40 crimes,
593 1729 86 35 such
698 1740 38 23 as
755 1728 102 44 proof
872 1728 40 34 of
928 1728 137 40 motive,
1085 1726 231 45 opportunity,

106 1781 122 40 intent,
239 1780 68 35 and
318 1791 100 25 soon.
430 1781 65 33 We
505 1780 88 34 have
602 1779 80 43 long
692 1778 79 35 held
781 1779 76 34 that
867 1777 102 44 proof
975 1777 39 34 of
1021 1777 91 44 prior
1122 1777 195 34 incestuous

106 1836 74 28 acts
192 1830 83 34 with
288 1830 58 34 the
356 1841 98 23 same
461 1840 130 32 person
602 1829 28 33 is
642 1828 209 34 admissible.
862 1827 137 34 Adams
1009 1838 30 22 v.
1051 1827 113 39 State,
1177 1827 42 32 78
1232 1826 84 33 Ark.

111 1880 108 40 16,
228 1879 36 34 92
268 1880 55 33 S.W.
338 1878 235 42 1123 (1912).
584 1878 76 34 Our
668 1877 182 42 reasoning
858 1887 70 24 was
937 1875 181 45 explained
1128 1876 34 33 in
1171 1886 21 23 a
1200 1875 118 34 carnal

107 1929 109 34 abuse
239 1939 80 24 case
341 1928 170 42 involving
535 1927 103 44 proof
658 1927 39 34 of
718 1927 91 43 prior
832 1926 131 34 similar
986 1931 74 29 acts
1083 1925 154 34 between
1260 1924 59 34 the

108 1978 140 44 parties,
270 1978 172 34 Williams
456 1989 31 22 v.
504 1977 113 40 State,
640 1978 62 32 103
721 1976 85 34 Ark.
824 1977 55 39 70,
901 1976 63 33 146
982 1975 94 34 S.W.
1094 1975 64 33 471
1182 1973 136 43 (1912):

324 2063 74 34 The
410 2063 186 43 testimony
609 2062 34 34 in
656 2061 158 45 question
826 2072 70 24 was
909 2066 59 29 not
981 2059 203 36 introduced
1197 2059 52 35 for
1262 2059 59 34 the

234 2124 148 34 purpose
399 2113 38 35 of
453 2113 142 45 proving
613 2124 21 23 a
652 2112 213 35 substantive
882 2111 118 41 crime,
1019 2110 62 35 but
1099 2115 35 30 to
1152 2110 92 35 show
1262 2109 59 35 the

235 2164 145 35 relation
390 2164 68 34 and
468 2163 205 44 familiarity
682 2162 39 35 of
727 2163 59 34 the
795 2162 138 44 parties,
943 2161 90 35 their
1042 2160 201 44 disposition
1253 2159 68 35 and

235 2214 206 35 antecedent
452 2213 150 35 conduct
613 2212 149 35 towards
774 2212 86 34 each
871 2212 109 40 other,
993 2211 69 34 and
1074 2221 37 24 as
1123 2210 198 34 corrobora-

235 2264 69 34 tive
319 2263 39 34 of
371 2264 59 33 the
444 2263 186 43 testimony
645 2262 39 34 of
697 2262 59 34 the
771 2261 219 44 prosecuting
1005 2260 137 34 witness
1158 2259 164 42 touching

236 2313 60 35 the
312 2313 107 34 crime
435 2312 151 43 charged
604 2312 34 34 in
656 2312 59 34 the
732 2311 215 34 indictment.
966 2311 32 33 It
1014 2309 138 35 showed
1169 2309 59 34 the
1245 2308 77 34 inti-

237 2373 102 33 macy
351 2362 39 34 of
399 2362 59 35 the
470 2362 139 43 parties,
623 2361 69 34 and
705 2372 70 23 was
788 2360 200 35 admissible
1000 2370 37 23 as
1051 2358 272 42 characterizing

237 2413 60 33 the
305 2412 157 43 previous
472 2417 73 28 acts
556 2411 68 34 and
634 2410 149 35 conduct
792 2410 40 34 of
838 2410 59 34 the
906 2409 128 44 parties
1044 2409 34 33 in
1088 2407 123 43 regard
1221 2412 35 29 to
1265 2407 60 34 the
