<?xml version='1.0' encoding='utf-8'?>
<alto xmlns="http://www.loc.gov/standards/alto/ns-v3#">
  <!--Created by Innodata R.E.D. RLI tool: 2017-04-25 06:27:37.250030-->
  <Description>
    <MeasurementUnit>pixel</MeasurementUnit>
    <sourceImageInformation>
      <fileName>32044078577194_00292_0.tif</fileName>
    </sourceImageInformation>
    <OCRProcessing ID="OP_1">
      <ocrProcessingStep>
        <processingStepDescription>Alto coordinates refer to the deskewed TIFF file. 
		To convert point (x, y) to original image (TIFF or JP2) apply transformation matrix T=(m00, m01, m10, m11, b0, b1) using the rule:
			T * (x,y) = (m00 * x + m01 * y + b0), (m10 * x + m11 * y + b1)</processingStepDescription>
        <processingStepSettings>RED.transform=(0.9999875000260416, -0.004999979166692708, 0.004999979166692708, 0.9999875000260416, 0.22000000000002728, -8.12000000000011)</processingStepSettings>
      </ocrProcessingStep>
    </OCRProcessing>
  </Description>
  <Styles>
    <TextStyle FONTFAMILY="Times New Roman" FONTSIZE="11.00" FONTTYPE="serif" FONTWIDTH="proportional" ID="Style_4"/>
    <TextStyle FONTFAMILY="Times New Roman" FONTSIZE="11.00" FONTSTYLE="italics" FONTTYPE="serif" FONTWIDTH="proportional" ID="Style_5"/>
  </Styles>
  <Tags>
    <StructureTag ID="b582-8" LABEL="p"/>
    <StructureTag ID="b583-4" LABEL="pagelabel"/>
    <StructureTag ID="b583-6" LABEL="p"/>
    <StructureTag ID="b583-7" LABEL="blockquote"/>
    <StructureTag ID="b583-8" LABEL="blockquote"/>
    <StructureTag ID="b583-9" LABEL="p"/>
    <StructureTag ID="b583-10" LABEL="p"/>
  </Tags>
  <Layout>
    <Page HEIGHT="2696" ID="PG_583" PHYSICAL_IMG_NR="583" WIDTH="1661">
      <PrintSpace HEIGHT="2696" HPOS="0" ID="PS_583" VPOS="0" WIDTH="1661">
        <TextBlock HEIGHT="393.0" HPOS="122.0" ID="BL_583.1" TAGREFS="b582-8" VPOS="403.0" WIDTH="1216.0">
          <TextLine HEIGHT="44" HPOS="123" ID="TL_583.1.1" VPOS="403" WIDTH="1210">
            <String CONTENT="medical" HEIGHT="34" HPOS="123" ID="ST_583.1.1.1" STYLEREFS="Style_4" VPOS="403" WIDTH="148" WC="0.84" CC="0000000" TAGREFS=""/>
            <SP HPOS="271" ID="SP_583.1.1.2" VPOS="409" WIDTH="14"/>
            <String CONTENT="payments" HEIGHT="38" HPOS="285" ID="ST_583.1.1.3" STYLEREFS="Style_4" VPOS="409" WIDTH="179" WC="0.98" CC="00000000" TAGREFS=""/>
            <SP HPOS="464" ID="SP_583.1.1.4" VPOS="403" WIDTH="14"/>
            <String CONTENT="made" HEIGHT="35" HPOS="478" ID="ST_583.1.1.5" STYLEREFS="Style_4" VPOS="403" WIDTH="102" WC="1.00" CC="0000" TAGREFS=""/>
            <SP HPOS="580" ID="SP_583.1.1.6" VPOS="403" WIDTH="13"/>
            <String CONTENT="from" HEIGHT="35" HPOS="593" ID="ST_583.1.1.7" STYLEREFS="Style_4" VPOS="403" WIDTH="90" WC="1.00" CC="0000" TAGREFS=""/>
            <SP HPOS="683" ID="SP_583.1.1.8" VPOS="404" WIDTH="13"/>
            <String CONTENT="the" HEIGHT="34" HPOS="696" ID="ST_583.1.1.9" STYLEREFS="Style_4" VPOS="404" WIDTH="59" WC="1.00" CC="000" TAGREFS=""/>
            <SP HPOS="755" ID="SP_583.1.1.10" VPOS="404" WIDTH="13"/>
            <String CONTENT="$20,000" HEIGHT="41" HPOS="768" ID="ST_583.1.1.11" STYLEREFS="Style_4" VPOS="404" WIDTH="150" WC="0.92" CC="0000000" TAGREFS=""/>
            <SP HPOS="918" ID="SP_583.1.1.12" VPOS="404" WIDTH="13"/>
            <String CONTENT="limit" HEIGHT="34" HPOS="931" ID="ST_583.1.1.13" STYLEREFS="Style_4" VPOS="404" WIDTH="89" WC="0.90" CC="00000" TAGREFS=""/>
            <SP HPOS="1020" ID="SP_583.1.1.14" VPOS="404" WIDTH="12"/>
            <String CONTENT="contained" HEIGHT="35" HPOS="1032" ID="ST_583.1.1.15" STYLEREFS="Style_4" VPOS="404" WIDTH="183" WC="0.93" CC="000000000" TAGREFS=""/>
            <SP HPOS="1215" ID="SP_583.1.1.16" VPOS="404" WIDTH="13"/>
            <String CONTENT="in" HEIGHT="34" HPOS="1228" ID="ST_583.1.1.17" STYLEREFS="Style_4" VPOS="404" WIDTH="34" WC="1.00" CC="00" TAGREFS=""/>
            <SP HPOS="1262" ID="SP_583.1.1.18" VPOS="405" WIDTH="12"/>
            <String CONTENT="the" HEIGHT="34" HPOS="1274" ID="ST_583.1.1.19" STYLEREFS="Style_4" VPOS="405" WIDTH="59" WC="1.00" CC="000" TAGREFS=""/>
          </TextLine>
          <TextLine HEIGHT="45" HPOS="122" ID="TL_583.1.2" VPOS="453" WIDTH="1211">
            <String CONTENT="uninsured" HEIGHT="35" HPOS="122" ID="ST_583.1.2.1" STYLEREFS="Style_4" VPOS="453" WIDTH="188" WC="0.94" CC="000000000" TAGREFS=""/>
            <SP HPOS="310" ID="SP_583.1.2.2" VPOS="454" WIDTH="11"/>
            <String CONTENT="motorist" HEIGHT="34" HPOS="321" ID="ST_583.1.2.3" STYLEREFS="Style_4" VPOS="454" WIDTH="155" WC="0.97" CC="00000000" TAGREFS=""/>
            <SP HPOS="476" ID="SP_583.1.2.4" VPOS="453" WIDTH="9"/>
            <String CONTENT="section" HEIGHT="35" HPOS="485" ID="ST_583.1.2.5" STYLEREFS="Style_4" VPOS="453" WIDTH="130" WC="1.00" CC="0000000" TAGREFS=""/>
            <SP HPOS="615" ID="SP_583.1.2.6" VPOS="454" WIDTH="10"/>
            <String CONTENT="of" HEIGHT="34" HPOS="625" ID="ST_583.1.2.7" STYLEREFS="Style_4" VPOS="454" WIDTH="39" WC="1.00" CC="00" TAGREFS=""/>
            <SP HPOS="664" ID="SP_583.1.2.8" VPOS="454" WIDTH="6"/>
            <String CONTENT="the" HEIGHT="35" HPOS="670" ID="ST_583.1.2.9" STYLEREFS="Style_4" VPOS="454" WIDTH="59" WC="1.00" CC="000" TAGREFS=""/>
            <SP HPOS="729" ID="SP_583.1.2.10" VPOS="453" WIDTH="9"/>
            <String CONTENT="policy." HEIGHT="44" HPOS="738" ID="ST_583.1.2.11" STYLEREFS="Style_4" VPOS="453" WIDTH="121" WC="0.99" CC="0000000" TAGREFS=""/>
            <SP HPOS="859" ID="SP_583.1.2.12" VPOS="454" WIDTH="11"/>
            <String CONTENT="Separate" HEIGHT="44" HPOS="870" ID="ST_583.1.2.13" STYLEREFS="Style_4" VPOS="454" WIDTH="169" WC="1.00" CC="00000000" TAGREFS=""/>
            <SP HPOS="1039" ID="SP_583.1.2.14" VPOS="453" WIDTH="9"/>
            <String CONTENT="premiums" HEIGHT="45" HPOS="1048" ID="ST_583.1.2.15" STYLEREFS="Style_4" VPOS="453" WIDTH="187" WC="0.96" CC="00000000" TAGREFS=""/>
            <SP HPOS="1235" ID="SP_583.1.2.16" VPOS="465" WIDTH="9"/>
            <String CONTENT="were" HEIGHT="24" HPOS="1244" ID="ST_583.1.2.17" STYLEREFS="Style_4" VPOS="465" WIDTH="89" WC="1.00" CC="0000" TAGREFS=""/>
          </TextLine>
          <TextLine HEIGHT="45" HPOS="123" ID="TL_583.1.3" VPOS="503" WIDTH="1210">
            <String CONTENT="paid" HEIGHT="43" HPOS="123" ID="ST_583.1.3.1" STYLEREFS="Style_4" VPOS="503" WIDTH="82" WC="0.96" CC="0000" TAGREFS=""/>
            <SP HPOS="205" ID="SP_583.1.3.2" VPOS="503" WIDTH="27"/>
            <String CONTENT="for" HEIGHT="35" HPOS="232" ID="ST_583.1.3.3" STYLEREFS="Style_4" VPOS="503" WIDTH="53" WC="1.00" CC="000" TAGREFS=""/>
            <SP HPOS="285" ID="SP_583.1.3.4" VPOS="503" WIDTH="26"/>
            <String CONTENT="the" HEIGHT="34" HPOS="311" ID="ST_583.1.3.5" STYLEREFS="Style_4" VPOS="503" WIDTH="58" WC="0.90" CC="000" TAGREFS=""/>
            <SP HPOS="369" ID="SP_583.1.3.6" VPOS="503" WIDTH="25"/>
            <String CONTENT="uninsured" HEIGHT="35" HPOS="394" ID="ST_583.1.3.7" STYLEREFS="Style_4" VPOS="503" WIDTH="187" WC="0.93" CC="000000000" TAGREFS=""/>
            <SP HPOS="581" ID="SP_583.1.3.8" VPOS="504" WIDTH="26"/>
            <String CONTENT="motorist" HEIGHT="35" HPOS="607" ID="ST_583.1.3.9" STYLEREFS="Style_4" VPOS="504" WIDTH="158" WC="1.00" CC="00000000" TAGREFS=""/>
            <SP HPOS="765" ID="SP_583.1.3.10" VPOS="505" WIDTH="26"/>
            <String CONTENT="protection" HEIGHT="43" HPOS="791" ID="ST_583.1.3.11" STYLEREFS="Style_4" VPOS="505" WIDTH="190" WC="0.99" CC="0000000000" TAGREFS=""/>
            <SP HPOS="981" ID="SP_583.1.3.12" VPOS="504" WIDTH="27"/>
            <String CONTENT="and" HEIGHT="34" HPOS="1008" ID="ST_583.1.3.13" STYLEREFS="Style_4" VPOS="504" WIDTH="68" WC="0.86" CC="000" TAGREFS=""/>
            <SP HPOS="1076" ID="SP_583.1.3.14" VPOS="504" WIDTH="26"/>
            <String CONTENT="the" HEIGHT="35" HPOS="1102" ID="ST_583.1.3.15" STYLEREFS="Style_4" VPOS="504" WIDTH="59" WC="0.85" CC="000" TAGREFS=""/>
            <SP HPOS="1161" ID="SP_583.1.3.16" VPOS="504" WIDTH="25"/>
            <String CONTENT="medical" HEIGHT="35" HPOS="1186" ID="ST_583.1.3.17" STYLEREFS="Style_4" VPOS="504" WIDTH="147" WC="0.93" CC="0000000" TAGREFS=""/>
          </TextLine>
          <TextLine HEIGHT="44" HPOS="123" ID="TL_583.1.4" VPOS="553" WIDTH="1210">
            <String CONTENT="payments." HEIGHT="38" HPOS="123" ID="ST_583.1.4.1" STYLEREFS="Style_4" VPOS="559" WIDTH="193" WC="0.91" CC="000000000" TAGREFS=""/>
            <SP HPOS="316" ID="SP_583.1.4.2" VPOS="553" WIDTH="21"/>
            <String CONTENT="This" HEIGHT="34" HPOS="337" ID="ST_583.1.4.3" STYLEREFS="Style_4" VPOS="553" WIDTH="82" WC="1.00" CC="0000" TAGREFS=""/>
            <SP HPOS="419" ID="SP_583.1.4.4" VPOS="558" WIDTH="20"/>
            <String CONTENT="court" HEIGHT="30" HPOS="439" ID="ST_583.1.4.5" STYLEREFS="Style_4" VPOS="558" WIDTH="98" WC="0.99" CC="00000" TAGREFS=""/>
            <SP HPOS="537" ID="SP_583.1.4.6" VPOS="554" WIDTH="20"/>
            <String CONTENT="took" HEIGHT="34" HPOS="557" ID="ST_583.1.4.7" STYLEREFS="Style_4" VPOS="554" WIDTH="82" WC="1.00" CC="0000" TAGREFS=""/>
            <SP HPOS="639" ID="SP_583.1.4.8" VPOS="554" WIDTH="19"/>
            <String CONTENT="the" HEIGHT="35" HPOS="658" ID="ST_583.1.4.9" STYLEREFS="Style_4" VPOS="554" WIDTH="59" WC="0.95" CC="000" TAGREFS=""/>
            <SP HPOS="717" ID="SP_583.1.4.10" VPOS="554" WIDTH="19"/>
            <String CONTENT="position" HEIGHT="43" HPOS="736" ID="ST_583.1.4.11" STYLEREFS="Style_4" VPOS="554" WIDTH="146" WC="0.98" CC="00000000" TAGREFS=""/>
            <SP HPOS="882" ID="SP_583.1.4.12" VPOS="554" WIDTH="20"/>
            <String CONTENT="that" HEIGHT="35" HPOS="902" ID="ST_583.1.4.13" STYLEREFS="Style_4" VPOS="554" WIDTH="76" WC="0.87" CC="0000" TAGREFS=""/>
            <SP HPOS="978" ID="SP_583.1.4.14" VPOS="554" WIDTH="20"/>
            <String CONTENT="the" HEIGHT="34" HPOS="998" ID="ST_583.1.4.15" STYLEREFS="Style_4" VPOS="554" WIDTH="59" WC="1.00" CC="000" TAGREFS=""/>
            <SP HPOS="1057" ID="SP_583.1.4.16" VPOS="554" WIDTH="19"/>
            <String CONTENT="deduction" HEIGHT="35" HPOS="1076" ID="ST_583.1.4.17" STYLEREFS="Style_4" VPOS="554" WIDTH="184" WC="0.99" CC="000000000" TAGREFS=""/>
            <SP HPOS="1260" ID="SP_583.1.4.18" VPOS="554" WIDTH="20"/>
            <String CONTENT="for" HEIGHT="35" HPOS="1280" ID="ST_583.1.4.19" STYLEREFS="Style_4" VPOS="554" WIDTH="53" WC="0.91" CC="000" TAGREFS=""/>
          </TextLine>
          <TextLine HEIGHT="45" HPOS="124" ID="TL_583.1.5" VPOS="603" WIDTH="1209">
            <String CONTENT="medical" HEIGHT="35" HPOS="124" ID="ST_583.1.5.1" STYLEREFS="Style_4" VPOS="603" WIDTH="147" WC="0.94" CC="0000000" TAGREFS=""/>
            <SP HPOS="271" ID="SP_583.1.5.2" VPOS="614" WIDTH="16"/>
            <String CONTENT="expenses" HEIGHT="33" HPOS="287" ID="ST_583.1.5.3" STYLEREFS="Style_4" VPOS="614" WIDTH="162" WC="1.00" CC="00000000" TAGREFS=""/>
            <SP HPOS="449" ID="SP_583.1.5.4" VPOS="614" WIDTH="15"/>
            <String CONTENT="was" HEIGHT="24" HPOS="464" ID="ST_583.1.5.5" STYLEREFS="Style_4" VPOS="614" WIDTH="69" WC="0.92" CC="000" TAGREFS=""/>
            <SP HPOS="533" ID="SP_583.1.5.6" VPOS="604" WIDTH="15"/>
            <String CONTENT="in" HEIGHT="34" HPOS="548" ID="ST_583.1.5.7" STYLEREFS="Style_4" VPOS="604" WIDTH="34" WC="0.73" CC="00" TAGREFS=""/>
            <SP HPOS="582" ID="SP_583.1.5.8" VPOS="604" WIDTH="14"/>
            <String CONTENT="derogation" HEIGHT="43" HPOS="596" ID="ST_583.1.5.9" STYLEREFS="Style_4" VPOS="604" WIDTH="202" WC="0.95" CC="0000000000" TAGREFS=""/>
            <SP HPOS="798" ID="SP_583.1.5.10" VPOS="604" WIDTH="13"/>
            <String CONTENT="of" HEIGHT="34" HPOS="811" ID="ST_583.1.5.11" STYLEREFS="Style_4" VPOS="604" WIDTH="40" WC="1.00" CC="00" TAGREFS=""/>
            <SP HPOS="851" ID="SP_583.1.5.12" VPOS="604" WIDTH="10"/>
            <String CONTENT="the" HEIGHT="35" HPOS="861" ID="ST_583.1.5.13" STYLEREFS="Style_4" VPOS="604" WIDTH="59" WC="0.93" CC="000" TAGREFS=""/>
            <SP HPOS="920" ID="SP_583.1.5.14" VPOS="604" WIDTH="13"/>
            <String CONTENT="explicit" HEIGHT="43" HPOS="933" ID="ST_583.1.5.15" STYLEREFS="Style_4" VPOS="604" WIDTH="139" WC="0.98" CC="00000000" TAGREFS=""/>
            <SP HPOS="1072" ID="SP_583.1.5.16" VPOS="604" WIDTH="14"/>
            <String CONTENT="requirements" HEIGHT="44" HPOS="1086" ID="ST_583.1.5.17" STYLEREFS="Style_4" VPOS="604" WIDTH="247" WC="0.95" CC="000000000000" TAGREFS=""/>
          </TextLine>
          <TextLine HEIGHT="45" HPOS="123" ID="TL_583.1.6" VPOS="653" WIDTH="1211">
            <String CONTENT="of" HEIGHT="34" HPOS="123" ID="ST_583.1.6.1" STYLEREFS="Style_4" VPOS="653" WIDTH="40" WC="1.00" CC="00" TAGREFS=""/>
            <SP HPOS="163" ID="SP_583.1.6.2" VPOS="654" WIDTH="19"/>
            <String CONTENT="the" HEIGHT="33" HPOS="182" ID="ST_583.1.6.3" STYLEREFS="Style_4" VPOS="654" WIDTH="60" WC="0.98" CC="000" TAGREFS=""/>
            <SP HPOS="242" ID="SP_583.1.6.4" VPOS="653" WIDTH="22"/>
            <String CONTENT="uninsured" HEIGHT="35" HPOS="264" ID="ST_583.1.6.5" STYLEREFS="Style_4" VPOS="653" WIDTH="186" WC="0.88" CC="000000000" TAGREFS=""/>
            <SP HPOS="450" ID="SP_583.1.6.6" VPOS="653" WIDTH="24"/>
            <String CONTENT="motorist" HEIGHT="35" HPOS="474" ID="ST_583.1.6.7" STYLEREFS="Style_4" VPOS="653" WIDTH="157" WC="0.98" CC="00000000" TAGREFS=""/>
            <SP HPOS="631" ID="SP_583.1.6.8" VPOS="659" WIDTH="23"/>
            <String CONTENT="statute" HEIGHT="29" HPOS="654" ID="ST_583.1.6.9" STYLEREFS="Style_4" VPOS="659" WIDTH="130" WC="1.00" CC="0000000" TAGREFS=""/>
            <SP HPOS="784" ID="SP_583.1.6.10" VPOS="654" WIDTH="22"/>
            <String CONTENT="and" HEIGHT="34" HPOS="806" ID="ST_583.1.6.11" STYLEREFS="Style_4" VPOS="654" WIDTH="68" WC="0.83" CC="000" TAGREFS=""/>
            <SP HPOS="874" ID="SP_583.1.6.12" VPOS="654" WIDTH="23"/>
            <String CONTENT="financial" HEIGHT="34" HPOS="897" ID="ST_583.1.6.13" STYLEREFS="Style_4" VPOS="654" WIDTH="162" WC="0.91" CC="000000000" TAGREFS=""/>
            <SP HPOS="1059" ID="SP_583.1.6.14" VPOS="654" WIDTH="23"/>
            <String CONTENT="responsibility" HEIGHT="44" HPOS="1082" ID="ST_583.1.6.15" STYLEREFS="Style_4" VPOS="654" WIDTH="252" WC="0.95" CC="00000000000000" TAGREFS=""/>
          </TextLine>
          <TextLine HEIGHT="42" HPOS="124" ID="TL_583.1.7" VPOS="703" WIDTH="1214">
            <String CONTENT="laws," HEIGHT="40" HPOS="124" ID="ST_583.1.7.1" STYLEREFS="Style_4" VPOS="703" WIDTH="94" WC="0.87" CC="00000" TAGREFS=""/>
            <SP HPOS="218" ID="SP_583.1.7.2" VPOS="703" WIDTH="27"/>
            <String CONTENT="§§" HEIGHT="42" HPOS="245" ID="ST_583.1.7.3" STYLEREFS="Style_4" VPOS="703" WIDTH="40" WC="0.60" CC="00" TAGREFS=""/>
            <SP HPOS="285" ID="SP_583.1.7.4" VPOS="704" WIDTH="26"/>
            <String CONTENT="64-4003" HEIGHT="33" HPOS="311" ID="ST_583.1.7.5" STYLEREFS="Style_4" VPOS="704" WIDTH="151" WC="0.77" CC="0000000" TAGREFS=""/>
            <SP HPOS="462" ID="SP_583.1.7.6" VPOS="703" WIDTH="26"/>
            <String CONTENT="and" HEIGHT="35" HPOS="488" ID="ST_583.1.7.7" STYLEREFS="Style_4" VPOS="703" WIDTH="68" WC="0.87" CC="000" TAGREFS=""/>
            <SP HPOS="556" ID="SP_583.1.7.8" VPOS="704" WIDTH="23"/>
            <String CONTENT="75-1427," HEIGHT="39" HPOS="579" ID="ST_583.1.7.9" STYLEREFS="Style_4" VPOS="704" WIDTH="166" WC="0.96" CC="00000000" TAGREFS=""/>
            <SP HPOS="745" ID="SP_583.1.7.10" VPOS="703" WIDTH="24"/>
            <String CONTENT="which" HEIGHT="35" HPOS="769" ID="ST_583.1.7.11" STYLEREFS="Style_4" VPOS="703" WIDTH="111" WC="0.73" CC="00000" TAGREFS=""/>
            <SP HPOS="880" ID="SP_583.1.7.12" VPOS="703" WIDTH="23"/>
            <String CONTENT="establish" HEIGHT="35" HPOS="903" ID="ST_583.1.7.13" STYLEREFS="Style_4" VPOS="703" WIDTH="165" WC="0.85" CC="000000000" TAGREFS=""/>
            <SP HPOS="1068" ID="SP_583.1.7.14" VPOS="704" WIDTH="23"/>
            <String CONTENT="the" HEIGHT="34" HPOS="1091" ID="ST_583.1.7.15" STYLEREFS="Style_4" VPOS="704" WIDTH="59" WC="0.85" CC="000" TAGREFS=""/>
            <SP HPOS="1150" ID="SP_583.1.7.16" VPOS="704" WIDTH="21"/>
            <String CONTENT="limits" HEIGHT="34" HPOS="1171" ID="ST_583.1.7.17" STYLEREFS="Style_4" VPOS="704" WIDTH="105" WC="0.91" CC="000000" TAGREFS=""/>
            <SP HPOS="1276" ID="SP_583.1.7.18" VPOS="704" WIDTH="23"/>
            <String CONTENT="of" HEIGHT="34" HPOS="1299" ID="ST_583.1.7.19" STYLEREFS="Style_4" VPOS="704" WIDTH="39" WC="1.00" CC="00" TAGREFS=""/>
          </TextLine>
          <TextLine HEIGHT="44" HPOS="125" ID="TL_583.1.8" VPOS="752" WIDTH="592">
            <String CONTENT="payment" HEIGHT="37" HPOS="125" ID="ST_583.1.8.1" STYLEREFS="Style_4" VPOS="758" WIDTH="165" WC="0.93" CC="0000000" TAGREFS=""/>
            <SP HPOS="290" ID="SP_583.1.8.2" VPOS="752" WIDTH="20"/>
            <String CONTENT="for" HEIGHT="34" HPOS="310" ID="ST_583.1.8.3" STYLEREFS="Style_4" VPOS="752" WIDTH="53" WC="0.92" CC="000" TAGREFS=""/>
            <SP HPOS="363" ID="SP_583.1.8.4" VPOS="753" WIDTH="20"/>
            <String CONTENT="injuries" HEIGHT="43" HPOS="383" ID="ST_583.1.8.5" STYLEREFS="Style_4" VPOS="753" WIDTH="140" WC="0.91" CC="00000000" TAGREFS=""/>
            <SP HPOS="523" ID="SP_583.1.8.6" VPOS="763" WIDTH="21"/>
            <String CONTENT="or" HEIGHT="24" HPOS="544" ID="ST_583.1.8.7" STYLEREFS="Style_4" VPOS="763" WIDTH="38" WC="1.00" CC="00" TAGREFS=""/>
            <SP HPOS="582" ID="SP_583.1.8.8" VPOS="753" WIDTH="20"/>
            <String CONTENT="death." HEIGHT="34" HPOS="602" ID="ST_583.1.8.9" STYLEREFS="Style_4" VPOS="753" WIDTH="115" WC="0.99" CC="000000" TAGREFS=""/>
          </TextLine>
        </TextBlock>
        <TextBlock HEIGHT="33.0" HPOS="1265.0" ID="BL_583.3" TAGREFS="b583-4" VPOS="264.0" WIDTH="65.0">
          <TextLine HEIGHT="33" HPOS="1265" ID="TL_583.3.1" VPOS="264" WIDTH="65">
            <String CONTENT="545" HEIGHT="33" HPOS="1265" ID="ST_583.3.1.1" STYLEREFS="Style_4" VPOS="264" WIDTH="65" WC="0.87" CC="000" TAGREFS=""/>
          </TextLine>
        </TextBlock>
        <TextBlock HEIGHT="242.0" HPOS="124.0" ID="BL_583.4" TAGREFS="b583-6" VPOS="843.0" WIDTH="1213.0">
          <TextLine HEIGHT="45" HPOS="218" ID="TL_583.4.1" VPOS="843" WIDTH="1117">
            <String CONTENT="In" HEIGHT="33" HPOS="218" ID="ST_583.4.1.1" STYLEREFS="Style_4" VPOS="844" WIDTH="38" WC="1.00" CC="00" TAGREFS=""/>
            <SP HPOS="256" ID="SP_583.4.1.2" VPOS="854" WIDTH="15"/>
            <String CONTENT="so" HEIGHT="24" HPOS="271" ID="ST_583.4.1.3" STYLEREFS="Style_4" VPOS="854" WIDTH="37" WC="0.77" CC="00" TAGREFS=""/>
            <SP HPOS="308" ID="SP_583.4.1.4" VPOS="843" WIDTH="16"/>
            <String CONTENT="holding," HEIGHT="44" HPOS="324" ID="ST_583.4.1.5" STYLEREFS="Style_4" VPOS="843" WIDTH="150" WC="0.84" CC="00000000" TAGREFS=""/>
            <SP HPOS="474" ID="SP_583.4.1.6" VPOS="854" WIDTH="15"/>
            <String CONTENT="we" HEIGHT="24" HPOS="489" ID="ST_583.4.1.7" STYLEREFS="Style_4" VPOS="854" WIDTH="51" WC="1.00" CC="00" TAGREFS=""/>
            <SP HPOS="540" ID="SP_583.4.1.8" VPOS="844" WIDTH="15"/>
            <String CONTENT="relied" HEIGHT="34" HPOS="555" ID="ST_583.4.1.9" STYLEREFS="Style_4" VPOS="844" WIDTH="106" WC="0.94" CC="000000" TAGREFS=""/>
            <SP HPOS="661" ID="SP_583.4.1.10" VPOS="855" WIDTH="15"/>
            <String CONTENT="on" HEIGHT="23" HPOS="676" ID="ST_583.4.1.11" STYLEREFS="Style_4" VPOS="855" WIDTH="44" WC="1.00" CC="00" TAGREFS=""/>
            <SP HPOS="720" ID="SP_583.4.1.12" VPOS="843" WIDTH="14"/>
            <String CONTENT="Bacchus" HEIGHT="35" HPOS="734" ID="ST_583.4.1.13" STYLEREFS="Style_5" VPOS="843" WIDTH="160" WC="0.98" CC="0000000" TAGREFS=""/>
            <SP HPOS="894" ID="SP_583.4.1.14" VPOS="855" WIDTH="13"/>
            <String CONTENT="v." HEIGHT="23" HPOS="907" ID="ST_583.4.1.15" STYLEREFS="Style_4" VPOS="855" WIDTH="30" WC="0.96" CC="00" TAGREFS=""/>
            <SP HPOS="937" ID="SP_583.4.1.16" VPOS="845" WIDTH="16"/>
            <String CONTENT="Farmers" HEIGHT="33" HPOS="953" ID="ST_583.4.1.17" STYLEREFS="Style_5" VPOS="845" WIDTH="163" WC="0.92" CC="0000000" TAGREFS=""/>
            <SP HPOS="1116" ID="SP_583.4.1.18" VPOS="845" WIDTH="14"/>
            <String CONTENT="Ins." HEIGHT="34" HPOS="1130" ID="ST_583.4.1.19" STYLEREFS="Style_5" VPOS="845" WIDTH="67" WC="0.81" CC="0000" TAGREFS=""/>
            <SP HPOS="1197" ID="SP_583.4.1.20" VPOS="845" WIDTH="19"/>
            <String CONTENT="Group" HEIGHT="43" HPOS="1216" ID="ST_583.4.1.21" STYLEREFS="Style_5" VPOS="845" WIDTH="119" WC="1.00" CC="00000" TAGREFS=""/>
          </TextLine>
          <TextLine HEIGHT="44" HPOS="124" ID="TL_583.4.2" VPOS="893" WIDTH="1210">
            <String CONTENT="Exchange," HEIGHT="44" HPOS="124" ID="ST_583.4.2.1" STYLEREFS="Style_4" VPOS="893" WIDTH="203" WC="0.90" CC="000000099" TAGREFS=""/>
            <SP HPOS="327" ID="SP_583.4.2.2" VPOS="894" WIDTH="24"/>
            <String CONTENT="475" HEIGHT="33" HPOS="351" ID="ST_583.4.2.3" STYLEREFS="Style_4" VPOS="894" WIDTH="66" WC="0.96" CC="000" TAGREFS=""/>
            <SP HPOS="417" ID="SP_583.4.2.4" VPOS="893" WIDTH="26"/>
            <String CONTENT="P.2d" HEIGHT="35" HPOS="443" ID="ST_583.4.2.5" STYLEREFS="Style_4" VPOS="893" WIDTH="85" WC="0.88" CC="0000" TAGREFS=""/>
            <SP HPOS="528" ID="SP_583.4.2.6" VPOS="894" WIDTH="25"/>
            <String CONTENT="264" HEIGHT="33" HPOS="553" ID="ST_583.4.2.7" STYLEREFS="Style_4" VPOS="894" WIDTH="68" WC="1.00" CC="000" TAGREFS=""/>
            <SP HPOS="621" ID="SP_583.4.2.8" VPOS="893" WIDTH="26"/>
            <String CONTENT="(Ariz." HEIGHT="43" HPOS="647" ID="ST_583.4.2.9" STYLEREFS="Style_4" VPOS="893" WIDTH="112" WC="0.65" CC="000000" TAGREFS=""/>
            <SP HPOS="759" ID="SP_583.4.2.10" VPOS="893" WIDTH="28"/>
            <String CONTENT="1970)" HEIGHT="43" HPOS="787" ID="ST_583.4.2.11" STYLEREFS="Style_4" VPOS="893" WIDTH="103" WC="0.84" CC="00000" TAGREFS=""/>
            <SP HPOS="890" ID="SP_583.4.2.12" VPOS="893" WIDTH="26"/>
            <String CONTENT="where" HEIGHT="35" HPOS="916" ID="ST_583.4.2.13" STYLEREFS="Style_4" VPOS="893" WIDTH="114" WC="0.77" CC="00000" TAGREFS=""/>
            <SP HPOS="1030" ID="SP_583.4.2.14" VPOS="894" WIDTH="23"/>
            <String CONTENT="the" HEIGHT="34" HPOS="1053" ID="ST_583.4.2.15" STYLEREFS="Style_4" VPOS="894" WIDTH="60" WC="0.95" CC="000" TAGREFS=""/>
            <SP HPOS="1113" ID="SP_583.4.2.16" VPOS="899" WIDTH="22"/>
            <String CONTENT="court" HEIGHT="29" HPOS="1135" ID="ST_583.4.2.17" STYLEREFS="Style_4" VPOS="899" WIDTH="99" WC="0.71" CC="00000" TAGREFS=""/>
            <SP HPOS="1234" ID="SP_583.4.2.18" VPOS="904" WIDTH="22"/>
            <String CONTENT="con-" HEIGHT="24" HPOS="1256" ID="ST_583.4.2.19" STYLEREFS="Style_4" VPOS="904" WIDTH="78" WC="0.82" CC="0000" TAGREFS=""/>
          </TextLine>
          <TextLine HEIGHT="44" HPOS="125" ID="TL_583.4.3" VPOS="942" WIDTH="1212">
            <String CONTENT="demned" HEIGHT="35" HPOS="125" ID="ST_583.4.3.1" STYLEREFS="Style_4" VPOS="942" WIDTH="150" WC="0.96" CC="000000" TAGREFS=""/>
            <SP HPOS="275" ID="SP_583.4.3.2" VPOS="942" WIDTH="10"/>
            <String CONTENT="the" HEIGHT="35" HPOS="285" ID="ST_583.4.3.3" STYLEREFS="Style_4" VPOS="942" WIDTH="60" WC="0.99" CC="000" TAGREFS=""/>
            <SP HPOS="345" ID="SP_583.4.3.4" VPOS="943" WIDTH="9"/>
            <String CONTENT="procedure" HEIGHT="43" HPOS="354" ID="ST_583.4.3.5" STYLEREFS="Style_4" VPOS="943" WIDTH="188" WC="1.00" CC="000000000" TAGREFS=""/>
            <SP HPOS="542" ID="SP_583.4.3.6" VPOS="942" WIDTH="10"/>
            <String CONTENT="of" HEIGHT="35" HPOS="552" ID="ST_583.4.3.7" STYLEREFS="Style_4" VPOS="942" WIDTH="39" WC="0.94" CC="00" TAGREFS=""/>
            <SP HPOS="591" ID="SP_583.4.3.8" VPOS="943" WIDTH="7"/>
            <String CONTENT="reducing" HEIGHT="42" HPOS="598" ID="ST_583.4.3.9" STYLEREFS="Style_4" VPOS="943" WIDTH="165" WC="0.91" CC="00000000" TAGREFS=""/>
            <SP HPOS="763" ID="SP_583.4.3.10" VPOS="943" WIDTH="10"/>
            <String CONTENT="the" HEIGHT="34" HPOS="773" ID="ST_583.4.3.11" STYLEREFS="Style_4" VPOS="943" WIDTH="59" WC="1.00" CC="000" TAGREFS=""/>
            <SP HPOS="832" ID="SP_583.4.3.12" VPOS="948" WIDTH="10"/>
            <String CONTENT="amount" HEIGHT="30" HPOS="842" ID="ST_583.4.3.13" STYLEREFS="Style_4" VPOS="948" WIDTH="143" WC="0.97" CC="000000" TAGREFS=""/>
            <SP HPOS="985" ID="SP_583.4.3.14" VPOS="944" WIDTH="10"/>
            <String CONTENT="received" HEIGHT="34" HPOS="995" ID="ST_583.4.3.15" STYLEREFS="Style_4" VPOS="944" WIDTH="155" WC="1.00" CC="00000000" TAGREFS=""/>
            <SP HPOS="1150" ID="SP_583.4.3.16" VPOS="943" WIDTH="10"/>
            <String CONTENT="under" HEIGHT="34" HPOS="1160" ID="ST_583.4.3.17" STYLEREFS="Style_4" VPOS="943" WIDTH="109" WC="0.96" CC="00000" TAGREFS=""/>
            <SP HPOS="1269" ID="SP_583.4.3.18" VPOS="944" WIDTH="9"/>
            <String CONTENT="the" HEIGHT="34" HPOS="1278" ID="ST_583.4.3.19" STYLEREFS="Style_4" VPOS="944" WIDTH="59" WC="0.98" CC="000" TAGREFS=""/>
          </TextLine>
          <TextLine HEIGHT="47" HPOS="126" ID="TL_583.4.4" VPOS="991" WIDTH="1211">
            <String CONTENT="uninsured" HEIGHT="35" HPOS="126" ID="ST_583.4.4.1" STYLEREFS="Style_4" VPOS="991" WIDTH="187" WC="0.99" CC="000000000" TAGREFS=""/>
            <SP HPOS="313" ID="SP_583.4.4.2" VPOS="993" WIDTH="16"/>
            <String CONTENT="motorist" HEIGHT="34" HPOS="329" ID="ST_583.4.4.3" STYLEREFS="Style_4" VPOS="993" WIDTH="156" WC="1.00" CC="00000000" TAGREFS=""/>
            <SP HPOS="485" ID="SP_583.4.4.4" VPOS="992" WIDTH="15"/>
            <String CONTENT="provision" HEIGHT="44" HPOS="500" ID="ST_583.4.4.5" STYLEREFS="Style_4" VPOS="992" WIDTH="171" WC="0.97" CC="000000000" TAGREFS=""/>
            <SP HPOS="671" ID="SP_583.4.4.6" VPOS="993" WIDTH="16"/>
            <String CONTENT="by" HEIGHT="43" HPOS="687" ID="ST_583.4.4.7" STYLEREFS="Style_4" VPOS="993" WIDTH="45" WC="0.94" CC="00" TAGREFS=""/>
            <SP HPOS="732" ID="SP_583.4.4.8" VPOS="992" WIDTH="14"/>
            <String CONTENT="the" HEIGHT="35" HPOS="746" ID="ST_583.4.4.9" STYLEREFS="Style_4" VPOS="992" WIDTH="59" WC="1.00" CC="000" TAGREFS=""/>
            <SP HPOS="805" ID="SP_583.4.4.10" VPOS="998" WIDTH="14"/>
            <String CONTENT="amount" HEIGHT="29" HPOS="819" ID="ST_583.4.4.11" STYLEREFS="Style_4" VPOS="998" WIDTH="143" WC="1.00" CC="000000" TAGREFS=""/>
            <SP HPOS="962" ID="SP_583.4.4.12" VPOS="993" WIDTH="15"/>
            <String CONTENT="already" HEIGHT="44" HPOS="977" ID="ST_583.4.4.13" STYLEREFS="Style_4" VPOS="993" WIDTH="141" WC="0.93" CC="0000000" TAGREFS=""/>
            <SP HPOS="1118" ID="SP_583.4.4.14" VPOS="993" WIDTH="15"/>
            <String CONTENT="paid" HEIGHT="45" HPOS="1133" ID="ST_583.4.4.15" STYLEREFS="Style_4" VPOS="993" WIDTH="80" WC="1.00" CC="0000" TAGREFS=""/>
            <SP HPOS="1213" ID="SP_583.4.4.16" VPOS="993" WIDTH="15"/>
            <String CONTENT="under" HEIGHT="35" HPOS="1228" ID="ST_583.4.4.17" STYLEREFS="Style_4" VPOS="993" WIDTH="109" WC="0.83" CC="00000" TAGREFS=""/>
          </TextLine>
          <TextLine HEIGHT="43" HPOS="125" ID="TL_583.4.5" VPOS="1042" WIDTH="786">
            <String CONTENT="the" HEIGHT="34" HPOS="125" ID="ST_583.4.5.1" STYLEREFS="Style_4" VPOS="1042" WIDTH="60" WC="1.00" CC="000" TAGREFS=""/>
            <SP HPOS="185" ID="SP_583.4.5.2" VPOS="1042" WIDTH="21"/>
            <String CONTENT="medical" HEIGHT="34" HPOS="206" ID="ST_583.4.5.3" STYLEREFS="Style_4" VPOS="1042" WIDTH="147" WC="0.92" CC="0000000" TAGREFS=""/>
            <SP HPOS="353" ID="SP_583.4.5.4" VPOS="1047" WIDTH="21"/>
            <String CONTENT="payments" HEIGHT="38" HPOS="374" ID="ST_583.4.5.5" STYLEREFS="Style_4" VPOS="1047" WIDTH="180" WC="0.92" CC="00000000" TAGREFS=""/>
            <SP HPOS="554" ID="SP_583.4.5.6" VPOS="1042" WIDTH="21"/>
            <String CONTENT="clause" HEIGHT="35" HPOS="575" ID="ST_583.4.5.7" STYLEREFS="Style_4" VPOS="1042" WIDTH="117" WC="0.89" CC="000000" TAGREFS=""/>
            <SP HPOS="692" ID="SP_583.4.5.8" VPOS="1053" WIDTH="20"/>
            <String CONTENT="as" HEIGHT="24" HPOS="712" ID="ST_583.4.5.9" STYLEREFS="Style_4" VPOS="1053" WIDTH="37" WC="1.00" CC="00" TAGREFS=""/>
            <SP HPOS="749" ID="SP_583.4.5.10" VPOS="1042" WIDTH="21"/>
            <String CONTENT="follows:" HEIGHT="35" HPOS="770" ID="ST_583.4.5.11" STYLEREFS="Style_4" VPOS="1042" WIDTH="141" WC="0.96" CC="00000000" TAGREFS=""/>
          </TextLine>
        </TextBlock>
        <TextBlock HEIGHT="195.0" HPOS="251.0" ID="BL_583.5" TAGREFS="b583-7" VPOS="1133.0" WIDTH="1087.0">
          <TextLine HEIGHT="45" HPOS="251" ID="TL_583.5.1" VPOS="1133" WIDTH="1087">
            <String CONTENT="Permitting" HEIGHT="44" HPOS="251" ID="ST_583.5.1.1" STYLEREFS="Style_4" VPOS="1133" WIDTH="204" WC="0.93" CC="0000000000" TAGREFS=""/>
            <SP HPOS="455" ID="SP_583.5.1.2" VPOS="1133" WIDTH="20"/>
            <String CONTENT="offsets" HEIGHT="35" HPOS="475" ID="ST_583.5.1.3" STYLEREFS="Style_4" VPOS="1133" WIDTH="119" WC="0.78" CC="0000000" TAGREFS=""/>
            <SP HPOS="594" ID="SP_583.5.1.4" VPOS="1134" WIDTH="21"/>
            <String CONTENT="of" HEIGHT="34" HPOS="615" ID="ST_583.5.1.5" STYLEREFS="Style_4" VPOS="1134" WIDTH="40" WC="1.00" CC="00" TAGREFS=""/>
            <SP HPOS="655" ID="SP_583.5.1.6" VPOS="1145" WIDTH="17"/>
            <String CONTENT="any" HEIGHT="33" HPOS="672" ID="ST_583.5.1.7" STYLEREFS="Style_4" VPOS="1145" WIDTH="68" WC="0.75" CC="000" TAGREFS=""/>
            <SP HPOS="740" ID="SP_583.5.1.8" VPOS="1139" WIDTH="19"/>
            <String CONTENT="type" HEIGHT="38" HPOS="759" ID="ST_583.5.1.9" STYLEREFS="Style_4" VPOS="1139" WIDTH="80" WC="1.00" CC="0000" TAGREFS=""/>
            <SP HPOS="839" ID="SP_583.5.1.10" VPOS="1134" WIDTH="19"/>
            <String CONTENT="would" HEIGHT="35" HPOS="858" ID="ST_583.5.1.11" STYLEREFS="Style_4" VPOS="1134" WIDTH="113" WC="0.89" CC="00000" TAGREFS=""/>
            <SP HPOS="971" ID="SP_583.5.1.12" VPOS="1134" WIDTH="21"/>
            <String CONTENT="allow" HEIGHT="35" HPOS="992" ID="ST_583.5.1.13" STYLEREFS="Style_4" VPOS="1134" WIDTH="100" WC="0.99" CC="00000" TAGREFS=""/>
            <SP HPOS="1092" ID="SP_583.5.1.14" VPOS="1135" WIDTH="20"/>
            <String CONTENT="insurers," HEIGHT="40" HPOS="1112" ID="ST_583.5.1.15" STYLEREFS="Style_4" VPOS="1135" WIDTH="160" WC="0.91" CC="000000000" TAGREFS=""/>
            <SP HPOS="1272" ID="SP_583.5.1.16" VPOS="1135" WIDTH="21"/>
            <String CONTENT="by" HEIGHT="43" HPOS="1293" ID="ST_583.5.1.17" STYLEREFS="Style_4" VPOS="1135" WIDTH="45" WC="0.92" CC="00" TAGREFS=""/>
          </TextLine>
          <TextLine HEIGHT="46" HPOS="251" ID="TL_583.5.2" VPOS="1183" WIDTH="1087">
            <String CONTENT="contract," HEIGHT="36" HPOS="251" ID="ST_583.5.2.1" STYLEREFS="Style_4" VPOS="1188" WIDTH="167" WC="0.94" CC="000000000" TAGREFS=""/>
            <SP HPOS="418" ID="SP_583.5.2.2" VPOS="1189" WIDTH="10"/>
            <String CONTENT="to" HEIGHT="29" HPOS="428" ID="ST_583.5.2.3" STYLEREFS="Style_4" VPOS="1189" WIDTH="36" WC="1.00" CC="00" TAGREFS=""/>
            <SP HPOS="464" ID="SP_583.5.2.4" VPOS="1184" WIDTH="10"/>
            <String CONTENT="alter" HEIGHT="34" HPOS="474" ID="ST_583.5.2.5" STYLEREFS="Style_4" VPOS="1184" WIDTH="87" WC="1.00" CC="00000" TAGREFS=""/>
            <SP HPOS="561" ID="SP_583.5.2.6" VPOS="1183" WIDTH="11"/>
            <String CONTENT="the" HEIGHT="35" HPOS="572" ID="ST_583.5.2.7" STYLEREFS="Style_4" VPOS="1183" WIDTH="59" WC="0.84" CC="000" TAGREFS=""/>
            <SP HPOS="631" ID="SP_583.5.2.8" VPOS="1183" WIDTH="10"/>
            <String CONTENT="provisions" HEIGHT="44" HPOS="641" ID="ST_583.5.2.9" STYLEREFS="Style_4" VPOS="1183" WIDTH="186" WC="1.00" CC="0000000000" TAGREFS=""/>
            <SP HPOS="827" ID="SP_583.5.2.10" VPOS="1184" WIDTH="11"/>
            <String CONTENT="of" HEIGHT="34" HPOS="838" ID="ST_583.5.2.11" STYLEREFS="Style_4" VPOS="1184" WIDTH="39" WC="1.00" CC="00" TAGREFS=""/>
            <SP HPOS="877" ID="SP_583.5.2.12" VPOS="1185" WIDTH="6"/>
            <String CONTENT="the" HEIGHT="34" HPOS="883" ID="ST_583.5.2.13" STYLEREFS="Style_4" VPOS="1185" WIDTH="59" WC="0.91" CC="000" TAGREFS=""/>
            <SP HPOS="942" ID="SP_583.5.2.14" VPOS="1189" WIDTH="10"/>
            <String CONTENT="statute" HEIGHT="30" HPOS="952" ID="ST_583.5.2.15" STYLEREFS="Style_4" VPOS="1189" WIDTH="130" WC="0.94" CC="0000000" TAGREFS=""/>
            <SP HPOS="1082" ID="SP_583.5.2.16" VPOS="1184" WIDTH="10"/>
            <String CONTENT="and" HEIGHT="35" HPOS="1092" ID="ST_583.5.2.17" STYLEREFS="Style_4" VPOS="1184" WIDTH="68" WC="0.85" CC="000" TAGREFS=""/>
            <SP HPOS="1160" ID="SP_583.5.2.18" VPOS="1189" WIDTH="10"/>
            <String CONTENT="to" HEIGHT="30" HPOS="1170" ID="ST_583.5.2.19" STYLEREFS="Style_4" VPOS="1189" WIDTH="36" WC="1.00" CC="00" TAGREFS=""/>
            <SP HPOS="1206" ID="SP_583.5.2.20" VPOS="1195" WIDTH="10"/>
            <String CONTENT="escape" HEIGHT="34" HPOS="1216" ID="ST_583.5.2.21" STYLEREFS="Style_4" VPOS="1195" WIDTH="122" WC="0.92" CC="000000" TAGREFS=""/>
          </TextLine>
          <TextLine HEIGHT="45" HPOS="252" ID="TL_583.5.3" VPOS="1233" WIDTH="1085">
            <String CONTENT="all" HEIGHT="34" HPOS="252" ID="ST_583.5.3.1" STYLEREFS="Style_4" VPOS="1234" WIDTH="45" WC="0.86" CC="000" TAGREFS=""/>
            <SP HPOS="297" ID="SP_583.5.3.2" VPOS="1243" WIDTH="14"/>
            <String CONTENT="or" HEIGHT="24" HPOS="311" ID="ST_583.5.3.3" STYLEREFS="Style_4" VPOS="1243" WIDTH="38" WC="1.00" CC="00" TAGREFS=""/>
            <SP HPOS="349" ID="SP_583.5.3.4" VPOS="1239" WIDTH="14"/>
            <String CONTENT="part" HEIGHT="38" HPOS="363" ID="ST_583.5.3.5" STYLEREFS="Style_4" VPOS="1239" WIDTH="76" WC="0.98" CC="0000" TAGREFS=""/>
            <SP HPOS="439" ID="SP_583.5.3.6" VPOS="1233" WIDTH="14"/>
            <String CONTENT="of" HEIGHT="35" HPOS="453" ID="ST_583.5.3.7" STYLEREFS="Style_4" VPOS="1233" WIDTH="39" WC="1.00" CC="00" TAGREFS=""/>
            <SP HPOS="492" ID="SP_583.5.3.8" VPOS="1233" WIDTH="11"/>
            <String CONTENT="the" HEIGHT="35" HPOS="503" ID="ST_583.5.3.9" STYLEREFS="Style_4" VPOS="1233" WIDTH="59" WC="0.95" CC="000" TAGREFS=""/>
            <SP HPOS="562" ID="SP_583.5.3.10" VPOS="1233" WIDTH="14"/>
            <String CONTENT="liability," HEIGHT="45" HPOS="576" ID="ST_583.5.3.11" STYLEREFS="Style_4" VPOS="1233" WIDTH="157" WC="0.97" CC="0000000000" TAGREFS=""/>
            <SP HPOS="733" ID="SP_583.5.3.12" VPOS="1233" WIDTH="15"/>
            <String CONTENT="which" HEIGHT="35" HPOS="748" ID="ST_583.5.3.13" STYLEREFS="Style_4" VPOS="1233" WIDTH="111" WC="0.92" CC="00000" TAGREFS=""/>
            <SP HPOS="859" ID="SP_583.5.3.14" VPOS="1235" WIDTH="14"/>
            <String CONTENT="the" HEIGHT="34" HPOS="873" ID="ST_583.5.3.15" STYLEREFS="Style_4" VPOS="1235" WIDTH="59" WC="0.99" CC="000" TAGREFS=""/>
            <SP HPOS="932" ID="SP_583.5.3.16" VPOS="1234" WIDTH="14"/>
            <String CONTENT="Legislature" HEIGHT="43" HPOS="946" ID="ST_583.5.3.17" STYLEREFS="Style_4" VPOS="1234" WIDTH="216" WC="0.93" CC="00000000000" TAGREFS=""/>
            <SP HPOS="1162" ID="SP_583.5.3.18" VPOS="1234" WIDTH="13"/>
            <String CONTENT="intended" HEIGHT="36" HPOS="1175" ID="ST_583.5.3.19" STYLEREFS="Style_4" VPOS="1234" WIDTH="162" WC="0.91" CC="00000000" TAGREFS=""/>
          </TextLine>
          <TextLine HEIGHT="45" HPOS="251" ID="TL_583.5.4" VPOS="1283" WIDTH="463">
            <String CONTENT="they" HEIGHT="42" HPOS="251" ID="ST_583.5.4.1" STYLEREFS="Style_4" VPOS="1284" WIDTH="82" WC="0.87" CC="0000" TAGREFS=""/>
            <SP HPOS="333" ID="SP_583.5.4.2" VPOS="1283" WIDTH="20"/>
            <String CONTENT="should" HEIGHT="35" HPOS="353" ID="ST_583.5.4.3" STYLEREFS="Style_4" VPOS="1283" WIDTH="121" WC="0.92" CC="000000" TAGREFS=""/>
            <SP HPOS="474" ID="SP_583.5.4.4" VPOS="1283" WIDTH="21"/>
            <String CONTENT="provide." HEIGHT="45" HPOS="495" ID="ST_583.5.4.5" STYLEREFS="Style_4" VPOS="1283" WIDTH="150" WC="1.00" CC="00000000" TAGREFS=""/>
            <SP HPOS="645" ID="SP_583.5.4.6" VPOS="1312" WIDTH="28"/>
            <String CONTENT="." HEIGHT="6" HPOS="673" ID="ST_583.5.4.7" STYLEREFS="Style_4" VPOS="1312" WIDTH="6" WC="1.00" CC="9" TAGREFS=""/>
            <SP HPOS="679" ID="SP_583.5.4.8" VPOS="1312" WIDTH="29"/>
            <String CONTENT="." HEIGHT="7" HPOS="708" ID="ST_583.5.4.9" STYLEREFS="Style_4" VPOS="1312" WIDTH="6" WC="1.00" CC="9" TAGREFS=""/>
          </TextLine>
        </TextBlock>
        <TextBlock HEIGHT="590.0" HPOS="252.0" ID="BL_583.6" TAGREFS="b583-8" VPOS="1376.0" WIDTH="1088.0">
          <TextLine HEIGHT="44" HPOS="253" ID="TL_583.6.1" VPOS="1376" WIDTH="1085">
            <String CONTENT="By" HEIGHT="43" HPOS="253" ID="ST_583.6.1.1" STYLEREFS="Style_4" VPOS="1376" WIDTH="51" WC="0.79" CC="00" TAGREFS=""/>
            <SP HPOS="304" ID="SP_583.6.1.2" VPOS="1385" WIDTH="17"/>
            <String CONTENT="our" HEIGHT="24" HPOS="321" ID="ST_583.6.1.3" STYLEREFS="Style_4" VPOS="1385" WIDTH="62" WC="0.96" CC="000" TAGREFS=""/>
            <SP HPOS="383" ID="SP_583.6.1.4" VPOS="1381" WIDTH="17"/>
            <String CONTENT="statute" HEIGHT="30" HPOS="400" ID="ST_583.6.1.5" STYLEREFS="Style_4" VPOS="1381" WIDTH="129" WC="1.00" CC="0000000" TAGREFS=""/>
            <SP HPOS="529" ID="SP_583.6.1.6" VPOS="1376" WIDTH="17"/>
            <String CONTENT="against" HEIGHT="43" HPOS="546" ID="ST_583.6.1.7" STYLEREFS="Style_4" VPOS="1376" WIDTH="137" WC="0.98" CC="0000000" TAGREFS=""/>
            <SP HPOS="683" ID="SP_583.6.1.8" VPOS="1376" WIDTH="17"/>
            <String CONTENT="financially" HEIGHT="44" HPOS="700" ID="ST_583.6.1.9" STYLEREFS="Style_4" VPOS="1376" WIDTH="197" WC="0.93" CC="00000000000" TAGREFS=""/>
            <SP HPOS="897" ID="SP_583.6.1.10" VPOS="1377" WIDTH="17"/>
            <String CONTENT="irresponsible" HEIGHT="43" HPOS="914" ID="ST_583.6.1.11" STYLEREFS="Style_4" VPOS="1377" WIDTH="242" WC="0.95" CC="0000000000000" TAGREFS=""/>
            <SP HPOS="1156" ID="SP_583.6.1.12" VPOS="1376" WIDTH="16"/>
            <String CONTENT="drivers" HEIGHT="35" HPOS="1172" ID="ST_583.6.1.13" STYLEREFS="Style_4" VPOS="1376" WIDTH="128" WC="0.92" CC="0000000" TAGREFS=""/>
            <SP HPOS="1300" ID="SP_583.6.1.14" VPOS="1388" WIDTH="18"/>
            <String CONTENT="a" HEIGHT="24" HPOS="1318" ID="ST_583.6.1.15" STYLEREFS="Style_4" VPOS="1388" WIDTH="20" WC="1.00" CC="0" TAGREFS=""/>
          </TextLine>
          <TextLine HEIGHT="44" HPOS="252" ID="TL_583.6.2" VPOS="1425" WIDTH="1085">
            <String CONTENT="minimum" HEIGHT="35" HPOS="252" ID="ST_583.6.2.1" STYLEREFS="Style_4" VPOS="1425" WIDTH="183" WC="0.90" CC="0000000" TAGREFS=""/>
            <SP HPOS="435" ID="SP_583.6.2.2" VPOS="1437" WIDTH="35"/>
            <String CONTENT="coverage" HEIGHT="32" HPOS="470" ID="ST_583.6.2.3" STYLEREFS="Style_4" VPOS="1437" WIDTH="167" WC="1.00" CC="00000000" TAGREFS=""/>
            <SP HPOS="637" ID="SP_583.6.2.4" VPOS="1431" WIDTH="35"/>
            <String CONTENT="must" HEIGHT="30" HPOS="672" ID="ST_583.6.2.5" STYLEREFS="Style_4" VPOS="1431" WIDTH="92" WC="1.00" CC="0000" TAGREFS=""/>
            <SP HPOS="764" ID="SP_583.6.2.6" VPOS="1426" WIDTH="36"/>
            <String CONTENT="be" HEIGHT="35" HPOS="800" ID="ST_583.6.2.7" STYLEREFS="Style_4" VPOS="1426" WIDTH="42" WC="1.00" CC="00" TAGREFS=""/>
            <SP HPOS="842" ID="SP_583.6.2.8" VPOS="1426" WIDTH="35"/>
            <String CONTENT="made" HEIGHT="35" HPOS="877" ID="ST_583.6.2.9" STYLEREFS="Style_4" VPOS="1426" WIDTH="102" WC="1.00" CC="0000" TAGREFS=""/>
            <SP HPOS="979" ID="SP_583.6.2.10" VPOS="1427" WIDTH="35"/>
            <String CONTENT="available" HEIGHT="35" HPOS="1014" ID="ST_583.6.2.11" STYLEREFS="Style_4" VPOS="1427" WIDTH="170" WC="1.00" CC="000000000" TAGREFS=""/>
            <SP HPOS="1184" ID="SP_583.6.2.12" VPOS="1432" WIDTH="35"/>
            <String CONTENT="to" HEIGHT="29" HPOS="1219" ID="ST_583.6.2.13" STYLEREFS="Style_4" VPOS="1432" WIDTH="35" WC="1.00" CC="00" TAGREFS=""/>
            <SP HPOS="1254" ID="SP_583.6.2.14" VPOS="1427" WIDTH="34"/>
            <String CONTENT="in-" HEIGHT="35" HPOS="1288" ID="ST_583.6.2.15" STYLEREFS="Style_4" VPOS="1427" WIDTH="49" WC="1.00" CC="000" TAGREFS=""/>
          </TextLine>
          <TextLine HEIGHT="37" HPOS="252" ID="TL_583.6.3" VPOS="1475" WIDTH="1087">
            <String CONTENT="sureds." HEIGHT="35" HPOS="252" ID="ST_583.6.3.1" STYLEREFS="Style_4" VPOS="1475" WIDTH="129" WC="0.95" CC="0000000" TAGREFS=""/>
            <SP HPOS="381" ID="SP_583.6.3.2" VPOS="1503" WIDTH="28"/>
            <String CONTENT="." HEIGHT="7" HPOS="409" ID="ST_583.6.3.3" STYLEREFS="Style_4" VPOS="1503" WIDTH="6" WC="1.00" CC="9" TAGREFS=""/>
            <SP HPOS="415" ID="SP_583.6.3.4" VPOS="1504" WIDTH="28"/>
            <String CONTENT="." HEIGHT="6" HPOS="443" ID="ST_583.6.3.5" STYLEREFS="Style_4" VPOS="1504" WIDTH="6" WC="1.00" CC="9" TAGREFS=""/>
            <SP HPOS="449" ID="SP_583.6.3.6" VPOS="1476" WIDTH="23"/>
            <String CONTENT="The" HEIGHT="35" HPOS="472" ID="ST_583.6.3.7" STYLEREFS="Style_4" VPOS="1476" WIDTH="74" WC="0.86" CC="000" TAGREFS=""/>
            <SP HPOS="546" ID="SP_583.6.3.8" VPOS="1475" WIDTH="21"/>
            <String CONTENT="fact" HEIGHT="36" HPOS="567" ID="ST_583.6.3.9" STYLEREFS="Style_4" VPOS="1475" WIDTH="72" WC="1.00" CC="0000" TAGREFS=""/>
            <SP HPOS="639" ID="SP_583.6.3.10" VPOS="1477" WIDTH="21"/>
            <String CONTENT="that" HEIGHT="34" HPOS="660" ID="ST_583.6.3.11" STYLEREFS="Style_4" VPOS="1477" WIDTH="78" WC="0.88" CC="0000" TAGREFS=""/>
            <SP HPOS="738" ID="SP_583.6.3.12" VPOS="1476" WIDTH="21"/>
            <String CONTENT="the" HEIGHT="35" HPOS="759" ID="ST_583.6.3.13" STYLEREFS="Style_4" VPOS="1476" WIDTH="58" WC="1.00" CC="000" TAGREFS=""/>
            <SP HPOS="817" ID="SP_583.6.3.14" VPOS="1476" WIDTH="21"/>
            <String CONTENT="motorist" HEIGHT="35" HPOS="838" ID="ST_583.6.3.15" STYLEREFS="Style_4" VPOS="1476" WIDTH="157" WC="0.92" CC="00000000" TAGREFS=""/>
            <SP HPOS="995" ID="SP_583.6.3.16" VPOS="1488" WIDTH="21"/>
            <String CONTENT="sees" HEIGHT="23" HPOS="1016" ID="ST_583.6.3.17" STYLEREFS="Style_4" VPOS="1488" WIDTH="73" WC="1.00" CC="0000" TAGREFS=""/>
            <SP HPOS="1089" ID="SP_583.6.3.18" VPOS="1477" WIDTH="22"/>
            <String CONTENT="fit" HEIGHT="35" HPOS="1111" ID="ST_583.6.3.19" STYLEREFS="Style_4" VPOS="1477" WIDTH="38" WC="0.77" CC="000" TAGREFS=""/>
            <SP HPOS="1149" ID="SP_583.6.3.20" VPOS="1482" WIDTH="21"/>
            <String CONTENT="to" HEIGHT="29" HPOS="1170" ID="ST_583.6.3.21" STYLEREFS="Style_4" VPOS="1482" WIDTH="35" WC="1.00" CC="00" TAGREFS=""/>
            <SP HPOS="1205" ID="SP_583.6.3.22" VPOS="1477" WIDTH="21"/>
            <String CONTENT="clothe" HEIGHT="35" HPOS="1226" ID="ST_583.6.3.23" STYLEREFS="Style_4" VPOS="1477" WIDTH="113" WC="0.87" CC="000000" TAGREFS=""/>
          </TextLine>
          <TextLine HEIGHT="45" HPOS="252" ID="TL_583.6.4" VPOS="1525" WIDTH="1085">
            <String CONTENT="himself" HEIGHT="35" HPOS="252" ID="ST_583.6.4.1" STYLEREFS="Style_4" VPOS="1525" WIDTH="141" WC="0.92" CC="0000000" TAGREFS=""/>
            <SP HPOS="393" ID="SP_583.6.4.2" VPOS="1526" WIDTH="15"/>
            <String CONTENT="with" HEIGHT="34" HPOS="408" ID="ST_583.6.4.3" STYLEREFS="Style_4" VPOS="1526" WIDTH="82" WC="1.00" CC="0000" TAGREFS=""/>
            <SP HPOS="490" ID="SP_583.6.4.4" VPOS="1526" WIDTH="18"/>
            <String CONTENT="other" HEIGHT="34" HPOS="508" ID="ST_583.6.4.5" STYLEREFS="Style_4" VPOS="1526" WIDTH="99" WC="0.89" CC="00000" TAGREFS=""/>
            <SP HPOS="607" ID="SP_583.6.4.6" VPOS="1526" WIDTH="18"/>
            <String CONTENT="insurance" HEIGHT="34" HPOS="625" ID="ST_583.6.4.7" STYLEREFS="Style_4" VPOS="1526" WIDTH="184" WC="0.98" CC="000000000" TAGREFS=""/>
            <SP HPOS="809" ID="SP_583.6.4.8" VPOS="1526" WIDTH="17"/>
            <String CONTENT="protection" HEIGHT="44" HPOS="826" ID="ST_583.6.4.9" STYLEREFS="Style_4" VPOS="1526" WIDTH="191" WC="0.90" CC="0000000000" TAGREFS=""/>
            <SP HPOS="1017" ID="SP_583.6.4.10" VPOS="1527" WIDTH="19"/>
            <String CONTENT="and" HEIGHT="34" HPOS="1036" ID="ST_583.6.4.11" STYLEREFS="Style_4" VPOS="1527" WIDTH="68" WC="1.00" CC="000" TAGREFS=""/>
            <SP HPOS="1104" ID="SP_583.6.4.12" VPOS="1537" WIDTH="19"/>
            <String CONTENT="pays" HEIGHT="33" HPOS="1123" ID="ST_583.6.4.13" STYLEREFS="Style_4" VPOS="1537" WIDTH="83" WC="0.87" CC="0000" TAGREFS=""/>
            <SP HPOS="1206" ID="SP_583.6.4.14" VPOS="1538" WIDTH="19"/>
            <String CONTENT="a" HEIGHT="23" HPOS="1225" ID="ST_583.6.4.15" STYLEREFS="Style_4" VPOS="1538" WIDTH="20" WC="1.00" CC="0" TAGREFS=""/>
            <SP HPOS="1245" ID="SP_583.6.4.16" VPOS="1537" WIDTH="19"/>
            <String CONTENT="pre-" HEIGHT="33" HPOS="1264" ID="ST_583.6.4.17" STYLEREFS="Style_4" VPOS="1537" WIDTH="73" WC="1.00" CC="0000" TAGREFS=""/>
          </TextLine>
          <TextLine HEIGHT="45" HPOS="252" ID="TL_583.6.5" VPOS="1575" WIDTH="1087">
            <String CONTENT="mium" HEIGHT="34" HPOS="252" ID="ST_583.6.5.1" STYLEREFS="Style_4" VPOS="1575" WIDTH="110" WC="0.98" CC="0000" TAGREFS=""/>
            <SP HPOS="362" ID="SP_583.6.5.2" VPOS="1575" WIDTH="12"/>
            <String CONTENT="therefor" HEIGHT="35" HPOS="374" ID="ST_583.6.5.3" STYLEREFS="Style_4" VPOS="1575" WIDTH="157" WC="0.90" CC="00000000" TAGREFS=""/>
            <SP HPOS="531" ID="SP_583.6.5.4" VPOS="1575" WIDTH="0"/>
            <String CONTENT="—" HEIGHT="35" HPOS="531" ID="ST_583.6.5.5" STYLEREFS="Style_4" VPOS="1575" WIDTH="42" WC="0.90" CC="9" TAGREFS=""/>
            <SP HPOS="573" ID="SP_583.6.5.6" VPOS="1575" WIDTH="0"/>
            <String CONTENT="such" HEIGHT="35" HPOS="573" ID="ST_583.6.5.7" STYLEREFS="Style_4" VPOS="1575" WIDTH="88" WC="0.90" CC="0000" TAGREFS=""/>
            <SP HPOS="661" ID="SP_583.6.5.8" VPOS="1587" WIDTH="12"/>
            <String CONTENT="as" HEIGHT="23" HPOS="673" ID="ST_583.6.5.9" STYLEREFS="Style_4" VPOS="1587" WIDTH="38" WC="1.00" CC="00" TAGREFS=""/>
            <SP HPOS="711" ID="SP_583.6.5.10" VPOS="1575" WIDTH="13"/>
            <String CONTENT="medical" HEIGHT="35" HPOS="724" ID="ST_583.6.5.11" STYLEREFS="Style_4" VPOS="1575" WIDTH="147" WC="0.90" CC="0000000" TAGREFS=""/>
            <SP HPOS="871" ID="SP_583.6.5.12" VPOS="1581" WIDTH="13"/>
            <String CONTENT="payments" HEIGHT="39" HPOS="884" ID="ST_583.6.5.13" STYLEREFS="Style_4" VPOS="1581" WIDTH="185" WC="0.85" CC="00000000" TAGREFS=""/>
            <SP HPOS="1069" ID="SP_583.6.5.14" VPOS="1581" WIDTH="0"/>
            <String CONTENT="—" HEIGHT="39" HPOS="1069" ID="ST_583.6.5.15" STYLEREFS="Style_4" VPOS="1581" WIDTH="42" WC="0.85" CC="9" TAGREFS=""/>
            <SP HPOS="1111" ID="SP_583.6.5.16" VPOS="1581" WIDTH="0"/>
            <String CONTENT="cannot" HEIGHT="39" HPOS="1111" ID="ST_583.6.5.17" STYLEREFS="Style_4" VPOS="1581" WIDTH="130" WC="0.85" CC="000000" TAGREFS=""/>
            <SP HPOS="1241" ID="SP_583.6.5.18" VPOS="1576" WIDTH="12"/>
            <String CONTENT="alter" HEIGHT="35" HPOS="1253" ID="ST_583.6.5.19" STYLEREFS="Style_4" VPOS="1576" WIDTH="86" WC="0.87" CC="00000" TAGREFS=""/>
          </TextLine>
          <TextLine HEIGHT="45" HPOS="252" ID="TL_583.6.6" VPOS="1624" WIDTH="1087">
            <String CONTENT="the" HEIGHT="34" HPOS="252" ID="ST_583.6.6.1" STYLEREFS="Style_4" VPOS="1625" WIDTH="59" WC="0.94" CC="000" TAGREFS=""/>
            <SP HPOS="311" ID="SP_583.6.6.2" VPOS="1625" WIDTH="16"/>
            <String CONTENT="mandatory" HEIGHT="43" HPOS="327" ID="ST_583.6.6.3" STYLEREFS="Style_4" VPOS="1625" WIDTH="206" WC="0.93" CC="000000000" TAGREFS=""/>
            <SP HPOS="533" ID="SP_583.6.6.4" VPOS="1624" WIDTH="15"/>
            <String CONTENT="safeguards" HEIGHT="44" HPOS="548" ID="ST_583.6.6.5" STYLEREFS="Style_4" VPOS="1624" WIDTH="205" WC="0.93" CC="0000000000" TAGREFS=""/>
            <SP HPOS="753" ID="SP_583.6.6.6" VPOS="1625" WIDTH="16"/>
            <String CONTENT="that" HEIGHT="35" HPOS="769" ID="ST_583.6.6.7" STYLEREFS="Style_4" VPOS="1625" WIDTH="76" WC="1.00" CC="0000" TAGREFS=""/>
            <SP HPOS="845" ID="SP_583.6.6.8" VPOS="1626" WIDTH="16"/>
            <String CONTENT="the" HEIGHT="34" HPOS="861" ID="ST_583.6.6.9" STYLEREFS="Style_4" VPOS="1626" WIDTH="59" WC="1.00" CC="000" TAGREFS=""/>
            <SP HPOS="920" ID="SP_583.6.6.10" VPOS="1626" WIDTH="16"/>
            <String CONTENT="Legislature" HEIGHT="43" HPOS="936" ID="ST_583.6.6.11" STYLEREFS="Style_4" VPOS="1626" WIDTH="215" WC="1.00" CC="00000000000" TAGREFS=""/>
            <SP HPOS="1151" ID="SP_583.6.6.12" VPOS="1626" WIDTH="16"/>
            <String CONTENT="considers" HEIGHT="35" HPOS="1167" ID="ST_583.6.6.13" STYLEREFS="Style_4" VPOS="1626" WIDTH="172" WC="0.97" CC="000000000" TAGREFS=""/>
          </TextLine>
          <TextLine HEIGHT="44" HPOS="252" ID="TL_583.6.7" VPOS="1675" WIDTH="1087">
            <String CONTENT="necessary" HEIGHT="34" HPOS="252" ID="ST_583.6.7.1" STYLEREFS="Style_4" VPOS="1685" WIDTH="181" WC="0.96" CC="000000000" TAGREFS=""/>
            <SP HPOS="433" ID="SP_583.6.7.2" VPOS="1675" WIDTH="17"/>
            <String CONTENT="for" HEIGHT="35" HPOS="450" ID="ST_583.6.7.3" STYLEREFS="Style_4" VPOS="1675" WIDTH="53" WC="1.00" CC="000" TAGREFS=""/>
            <SP HPOS="503" ID="SP_583.6.7.4" VPOS="1675" WIDTH="18"/>
            <String CONTENT="the" HEIGHT="35" HPOS="521" ID="ST_583.6.7.5" STYLEREFS="Style_4" VPOS="1675" WIDTH="59" WC="0.86" CC="000" TAGREFS=""/>
            <SP HPOS="580" ID="SP_583.6.7.6" VPOS="1676" WIDTH="16"/>
            <String CONTENT="well" HEIGHT="34" HPOS="596" ID="ST_583.6.7.7" STYLEREFS="Style_4" VPOS="1676" WIDTH="76" WC="0.96" CC="0000" TAGREFS=""/>
            <SP HPOS="672" ID="SP_583.6.7.8" VPOS="1675" WIDTH="18"/>
            <String CONTENT="being" HEIGHT="44" HPOS="690" ID="ST_583.6.7.9" STYLEREFS="Style_4" VPOS="1675" WIDTH="102" WC="0.90" CC="00000" TAGREFS=""/>
            <SP HPOS="792" ID="SP_583.6.7.10" VPOS="1675" WIDTH="17"/>
            <String CONTENT="of" HEIGHT="35" HPOS="809" ID="ST_583.6.7.11" STYLEREFS="Style_4" VPOS="1675" WIDTH="39" WC="1.00" CC="00" TAGREFS=""/>
            <SP HPOS="848" ID="SP_583.6.7.12" VPOS="1676" WIDTH="14"/>
            <String CONTENT="the" HEIGHT="35" HPOS="862" ID="ST_583.6.7.13" STYLEREFS="Style_4" VPOS="1676" WIDTH="59" WC="0.82" CC="000" TAGREFS=""/>
            <SP HPOS="921" ID="SP_583.6.7.14" VPOS="1676" WIDTH="16"/>
            <String CONTENT="citizen-drivers" HEIGHT="35" HPOS="937" ID="ST_583.6.7.15" STYLEREFS="Style_4" VPOS="1676" WIDTH="271" WC="0.97" CC="000000000000000" TAGREFS=""/>
            <SP HPOS="1208" ID="SP_583.6.7.16" VPOS="1676" WIDTH="16"/>
            <String CONTENT="of" HEIGHT="35" HPOS="1224" ID="ST_583.6.7.17" STYLEREFS="Style_4" VPOS="1676" WIDTH="39" WC="0.99" CC="00" TAGREFS=""/>
            <SP HPOS="1263" ID="SP_583.6.7.18" VPOS="1687" WIDTH="14"/>
            <String CONTENT="our" HEIGHT="24" HPOS="1277" ID="ST_583.6.7.19" STYLEREFS="Style_4" VPOS="1687" WIDTH="62" WC="1.00" CC="000" TAGREFS=""/>
          </TextLine>
          <TextLine HEIGHT="44" HPOS="252" ID="TL_583.6.8" VPOS="1725" WIDTH="1088">
            <String CONTENT="state." HEIGHT="30" HPOS="252" ID="ST_583.6.8.1" STYLEREFS="Style_4" VPOS="1730" WIDTH="100" WC="0.98" CC="000000" TAGREFS=""/>
            <SP HPOS="352" ID="SP_583.6.8.2" VPOS="1726" WIDTH="27"/>
            <String CONTENT="More" HEIGHT="34" HPOS="379" ID="ST_583.6.8.3" STYLEREFS="Style_4" VPOS="1726" WIDTH="102" WC="1.00" CC="0000" TAGREFS=""/>
            <SP HPOS="481" ID="SP_583.6.8.4" VPOS="1725" WIDTH="25"/>
            <String CONTENT="particularly," HEIGHT="44" HPOS="506" ID="ST_583.6.8.5" STYLEREFS="Style_4" VPOS="1725" WIDTH="235" WC="0.99" CC="0000000000000" TAGREFS=""/>
            <SP HPOS="741" ID="SP_583.6.8.6" VPOS="1736" WIDTH="26"/>
            <String CONTENT="a" HEIGHT="24" HPOS="767" ID="ST_583.6.8.7" STYLEREFS="Style_4" VPOS="1736" WIDTH="20" WC="0.77" CC="0" TAGREFS=""/>
            <SP HPOS="787" ID="SP_583.6.8.8" VPOS="1726" WIDTH="25"/>
            <String CONTENT="policy" HEIGHT="43" HPOS="812" ID="ST_583.6.8.9" STYLEREFS="Style_4" VPOS="1726" WIDTH="112" WC="0.92" CC="000000" TAGREFS=""/>
            <SP HPOS="924" ID="SP_583.6.8.10" VPOS="1726" WIDTH="25"/>
            <String CONTENT="provision" HEIGHT="43" HPOS="949" ID="ST_583.6.8.11" STYLEREFS="Style_4" VPOS="1726" WIDTH="171" WC="0.95" CC="000000000" TAGREFS=""/>
            <SP HPOS="1120" ID="SP_583.6.8.12" VPOS="1726" WIDTH="24"/>
            <String CONTENT="which" HEIGHT="34" HPOS="1144" ID="ST_583.6.8.13" STYLEREFS="Style_4" VPOS="1726" WIDTH="112" WC="0.94" CC="00000" TAGREFS=""/>
            <SP HPOS="1256" ID="SP_583.6.8.14" VPOS="1727" WIDTH="25"/>
            <String CONTENT="the" HEIGHT="34" HPOS="1281" ID="ST_583.6.8.15" STYLEREFS="Style_4" VPOS="1727" WIDTH="59" WC="1.00" CC="000" TAGREFS=""/>
          </TextLine>
          <TextLine HEIGHT="45" HPOS="253" ID="TL_583.6.9" VPOS="1774" WIDTH="1087">
            <String CONTENT="insured" HEIGHT="34" HPOS="253" ID="ST_583.6.9.1" STYLEREFS="Style_4" VPOS="1774" WIDTH="138" WC="0.99" CC="0000000" TAGREFS=""/>
            <SP HPOS="391" ID="SP_583.6.9.2" VPOS="1774" WIDTH="11"/>
            <String CONTENT="considers" HEIGHT="35" HPOS="402" ID="ST_583.6.9.3" STYLEREFS="Style_4" VPOS="1774" WIDTH="173" WC="0.90" CC="000000000" TAGREFS=""/>
            <SP HPOS="575" ID="SP_583.6.9.4" VPOS="1780" WIDTH="11"/>
            <String CONTENT="to" HEIGHT="29" HPOS="586" ID="ST_583.6.9.5" STYLEREFS="Style_4" VPOS="1780" WIDTH="35" WC="0.82" CC="00" TAGREFS=""/>
            <SP HPOS="621" ID="SP_583.6.9.6" VPOS="1775" WIDTH="11"/>
            <String CONTENT="be" HEIGHT="34" HPOS="632" ID="ST_583.6.9.7" STYLEREFS="Style_4" VPOS="1775" WIDTH="43" WC="1.00" CC="00" TAGREFS=""/>
            <SP HPOS="675" ID="SP_583.6.9.8" VPOS="1774" WIDTH="9"/>
            <String CONTENT="additional" HEIGHT="35" HPOS="684" ID="ST_583.6.9.9" STYLEREFS="Style_4" VPOS="1774" WIDTH="190" WC="0.95" CC="0000000000" TAGREFS=""/>
            <SP HPOS="874" ID="SP_583.6.9.10" VPOS="1775" WIDTH="11"/>
            <String CONTENT="protection" HEIGHT="44" HPOS="885" ID="ST_583.6.9.11" STYLEREFS="Style_4" VPOS="1775" WIDTH="192" WC="0.96" CC="0000000000" TAGREFS=""/>
            <SP HPOS="1077" ID="SP_583.6.9.12" VPOS="1776" WIDTH="9"/>
            <String CONTENT="and" HEIGHT="34" HPOS="1086" ID="ST_583.6.9.13" STYLEREFS="Style_4" VPOS="1776" WIDTH="69" WC="0.85" CC="000" TAGREFS=""/>
            <SP HPOS="1155" ID="SP_583.6.9.14" VPOS="1775" WIDTH="10"/>
            <String CONTENT="for" HEIGHT="34" HPOS="1165" ID="ST_583.6.9.15" STYLEREFS="Style_4" VPOS="1775" WIDTH="54" WC="1.00" CC="000" TAGREFS=""/>
            <SP HPOS="1219" ID="SP_583.6.9.16" VPOS="1776" WIDTH="9"/>
            <String CONTENT="which" HEIGHT="34" HPOS="1228" ID="ST_583.6.9.17" STYLEREFS="Style_4" VPOS="1776" WIDTH="112" WC="0.89" CC="00000" TAGREFS=""/>
          </TextLine>
          <TextLine HEIGHT="44" HPOS="253" ID="TL_583.6.10" VPOS="1824" WIDTH="1086">
            <String CONTENT="he" HEIGHT="33" HPOS="253" ID="ST_583.6.10.1" STYLEREFS="Style_4" VPOS="1824" WIDTH="44" WC="0.94" CC="00" TAGREFS=""/>
            <SP HPOS="297" ID="SP_583.6.10.2" VPOS="1833" WIDTH="20"/>
            <String CONTENT="pays" HEIGHT="33" HPOS="317" ID="ST_583.6.10.3" STYLEREFS="Style_4" VPOS="1833" WIDTH="83" WC="0.88" CC="0000" TAGREFS=""/>
            <SP HPOS="400" ID="SP_583.6.10.4" VPOS="1834" WIDTH="21"/>
            <String CONTENT="a" HEIGHT="23" HPOS="421" ID="ST_583.6.10.5" STYLEREFS="Style_4" VPOS="1834" WIDTH="19" WC="0.98" CC="0" TAGREFS=""/>
            <SP HPOS="440" ID="SP_583.6.10.6" VPOS="1824" WIDTH="21"/>
            <String CONTENT="premium" HEIGHT="43" HPOS="461" ID="ST_583.6.10.7" STYLEREFS="Style_4" VPOS="1824" WIDTH="172" WC="0.99" CC="0000000" TAGREFS=""/>
            <SP HPOS="633" ID="SP_583.6.10.8" VPOS="1824" WIDTH="20"/>
            <String CONTENT="with" HEIGHT="34" HPOS="653" ID="ST_583.6.10.9" STYLEREFS="Style_4" VPOS="1824" WIDTH="83" WC="0.97" CC="0000" TAGREFS=""/>
            <SP HPOS="736" ID="SP_583.6.10.10" VPOS="1824" WIDTH="21"/>
            <String CONTENT="such" HEIGHT="34" HPOS="757" ID="ST_583.6.10.11" STYLEREFS="Style_4" VPOS="1824" WIDTH="84" WC="0.92" CC="0000" TAGREFS=""/>
            <SP HPOS="841" ID="SP_583.6.10.12" VPOS="1830" WIDTH="20"/>
            <String CONTENT="extra" HEIGHT="29" HPOS="861" ID="ST_583.6.10.13" STYLEREFS="Style_4" VPOS="1830" WIDTH="96" WC="1.00" CC="00000" TAGREFS=""/>
            <SP HPOS="957" ID="SP_583.6.10.14" VPOS="1825" WIDTH="21"/>
            <String CONTENT="protection" HEIGHT="43" HPOS="978" ID="ST_583.6.10.15" STYLEREFS="Style_4" VPOS="1825" WIDTH="191" WC="0.99" CC="0000000000" TAGREFS=""/>
            <SP HPOS="1169" ID="SP_583.6.10.16" VPOS="1824" WIDTH="21"/>
            <String CONTENT="in" HEIGHT="34" HPOS="1190" ID="ST_583.6.10.17" STYLEREFS="Style_4" VPOS="1824" WIDTH="34" WC="0.73" CC="00" TAGREFS=""/>
            <SP HPOS="1224" ID="SP_583.6.10.18" VPOS="1825" WIDTH="20"/>
            <String CONTENT="mind" HEIGHT="34" HPOS="1244" ID="ST_583.6.10.19" STYLEREFS="Style_4" VPOS="1825" WIDTH="95" WC="0.91" CC="0000" TAGREFS=""/>
          </TextLine>
          <TextLine HEIGHT="45" HPOS="253" ID="TL_583.6.11" VPOS="1872" WIDTH="1087">
            <String CONTENT="cannot" HEIGHT="30" HPOS="253" ID="ST_583.6.11.1" STYLEREFS="Style_4" VPOS="1877" WIDTH="127" WC="0.94" CC="000000" TAGREFS=""/>
            <SP HPOS="380" ID="SP_583.6.11.2" VPOS="1872" WIDTH="12"/>
            <String CONTENT="be" HEIGHT="35" HPOS="392" ID="ST_583.6.11.3" STYLEREFS="Style_4" VPOS="1872" WIDTH="42" WC="1.00" CC="00" TAGREFS=""/>
            <SP HPOS="434" ID="SP_583.6.11.4" VPOS="1873" WIDTH="11"/>
            <String CONTENT="transposed" HEIGHT="43" HPOS="445" ID="ST_583.6.11.5" STYLEREFS="Style_4" VPOS="1873" WIDTH="202" WC="0.92" CC="0000000000" TAGREFS=""/>
            <SP HPOS="647" ID="SP_583.6.11.6" VPOS="1874" WIDTH="12"/>
            <String CONTENT="by" HEIGHT="43" HPOS="659" ID="ST_583.6.11.7" STYLEREFS="Style_4" VPOS="1874" WIDTH="45" WC="0.77" CC="00" TAGREFS=""/>
            <SP HPOS="704" ID="SP_583.6.11.8" VPOS="1873" WIDTH="11"/>
            <String CONTENT="the" HEIGHT="35" HPOS="715" ID="ST_583.6.11.9" STYLEREFS="Style_4" VPOS="1873" WIDTH="60" WC="0.87" CC="000" TAGREFS=""/>
            <SP HPOS="775" ID="SP_583.6.11.10" VPOS="1873" WIDTH="11"/>
            <String CONTENT="insurer" HEIGHT="35" HPOS="786" ID="ST_583.6.11.11" STYLEREFS="Style_4" VPOS="1873" WIDTH="132" WC="0.96" CC="0000000" TAGREFS=""/>
            <SP HPOS="918" ID="SP_583.6.11.12" VPOS="1874" WIDTH="11"/>
            <String CONTENT="into" HEIGHT="34" HPOS="929" ID="ST_583.6.11.13" STYLEREFS="Style_4" VPOS="1874" WIDTH="72" WC="0.90" CC="0000" TAGREFS=""/>
            <SP HPOS="1001" ID="SP_583.6.11.14" VPOS="1885" WIDTH="11"/>
            <String CONTENT="a" HEIGHT="23" HPOS="1012" ID="ST_583.6.11.15" STYLEREFS="Style_4" VPOS="1885" WIDTH="20" WC="1.00" CC="0" TAGREFS=""/>
            <SP HPOS="1032" ID="SP_583.6.11.16" VPOS="1873" WIDTH="13"/>
            <String CONTENT="reduction" HEIGHT="36" HPOS="1045" ID="ST_583.6.11.17" STYLEREFS="Style_4" VPOS="1873" WIDTH="178" WC="0.96" CC="000000000" TAGREFS=""/>
            <SP HPOS="1223" ID="SP_583.6.11.18" VPOS="1874" WIDTH="11"/>
            <String CONTENT="of" HEIGHT="34" HPOS="1234" ID="ST_583.6.11.19" STYLEREFS="Style_4" VPOS="1874" WIDTH="39" WC="1.00" CC="00" TAGREFS=""/>
            <SP HPOS="1273" ID="SP_583.6.11.20" VPOS="1874" WIDTH="8"/>
            <String CONTENT="the" HEIGHT="35" HPOS="1281" ID="ST_583.6.11.21" STYLEREFS="Style_4" VPOS="1874" WIDTH="59" WC="1.00" CC="000" TAGREFS=""/>
          </TextLine>
          <TextLine HEIGHT="44" HPOS="253" ID="TL_583.6.12" VPOS="1922" WIDTH="606">
            <String CONTENT="mandatory" HEIGHT="44" HPOS="253" ID="ST_583.6.12.1" STYLEREFS="Style_4" VPOS="1922" WIDTH="206" WC="0.89" CC="000000000" TAGREFS=""/>
            <SP HPOS="459" ID="SP_583.6.12.2" VPOS="1922" WIDTH="20"/>
            <String CONTENT="minimum" HEIGHT="35" HPOS="479" ID="ST_583.6.12.3" STYLEREFS="Style_4" VPOS="1922" WIDTH="184" WC="0.85" CC="0000000" TAGREFS=""/>
            <SP HPOS="663" ID="SP_583.6.12.4" VPOS="1934" WIDTH="20"/>
            <String CONTENT="coverage." HEIGHT="32" HPOS="683" ID="ST_583.6.12.5" STYLEREFS="Style_4" VPOS="1934" WIDTH="176" WC="1.00" CC="000000000" TAGREFS=""/>
          </TextLine>
        </TextBlock>
        <TextBlock HEIGHT="343.0" HPOS="128.0" ID="BL_583.7" TAGREFS="b583-9" VPOS="2013.0" WIDTH="1214.0">
          <TextLine HEIGHT="45" HPOS="221" ID="TL_583.7.1" VPOS="2013" WIDTH="1118">
            <String CONTENT="Heiss" HEIGHT="33" HPOS="313" ID="ST_583.7.1.3" STYLEREFS="Style_5" VPOS="2015" WIDTH="107" WC="0.99" CC="00000" TAGREFS=""/>
            <SP HPOS="420" ID="SP_583.7.1.4" VPOS="2025" WIDTH="12"/>
            <String CONTENT="was" HEIGHT="24" HPOS="432" ID="ST_583.7.1.5" STYLEREFS="Style_4" VPOS="2025" WIDTH="69" WC="1.00" CC="000" TAGREFS=""/>
            <SP HPOS="501" ID="SP_583.7.1.6" VPOS="2013" WIDTH="12"/>
            <String CONTENT="decided" HEIGHT="35" HPOS="513" ID="ST_583.7.1.7" STYLEREFS="Style_4" VPOS="2013" WIDTH="146" WC="1.00" CC="0000000" TAGREFS=""/>
            <SP HPOS="659" ID="SP_583.7.1.8" VPOS="2015" WIDTH="12"/>
            <String CONTENT="prior" HEIGHT="43" HPOS="671" ID="ST_583.7.1.9" STYLEREFS="Style_4" VPOS="2015" WIDTH="92" WC="1.00" CC="00000" TAGREFS=""/>
            <SP HPOS="763" ID="SP_583.7.1.10" VPOS="2019" WIDTH="12"/>
            <String CONTENT="to" HEIGHT="29" HPOS="775" ID="ST_583.7.1.11" STYLEREFS="Style_4" VPOS="2019" WIDTH="36" WC="1.00" CC="00" TAGREFS=""/>
            <SP HPOS="811" ID="SP_583.7.1.12" VPOS="2015" WIDTH="12"/>
            <String CONTENT="the" HEIGHT="34" HPOS="823" ID="ST_583.7.1.13" STYLEREFS="Style_4" VPOS="2015" WIDTH="59" WC="0.87" CC="000" TAGREFS=""/>
            <SP HPOS="882" ID="SP_583.7.1.14" VPOS="2019" WIDTH="11"/>
            <String CONTENT="enactment" HEIGHT="30" HPOS="893" ID="ST_583.7.1.15" STYLEREFS="Style_4" VPOS="2019" WIDTH="199" WC="0.97" CC="000000000" TAGREFS=""/>
            <SP HPOS="1092" ID="SP_583.7.1.16" VPOS="2015" WIDTH="12"/>
            <String CONTENT="of" HEIGHT="34" HPOS="1104" ID="ST_583.7.1.17" STYLEREFS="Style_4" VPOS="2015" WIDTH="40" WC="1.00" CC="00" TAGREFS=""/>
            <SP HPOS="1144" ID="SP_583.7.1.18" VPOS="2014" WIDTH="10"/>
            <String CONTENT="§" HEIGHT="43" HPOS="1154" ID="ST_583.7.1.19" STYLEREFS="Style_4" VPOS="2014" WIDTH="18" WC="0.97" CC="0" TAGREFS=""/>
            <SP HPOS="1172" ID="SP_583.7.1.20" VPOS="2015" WIDTH="15"/>
            <String CONTENT="66-4019" HEIGHT="35" HPOS="1187" ID="ST_583.7.1.21" STYLEREFS="Style_4" VPOS="2015" WIDTH="152" WC="0.95" CC="0000999" TAGREFS=""/>
          </TextLine>
          <TextLine HEIGHT="46" HPOS="128" ID="TL_583.7.2" VPOS="2063" WIDTH="1213">
            <String CONTENT="setting" HEIGHT="43" HPOS="128" ID="ST_583.7.2.1" STYLEREFS="Style_4" VPOS="2064" WIDTH="128" WC="0.95" CC="0000000" TAGREFS=""/>
            <SP HPOS="256" ID="SP_583.7.2.2" VPOS="2068" WIDTH="10"/>
            <String CONTENT="out" HEIGHT="30" HPOS="266" ID="ST_583.7.2.3" STYLEREFS="Style_4" VPOS="2068" WIDTH="60" WC="1.00" CC="000" TAGREFS=""/>
            <SP HPOS="326" ID="SP_583.7.2.4" VPOS="2063" WIDTH="9"/>
            <String CONTENT="subrogation" HEIGHT="44" HPOS="335" ID="ST_583.7.2.5" STYLEREFS="Style_4" VPOS="2063" WIDTH="222" WC="0.96" CC="00000000000" TAGREFS=""/>
            <SP HPOS="557" ID="SP_583.7.2.6" VPOS="2064" WIDTH="10"/>
            <String CONTENT="rights." HEIGHT="43" HPOS="567" ID="ST_583.7.2.7" STYLEREFS="Style_4" VPOS="2064" WIDTH="119" WC="0.92" CC="0000099" TAGREFS=""/>
            <SP HPOS="686" ID="SP_583.7.2.8" VPOS="2065" WIDTH="12"/>
            <String CONTENT="Its" HEIGHT="35" HPOS="698" ID="ST_583.7.2.9" STYLEREFS="Style_4" VPOS="2065" WIDTH="48" WC="0.93" CC="000" TAGREFS=""/>
            <SP HPOS="746" ID="SP_583.7.2.10" VPOS="2064" WIDTH="9"/>
            <String CONTENT="theory" HEIGHT="45" HPOS="755" ID="ST_583.7.2.11" STYLEREFS="Style_4" VPOS="2064" WIDTH="121" WC="0.96" CC="000000" TAGREFS=""/>
            <SP HPOS="876" ID="SP_583.7.2.12" VPOS="2065" WIDTH="9"/>
            <String CONTENT="is" HEIGHT="35" HPOS="885" ID="ST_583.7.2.13" STYLEREFS="Style_4" VPOS="2065" WIDTH="27" WC="1.00" CC="00" TAGREFS=""/>
            <SP HPOS="912" ID="SP_583.7.2.14" VPOS="2064" WIDTH="9"/>
            <String CONTENT="still" HEIGHT="35" HPOS="921" ID="ST_583.7.2.15" STYLEREFS="Style_4" VPOS="2064" WIDTH="69" WC="0.83" CC="00000" TAGREFS=""/>
            <SP HPOS="990" ID="SP_583.7.2.16" VPOS="2065" WIDTH="9"/>
            <String CONTENT="sound," HEIGHT="41" HPOS="999" ID="ST_583.7.2.17" STYLEREFS="Style_4" VPOS="2065" WIDTH="122" WC="0.94" CC="000000" TAGREFS=""/>
            <SP HPOS="1121" ID="SP_583.7.2.18" VPOS="2065" WIDTH="10"/>
            <String CONTENT="however," HEIGHT="41" HPOS="1131" ID="ST_583.7.2.19" STYLEREFS="Style_4" VPOS="2065" WIDTH="165" WC="0.94" CC="00000000" TAGREFS=""/>
            <SP HPOS="1296" ID="SP_583.7.2.20" VPOS="2065" WIDTH="10"/>
            <String CONTENT="in" HEIGHT="35" HPOS="1306" ID="ST_583.7.2.21" STYLEREFS="Style_4" VPOS="2065" WIDTH="35" WC="0.85" CC="00" TAGREFS=""/>
          </TextLine>
          <TextLine HEIGHT="46" HPOS="128" ID="TL_583.7.3" VPOS="2113" WIDTH="1213">
            <String CONTENT="so" HEIGHT="23" HPOS="128" ID="ST_583.7.3.1" STYLEREFS="Style_4" VPOS="2124" WIDTH="38" WC="1.00" CC="00" TAGREFS=""/>
            <SP HPOS="166" ID="SP_583.7.3.2" VPOS="2113" WIDTH="15"/>
            <String CONTENT="far" HEIGHT="35" HPOS="181" ID="ST_583.7.3.3" STYLEREFS="Style_4" VPOS="2113" WIDTH="55" WC="0.86" CC="000" TAGREFS=""/>
            <SP HPOS="236" ID="SP_583.7.3.4" VPOS="2125" WIDTH="15"/>
            <String CONTENT="as" HEIGHT="23" HPOS="251" ID="ST_583.7.3.5" STYLEREFS="Style_4" VPOS="2125" WIDTH="37" WC="1.00" CC="00" TAGREFS=""/>
            <SP HPOS="288" ID="SP_583.7.3.6" VPOS="2113" WIDTH="16"/>
            <String CONTENT="it" HEIGHT="35" HPOS="304" ID="ST_583.7.3.7" STYLEREFS="Style_4" VPOS="2113" WIDTH="26" WC="1.00" CC="00" TAGREFS=""/>
            <SP HPOS="330" ID="SP_583.7.3.8" VPOS="2114" WIDTH="14"/>
            <String CONTENT="prohibits" HEIGHT="43" HPOS="344" ID="ST_583.7.3.9" STYLEREFS="Style_4" VPOS="2114" WIDTH="166" WC="0.95" CC="000000000" TAGREFS=""/>
            <SP HPOS="510" ID="SP_583.7.3.10" VPOS="2125" WIDTH="16"/>
            <String CONTENT="an" HEIGHT="23" HPOS="526" ID="ST_583.7.3.11" STYLEREFS="Style_4" VPOS="2125" WIDTH="44" WC="0.96" CC="00" TAGREFS=""/>
            <SP HPOS="570" ID="SP_583.7.3.12" VPOS="2114" WIDTH="16"/>
            <String CONTENT="insurance" HEIGHT="35" HPOS="586" ID="ST_583.7.3.13" STYLEREFS="Style_4" VPOS="2114" WIDTH="183" WC="0.98" CC="000000000" TAGREFS=""/>
            <SP HPOS="769" ID="SP_583.7.3.14" VPOS="2125" WIDTH="14"/>
            <String CONTENT="company" HEIGHT="34" HPOS="783" ID="ST_583.7.3.15" STYLEREFS="Style_4" VPOS="2125" WIDTH="170" WC="0.98" CC="0000000" TAGREFS=""/>
            <SP HPOS="953" ID="SP_583.7.3.16" VPOS="2114" WIDTH="15"/>
            <String CONTENT="from" HEIGHT="35" HPOS="968" ID="ST_583.7.3.17" STYLEREFS="Style_4" VPOS="2114" WIDTH="91" WC="0.94" CC="0000" TAGREFS=""/>
            <SP HPOS="1059" ID="SP_583.7.3.18" VPOS="2116" WIDTH="14"/>
            <String CONTENT="setting" HEIGHT="42" HPOS="1073" ID="ST_583.7.3.19" STYLEREFS="Style_4" VPOS="2116" WIDTH="126" WC="1.00" CC="0000000" TAGREFS=""/>
            <SP HPOS="1199" ID="SP_583.7.3.20" VPOS="2115" WIDTH="15"/>
            <String CONTENT="off" HEIGHT="34" HPOS="1214" ID="ST_583.7.3.21" STYLEREFS="Style_4" VPOS="2115" WIDTH="51" WC="0.62" CC="000" TAGREFS=""/>
            <SP HPOS="1265" ID="SP_583.7.3.22" VPOS="2126" WIDTH="11"/>
            <String CONTENT="one" HEIGHT="24" HPOS="1276" ID="ST_583.7.3.23" STYLEREFS="Style_4" VPOS="2126" WIDTH="65" WC="0.86" CC="000" TAGREFS=""/>
          </TextLine>
          <TextLine HEIGHT="45" HPOS="128" ID="TL_583.7.4" VPOS="2163" WIDTH="1213">
            <String CONTENT="payment" HEIGHT="38" HPOS="128" ID="ST_583.7.4.1" STYLEREFS="Style_4" VPOS="2169" WIDTH="166" WC="0.89" CC="0000000" TAGREFS=""/>
            <SP HPOS="294" ID="SP_583.7.4.2" VPOS="2163" WIDTH="20"/>
            <String CONTENT="under" HEIGHT="35" HPOS="314" ID="ST_583.7.4.3" STYLEREFS="Style_4" VPOS="2163" WIDTH="108" WC="0.98" CC="00000" TAGREFS=""/>
            <SP HPOS="422" ID="SP_583.7.4.4" VPOS="2164" WIDTH="19"/>
            <String CONTENT="its" HEIGHT="34" HPOS="441" ID="ST_583.7.4.5" STYLEREFS="Style_4" VPOS="2164" WIDTH="43" WC="1.00" CC="000" TAGREFS=""/>
            <SP HPOS="484" ID="SP_583.7.4.6" VPOS="2164" WIDTH="20"/>
            <String CONTENT="policy" HEIGHT="44" HPOS="504" ID="ST_583.7.4.7" STYLEREFS="Style_4" VPOS="2164" WIDTH="113" WC="0.98" CC="000000" TAGREFS=""/>
            <SP HPOS="617" ID="SP_583.7.4.8" VPOS="2165" WIDTH="19"/>
            <String CONTENT="against" HEIGHT="43" HPOS="636" ID="ST_583.7.4.9" STYLEREFS="Style_4" VPOS="2165" WIDTH="136" WC="0.95" CC="0000000" TAGREFS=""/>
            <SP HPOS="772" ID="SP_583.7.4.10" VPOS="2165" WIDTH="20"/>
            <String CONTENT="another" HEIGHT="34" HPOS="792" ID="ST_583.7.4.11" STYLEREFS="Style_4" VPOS="2165" WIDTH="145" WC="0.99" CC="0000000" TAGREFS=""/>
            <SP HPOS="937" ID="SP_583.7.4.12" VPOS="2175" WIDTH="19"/>
            <String CONTENT="one" HEIGHT="24" HPOS="956" ID="ST_583.7.4.13" STYLEREFS="Style_4" VPOS="2175" WIDTH="65" WC="0.79" CC="000" TAGREFS=""/>
            <SP HPOS="1021" ID="SP_583.7.4.14" VPOS="2165" WIDTH="19"/>
            <String CONTENT="under" HEIGHT="34" HPOS="1040" ID="ST_583.7.4.15" STYLEREFS="Style_4" VPOS="2165" WIDTH="109" WC="0.89" CC="00000" TAGREFS=""/>
            <SP HPOS="1149" ID="SP_583.7.4.16" VPOS="2165" WIDTH="19"/>
            <String CONTENT="the" HEIGHT="34" HPOS="1168" ID="ST_583.7.4.17" STYLEREFS="Style_4" VPOS="2165" WIDTH="59" WC="0.86" CC="000" TAGREFS=""/>
            <SP HPOS="1227" ID="SP_583.7.4.18" VPOS="2176" WIDTH="18"/>
            <String CONTENT="same" HEIGHT="23" HPOS="1245" ID="ST_583.7.4.19" STYLEREFS="Style_4" VPOS="2176" WIDTH="96" WC="1.00" CC="0000" TAGREFS=""/>
          </TextLine>
          <TextLine HEIGHT="44" HPOS="130" ID="TL_583.7.5" VPOS="2213" WIDTH="1212">
            <String CONTENT="policy." HEIGHT="43" HPOS="130" ID="ST_583.7.5.1" STYLEREFS="Style_4" VPOS="2213" WIDTH="123" WC="0.98" CC="0000000" TAGREFS=""/>
            <SP HPOS="253" ID="SP_583.7.5.2" VPOS="2214" WIDTH="22"/>
            <String CONTENT="In" HEIGHT="34" HPOS="275" ID="ST_583.7.5.3" STYLEREFS="Style_4" VPOS="2214" WIDTH="39" WC="0.70" CC="00" TAGREFS=""/>
            <SP HPOS="314" ID="SP_583.7.5.4" VPOS="2224" WIDTH="20"/>
            <String CONTENT="a" HEIGHT="23" HPOS="334" ID="ST_583.7.5.5" STYLEREFS="Style_4" VPOS="2224" WIDTH="20" WC="1.00" CC="0" TAGREFS=""/>
            <SP HPOS="354" ID="SP_583.7.5.6" VPOS="2213" WIDTH="20"/>
            <String CONTENT="situation" HEIGHT="35" HPOS="374" ID="ST_583.7.5.7" STYLEREFS="Style_4" VPOS="2213" WIDTH="164" WC="1.00" CC="000000000" TAGREFS=""/>
            <SP HPOS="538" ID="SP_583.7.5.8" VPOS="2214" WIDTH="20"/>
            <String CONTENT="involving" HEIGHT="43" HPOS="558" ID="ST_583.7.5.9" STYLEREFS="Style_4" VPOS="2214" WIDTH="171" WC="0.89" CC="000000000" TAGREFS=""/>
            <SP HPOS="729" ID="SP_583.7.5.10" VPOS="2220" WIDTH="20"/>
            <String CONTENT="payments" HEIGHT="37" HPOS="749" ID="ST_583.7.5.11" STYLEREFS="Style_4" VPOS="2220" WIDTH="180" WC="0.97" CC="00000000" TAGREFS=""/>
            <SP HPOS="929" ID="SP_583.7.5.12" VPOS="2214" WIDTH="20"/>
            <String CONTENT="from" HEIGHT="34" HPOS="949" ID="ST_583.7.5.13" STYLEREFS="Style_4" VPOS="2214" WIDTH="91" WC="1.00" CC="0000" TAGREFS=""/>
            <SP HPOS="1040" ID="SP_583.7.5.14" VPOS="2225" WIDTH="19"/>
            <String CONTENT="more" HEIGHT="24" HPOS="1059" ID="ST_583.7.5.15" STYLEREFS="Style_4" VPOS="2225" WIDTH="96" WC="0.92" CC="0000" TAGREFS=""/>
            <SP HPOS="1155" ID="SP_583.7.5.16" VPOS="2214" WIDTH="18"/>
            <String CONTENT="than" HEIGHT="34" HPOS="1173" ID="ST_583.7.5.17" STYLEREFS="Style_4" VPOS="2214" WIDTH="85" WC="1.00" CC="0000" TAGREFS=""/>
            <SP HPOS="1258" ID="SP_583.7.5.18" VPOS="2225" WIDTH="19"/>
            <String CONTENT="one" HEIGHT="24" HPOS="1277" ID="ST_583.7.5.19" STYLEREFS="Style_4" VPOS="2225" WIDTH="65" WC="0.77" CC="000" TAGREFS=""/>
          </TextLine>
          <TextLine HEIGHT="45" HPOS="129" ID="TL_583.7.6" VPOS="2263" WIDTH="1213">
            <String CONTENT="source," HEIGHT="31" HPOS="129" ID="ST_583.7.6.1" STYLEREFS="Style_4" VPOS="2273" WIDTH="133" WC="0.95" CC="0000000" TAGREFS=""/>
            <SP HPOS="262" ID="SP_583.7.6.2" VPOS="2274" WIDTH="10"/>
            <String CONTENT="a" HEIGHT="24" HPOS="272" ID="ST_583.7.6.3" STYLEREFS="Style_4" VPOS="2274" WIDTH="21" WC="0.60" CC="0" TAGREFS=""/>
            <SP HPOS="293" ID="SP_583.7.6.4" VPOS="2263" WIDTH="9"/>
            <String CONTENT="right" HEIGHT="43" HPOS="302" ID="ST_583.7.6.5" STYLEREFS="Style_4" VPOS="2263" WIDTH="91" WC="1.00" CC="00000" TAGREFS=""/>
            <SP HPOS="393" ID="SP_583.7.6.6" VPOS="2263" WIDTH="9"/>
            <String CONTENT="of" HEIGHT="34" HPOS="402" ID="ST_583.7.6.7" STYLEREFS="Style_4" VPOS="2263" WIDTH="39" WC="1.00" CC="00" TAGREFS=""/>
            <SP HPOS="441" ID="SP_583.7.6.8" VPOS="2263" WIDTH="6"/>
            <String CONTENT="reimbursement" HEIGHT="35" HPOS="447" ID="ST_583.7.6.9" STYLEREFS="Style_4" VPOS="2263" WIDTH="288" WC="0.91" CC="0000000000000" TAGREFS=""/>
            <SP HPOS="735" ID="SP_583.7.6.10" VPOS="2263" WIDTH="9"/>
            <String CONTENT="and" HEIGHT="35" HPOS="744" ID="ST_583.7.6.11" STYLEREFS="Style_4" VPOS="2263" WIDTH="68" WC="0.88" CC="000" TAGREFS=""/>
            <SP HPOS="812" ID="SP_583.7.6.12" VPOS="2264" WIDTH="10"/>
            <String CONTENT="credit" HEIGHT="34" HPOS="822" ID="ST_583.7.6.13" STYLEREFS="Style_4" VPOS="2264" WIDTH="109" WC="1.00" CC="000000" TAGREFS=""/>
            <SP HPOS="931" ID="SP_583.7.6.14" VPOS="2263" WIDTH="8"/>
            <String CONTENT="is" HEIGHT="35" HPOS="939" ID="ST_583.7.6.15" STYLEREFS="Style_4" VPOS="2263" WIDTH="28" WC="0.94" CC="00" TAGREFS=""/>
            <SP HPOS="967" ID="SP_583.7.6.16" VPOS="2264" WIDTH="10"/>
            <String CONTENT="allowed" HEIGHT="34" HPOS="977" ID="ST_583.7.6.17" STYLEREFS="Style_4" VPOS="2264" WIDTH="144" WC="0.94" CC="0000000" TAGREFS=""/>
            <SP HPOS="1121" ID="SP_583.7.6.18" VPOS="2269" WIDTH="9"/>
            <String CONTENT="pursuant" HEIGHT="39" HPOS="1130" ID="ST_583.7.6.19" STYLEREFS="Style_4" VPOS="2269" WIDTH="168" WC="1.00" CC="00000000" TAGREFS=""/>
            <SP HPOS="1298" ID="SP_583.7.6.20" VPOS="2269" WIDTH="8"/>
            <String CONTENT="to" HEIGHT="30" HPOS="1306" ID="ST_583.7.6.21" STYLEREFS="Style_4" VPOS="2269" WIDTH="36" WC="1.00" CC="00" TAGREFS=""/>
          </TextLine>
          <TextLine HEIGHT="43" HPOS="131" ID="TL_583.7.7" VPOS="2313" WIDTH="207">
            <String CONTENT="§" HEIGHT="43" HPOS="131" ID="ST_583.7.7.1" STYLEREFS="Style_4" VPOS="2313" WIDTH="18" WC="0.53" CC="0" TAGREFS=""/>
            <SP HPOS="149" ID="SP_583.7.7.2" VPOS="2314" WIDTH="23"/>
            <String CONTENT="66-4019." HEIGHT="34" HPOS="172" ID="ST_583.7.7.3" STYLEREFS="Style_4" VPOS="2314" WIDTH="166" WC="0.84" CC="00000000" TAGREFS=""/>
          </TextLine>
        </TextBlock>
        <TextBlock HEIGHT="45.0" HPOS="221.0" ID="BL_583.8" TAGREFS="b583-10" VPOS="2405.0" WIDTH="1120.0">
          <TextLine HEIGHT="45" HPOS="221" ID="TL_583.8.1" VPOS="2405" WIDTH="1120">
            <String CONTENT="Accordingly," HEIGHT="45" HPOS="221" ID="ST_583.8.1.1" STYLEREFS="Style_4" VPOS="2405" WIDTH="245" WC="0.85" CC="000000000000" TAGREFS=""/>
            <SP HPOS="466" ID="SP_583.8.1.2" VPOS="2407" WIDTH="17"/>
            <String CONTENT="the" HEIGHT="34" HPOS="483" ID="ST_583.8.1.3" STYLEREFS="Style_4" VPOS="2407" WIDTH="59" WC="0.87" CC="000" TAGREFS=""/>
            <SP HPOS="542" ID="SP_583.8.1.4" VPOS="2406" WIDTH="16"/>
            <String CONTENT="trial" HEIGHT="35" HPOS="558" ID="ST_583.8.1.5" STYLEREFS="Style_4" VPOS="2406" WIDTH="80" WC="1.00" CC="00000" TAGREFS=""/>
            <SP HPOS="638" ID="SP_583.8.1.6" VPOS="2406" WIDTH="16"/>
            <String CONTENT="court’s" HEIGHT="35" HPOS="654" ID="ST_583.8.1.7" STYLEREFS="Style_4" VPOS="2406" WIDTH="128" WC="0.83" CC="0000090" TAGREFS=""/>
            <SP HPOS="782" ID="SP_583.8.1.8" VPOS="2407" WIDTH="17"/>
            <String CONTENT="award" HEIGHT="34" HPOS="799" ID="ST_583.8.1.9" STYLEREFS="Style_4" VPOS="2407" WIDTH="117" WC="0.96" CC="00000" TAGREFS=""/>
            <SP HPOS="916" ID="SP_583.8.1.10" VPOS="2406" WIDTH="16"/>
            <String CONTENT="of" HEIGHT="35" HPOS="932" ID="ST_583.8.1.11" STYLEREFS="Style_4" VPOS="2406" WIDTH="39" WC="0.98" CC="00" TAGREFS=""/>
            <SP HPOS="971" ID="SP_583.8.1.12" VPOS="2407" WIDTH="15"/>
            <String CONTENT="$5,000" HEIGHT="40" HPOS="986" ID="ST_583.8.1.13" STYLEREFS="Style_4" VPOS="2407" WIDTH="127" WC="0.86" CC="000000" TAGREFS=""/>
            <SP HPOS="1113" ID="SP_583.8.1.14" VPOS="2407" WIDTH="16"/>
            <String CONTENT="is" HEIGHT="35" HPOS="1129" ID="ST_583.8.1.15" STYLEREFS="Style_4" VPOS="2407" WIDTH="28" WC="1.00" CC="00" TAGREFS=""/>
            <SP HPOS="1157" ID="SP_583.8.1.16" VPOS="2406" WIDTH="17"/>
            <String CONTENT="affirmed." HEIGHT="35" HPOS="1174" ID="ST_583.8.1.17" STYLEREFS="Style_4" VPOS="2406" WIDTH="167" WC="1.00" CC="000000000" TAGREFS=""/>
          </TextLine>
        </TextBlock>
      </PrintSpace>
    </Page>
  </Layout>
</alto>
