1648 2688
299 390 62 33 has
374 394 58 29 not
445 389 124 42 sought
581 399 37 23 or
630 387 163 35 obtained
806 398 20 23 a
838 386 305 35 redetermination
1155 386 34 34 in
1201 386 59 33 the
1272 386 44 34 U.
1329 385 36 34 S.
1378 385 133 34 district

299 444 98 29 court
410 449 38 23 or
461 443 98 29 court
572 438 39 34 of
621 437 141 44 appeals
776 437 98 34 other
887 437 84 34 than
985 436 45 43 by
1043 435 135 44 orderly
1192 434 203 45 procedural
1409 440 101 38 steps.

300 489 65 34 We
377 499 64 24 can
454 488 122 43 hardly
588 499 61 32 say
661 487 52 35 his
726 487 143 44 petition
882 492 35 29 to
929 486 59 35 the
999 487 45 34 U.
1057 486 35 34 S.
1106 485 170 44 Supreme
1288 485 111 34 Court
1409 495 70 23 was
1491 495 20 23 a

300 539 122 43 nullity
440 538 39 34 of
495 538 59 34 the
571 543 70 29 sort
659 548 51 24 we
728 536 231 35 encountered
978 536 34 34 in
1034 537 123 42 Young
1172 546 29 23 v.
1222 535 150 39 Garrett,
1392 545 118 33 supra.

300 249 67 33 374

390 619 34 32 A
441 617 131 34 similar
589 616 164 35 situation
771 627 98 23 arose
886 616 34 34 in
942 615 156 35 Wheeler
1112 626 31 23 v.
1166 613 260 45 Wallingsford,
1445 614 66 34 229

300 668 84 34 Ark.
408 668 78 40 576,
509 668 65 33 317
596 666 143 35 S.W.2d
765 667 61 33 153
851 665 137 43 (1958),
1010 665 114 34 where
1143 665 59 34 the
1221 664 154 44 plaintiff
1392 663 79 35 filed
1492 674 20 24 a

300 717 186 43 transitory
501 717 115 34 action
631 717 34 33 in
681 716 138 34 Pulaski
836 716 139 43 County
990 715 62 34 but
1067 714 118 35 served
1201 714 59 34 the
1274 713 189 35 defendant
1479 713 33 34 in

301 767 116 34 Union
439 766 149 43 County.
610 766 83 33 This
714 771 98 28 court
832 765 80 34 held
933 765 59 34 the
1012 764 129 34 service
1161 775 69 23 was
1251 764 173 42 improper
1445 762 68 35 and

301 815 113 34 issued
428 826 19 23 a
461 815 76 33 writ
549 815 39 33 of
598 814 209 43 prohibition
820 819 35 28 to
868 814 59 33 the
939 814 139 33 Pulaski
1092 813 139 42 County
1244 813 135 33 Circuit
1392 812 120 34 Court.

301 864 105 34 Some
427 864 51 34 six
500 864 137 33 months
660 863 90 34 after
771 863 209 43 prohibition
1002 873 70 23 was
1094 861 155 40 ordered,
1272 862 59 33 the
1352 861 153 43 plaintiff

301 914 105 33 “took
416 924 20 23 a
448 913 159 34 nonsuit”
620 913 34 33 in
666 912 52 34 his
729 912 138 34 Pulaski
879 912 140 43 County
1030 911 125 34 action.
1168 912 56 33 He
1234 910 193 34 contended
1438 910 76 34 that

301 963 167 43 although
480 963 59 34 the
550 967 130 30 statute
690 961 39 35 of
738 961 202 35 limitations
952 961 69 35 had
1032 972 75 30 run,
1120 961 43 34 he
1174 960 69 35 had
1254 971 66 24 one
1330 971 82 33 year
1423 959 91 35 from

301 1014 59 34 the
388 1013 85 35 time
502 1013 43 34 he
573 1024 69 23 was
672 1012 145 44 granted
847 1012 183 34 “nonsuit”
1061 1016 35 30 to
1125 1011 99 43 bring
1254 1010 51 35 his
1335 1010 115 35 action
1480 1010 34 34 in

301 1063 214 35 accordance
529 1063 82 34 with
628 1063 17 43 §
663 1064 139 33 37-222.
819 1063 65 33 We
898 1061 79 35 held
992 1062 59 34 the
1064 1072 82 33 year
1161 1061 112 43 began
1287 1066 36 29 to
1337 1072 64 23 run
1415 1060 99 34 when

301 1114 59 34 the
376 1114 76 34 writ
469 1113 38 35 of
521 1113 209 44 prohibition
748 1112 123 35 issued.
890 1113 66 33 We
971 1111 75 35 said
1063 1112 59 34 the
1138 1111 76 34 writ
1230 1110 209 35 terminated
1456 1110 59 34 the

301 1164 139 34 Pulaski
457 1163 140 43 County
614 1163 114 34 action
745 1162 92 43 “just
853 1173 37 23 as
908 1162 193 43 effectively
1117 1172 37 24 as
1171 1161 26 34 it
1213 1160 102 35 could
1332 1160 43 35 be
1391 1160 122 34 done.”

301 1214 106 40 Thus,
426 1213 97 34 there
541 1224 69 23 was
629 1223 44 24 no
691 1212 114 35 action
824 1212 192 42 remaining
1035 1212 34 33 in
1087 1211 112 34 which
1218 1222 20 23 a
1257 1210 138 35 nonsuit
1413 1209 102 35 could

302 1263 226 43 legitimately
540 1262 43 34 be
594 1262 114 34 taken.
721 1263 49 33 At
781 1262 76 34 that
869 1262 84 33 time
964 1262 26 33 it
1001 1272 70 23 was
1083 1260 79 35 held
1174 1261 76 33 that
1262 1271 44 23 an
1318 1260 115 34 action
1444 1270 70 23 was

302 1318 59 28 not
376 1312 224 34 commenced
616 1312 87 34 until
720 1311 58 35 the
792 1311 190 43 complaint
997 1322 70 23 was
1083 1310 80 34 filed
1178 1310 69 34 and
1263 1310 59 34 the
1336 1320 178 24 summons

302 1362 121 44 placed
447 1362 34 33 in
505 1362 59 34 the
587 1361 110 35 hands
722 1361 39 34 of
780 1361 59 34 the
862 1371 123 33 proper
1009 1360 129 34 sheriff.
1164 1359 188 43 Goodyear
1378 1361 78 32 Tire
1482 1360 31 33 &

301 1411 144 35 Rubber
458 1412 59 34 Co.
530 1422 30 24 v.
573 1413 134 41 Meyer,
720 1412 67 33 209
799 1411 85 34 Ark.
899 1411 154 40 383, 191
1070 1409 143 35 S.W.2d
1225 1410 67 33 826
1307 1408 137 44 (1945).
1459 1408 53 44 Cf.

302 1462 85 33 Ark.
408 1462 42 33 R.
471 1461 74 34 Civ.
566 1462 35 33 P.
624 1462 30 33 3.
674 1460 199 40 Therefore,
892 1471 45 23 no
955 1460 115 34 action
1089 1459 102 34 could
1210 1459 87 34 have
1316 1459 87 34 been
1422 1469 92 23 com­

302 1510 144 34 menced
466 1511 34 33 in
520 1510 138 34 Pulaski
678 1510 139 42 County
836 1509 119 34 within
975 1509 59 34 the
1052 1514 130 29 statute
1200 1508 39 34 of
1255 1508 203 34 limitations
1477 1518 38 23 or

302 1560 119 34 within
433 1560 59 34 the
503 1570 163 32 one-year
678 1559 117 44 period
807 1558 196 44 prescribed
1015 1559 35 33 in
1064 1558 17 42 §
1096 1559 141 33 37-222.
1249 1558 75 34 The
1335 1557 180 44 plaintiffs

303 1609 183 35 “nonsuit”
497 1620 81 30 was,
589 1620 37 23 as
637 1609 59 34 the
705 1608 192 44 attempted
909 1608 223 34 amendment
1142 1608 34 34 in
1190 1609 159 42 Youngv.
1362 1607 150 39 Garrett,

301 1671 120 32 supra,
443 1670 19 24 a
483 1659 133 44 nullity.
639 1660 31 33 It
689 1669 70 24 was
779 1658 105 35 taken
904 1658 35 34 in
960 1669 20 23 a
1000 1657 217 35 nonexistent
1237 1657 146 35 lawsuit.

534 1739 64 33 We
608 1749 60 23 are
678 1749 113 23 aware
801 1737 39 35 of
847 1737 159 43 holdings
1017 1737 77 34 that
1104 1748 20 23 a
1135 1737 45 34 U.
1192 1736 35 35 S.
1239 1736 122 34 circuit
1371 1741 98 29 court
1479 1735 40 35 of

302 1789 141 43 appeals
462 1788 201 34 affirmance
681 1788 27 34 is
726 1787 59 35 the
803 1787 82 35 final
905 1787 106 34 result
1029 1787 99 34 when
1147 1787 97 34 there
1261 1786 28 34 is
1307 1797 44 23 no
1369 1786 93 42 right
1479 1785 40 34 of

303 1838 123 43 appeal
439 1843 35 29 to
486 1838 59 34 the
557 1838 44 34 U.
615 1838 35 34 S.
664 1837 170 44 Supreme
846 1837 121 34 Court.
980 1837 77 38 See,
1072 1847 74 33 e.g.,
1162 1835 144 35 Glick v.
1319 1835 197 34 Ballentine

302 1887 183 41 Products,
504 1888 66 34 397
589 1887 84 34 F.2d
691 1888 67 33 590
776 1886 78 43 (8th
871 1886 71 35 Cir.
964 1885 117 43 1968).
1100 1887 179 39 However,
1296 1885 29 34 if
1338 1884 178 35 certiorari

302 1937 70 35 had
389 1938 86 34 been
493 1937 145 43 granted
656 1937 44 44 by
717 1937 59 34 the
793 1937 44 34 U.
856 1936 36 35 S.
910 1936 171 44 Supreme
1098 1936 111 34 Court
1225 1936 35 34 in
1277 1935 68 35 this
1361 1946 90 30 case,
1470 1934 45 35 all

303 1993 92 29 must
408 1987 150 34 concede
571 1987 59 35 the
642 1987 131 34 federal
787 1992 99 29 court
899 1986 115 35 action
1026 1985 114 35 would
1154 1991 59 29 not
1226 1985 87 35 have
1325 1985 86 34 been
1424 1996 90 23 over.

303 2037 111 34 Given
430 2037 59 34 the
504 2037 166 34 remedial
685 2042 124 29 nature
824 2036 39 34 of
878 2036 17 43 §
915 2037 130 33 37-222
1060 2035 69 35 and
1145 2046 62 24 our
1223 2035 120 34 liberal
1359 2034 156 44 previous

303 2086 279 44 interpretations
601 2086 39 34 of
656 2086 37 41 it,
713 2097 51 23 we
782 2086 68 34 will
869 2090 60 30 not
948 2086 136 43 require
1102 2085 77 34 that
1198 2096 20 23 a
1237 2085 137 42 litigant
1392 2084 76 34 who
1487 2084 28 34 is

303 2136 139 43 seeking
454 2136 178 34 certiorari
644 2136 91 34 from
747 2136 59 34 the
817 2136 45 34 U.
876 2135 35 34 S.
925 2135 170 43 Supreme
1108 2135 110 34 Court
1229 2134 58 34 file
1298 2145 44 23 an
1354 2134 114 34 action
1480 2133 35 34 in

302 2196 66 24 one
379 2186 39 34 of
427 2196 63 24 our
501 2191 115 28 courts
629 2185 101 34 while
742 2185 51 34 his
807 2185 144 43 petition
963 2185 28 33 is
1004 2184 150 44 pending
1163 2184 73 43 just
1248 2189 35 29 to
1295 2194 156 33 preserve
1463 2183 52 34 his

303 2235 92 43 right
414 2235 110 34 under
546 2235 17 42 §
587 2236 140 33 37-222.
748 2235 75 33 The
843 2234 144 43 petition
1008 2233 53 35 for
1081 2233 178 35 certiorari
1279 2238 35 29 to
1334 2233 59 34 the
1412 2233 45 34 U.
1478 2232 36 34 S.

303 2285 170 43 Supreme
490 2284 111 35 Court
618 2289 92 29 must
728 2284 43 34 be
787 2283 80 35 filed
884 2283 120 35 within
1021 2283 119 43 ninety
1156 2282 85 44 days
1258 2282 90 35 after
1365 2287 98 38 entry
1480 2281 39 35 of

299 2334 185 44 judgment
495 2345 38 24 or
544 2334 132 34 decree.
690 2335 42 33 28
746 2333 128 35 U.S.C.
890 2333 17 43 §
921 2332 159 43 2101(c).
1093 2332 199 41 Therefore,
1304 2332 116 34 rather
1431 2332 85 34 than

303 2385 115 42 giving
435 2395 20 23 a
473 2384 166 34 claimant
657 2395 44 23 an
718 2383 217 44 open-ended
952 2382 142 35 method
1111 2382 39 35 of
1164 2382 195 44 preserving
1376 2382 59 34 the
1451 2392 66 23 one
