1644 2700
307 427 189 44 producing
507 438 20 23 a
539 428 19 36 $
566 428 100 40 1,000
676 427 224 44 supersedeas
911 427 91 34 bond
1013 427 69 35 and
1093 427 208 44 persuading
1311 427 59 34 the
1380 427 95 35 clerk
1484 432 35 29 to

306 477 217 35 discontinue
536 477 59 35 the
608 477 72 35 sale
694 476 68 36 and
775 477 138 35 declare
926 477 76 35 that
1016 478 26 34 it
1056 477 69 35 had
1139 482 59 30 not
1212 477 87 35 been
1313 477 205 44 completed.

311 287 64 34 136

396 552 103 35 After
514 552 161 44 stopping
690 553 59 34 the
764 553 82 40 sale,
863 554 117 33 Potter
995 558 106 28 wrote
1116 558 35 29 to
1167 553 112 42 Judge
1295 553 90 34 Ford
1400 564 44 23 on
1460 553 59 33 the

306 612 97 23 same
422 601 79 43 day,
522 601 197 43 explaining
739 601 78 43 why
837 602 44 33 he
901 601 69 34 had
990 602 144 42 stopped
1155 601 59 34 the
1234 602 81 33 sale.
1339 602 64 33 His
1424 602 95 33 main

306 660 121 24 reason
437 660 70 23 was
517 650 77 34 that
604 650 87 34 Mrs.
703 651 116 32 Potter
829 650 59 33 did
898 655 60 28 not
967 650 88 34 have
1064 650 59 33 the
1132 660 125 33 money
1267 655 35 29 to
1311 660 68 33 pay
1389 650 61 34 her
1460 650 58 33 bid

305 698 69 35 and
390 698 163 35 intended
570 704 35 29 to
621 709 61 24 use
697 699 59 34 the
773 699 171 34 “credits”
961 699 61 34 she
1037 709 70 24 was
1124 699 142 34 entitled
1283 704 35 30 to
1334 699 110 35 under
1459 699 59 34 the

306 748 136 35 divorce
450 748 133 42 decree,
593 748 82 36 then
685 748 102 44 being
796 748 179 45 appealed.
985 749 146 35 Potter’s
1140 749 101 35 letter
1249 754 90 30 went
1348 760 44 24 on
1401 754 35 30 to
1446 760 71 33 say:

524 825 67 44 [I]f
600 825 98 36 those
708 825 126 36 credits
847 837 59 24 are
917 825 157 36 reversed
1086 837 44 24 on
1143 827 134 44 appeal,
1290 827 103 44 Betty
1404 826 113 35 would

429 880 60 31 not
499 876 103 44 likely
613 876 87 35 have
710 887 68 33 any
788 887 121 25 source
919 876 40 35 of
966 876 103 36 funds
1080 877 82 35 with
1173 877 112 35 which
1296 882 36 29 to
1343 888 67 33 pay
1420 876 30 36 if
1457 877 61 35 she

429 937 88 24 were
537 926 59 35 the
616 926 188 35 successful
825 926 121 35 bidder
966 938 43 23 on
1030 927 59 34 the
1109 927 116 35 house.
1254 955 6 7 .
1289 955 6 7 .
1323 955 6 6 .

520 1002 39 34 In
570 1012 149 31 essence,
730 1002 61 34 she
800 1013 70 24 was
880 1002 144 44 bidding
1034 1003 81 43 play
1125 1013 134 33 money,
1271 1003 68 35 and
1350 1003 99 34 when
1459 1003 59 34 the

428 1050 58 36 bid
501 1051 147 35 reached
662 1052 69 34 and
744 1051 140 44 slightly
897 1052 171 35 exceeded
1082 1052 59 35 the
1153 1052 101 35 value
1267 1054 15 33 I
1296 1052 149 35 testified
1459 1053 59 34 the

427 1101 108 34 house
546 1100 112 36 would
670 1101 110 43 bring,
793 1102 15 33 I
820 1101 121 44 posted
953 1101 59 35 the
1023 1101 223 44 supersedeas
1258 1102 102 35 bond.
1374 1102 115 34 While
1501 1103 15 33 I

428 1161 69 24 was
509 1161 38 23 as
558 1150 143 35 anxious
713 1162 38 23 as
762 1161 135 33 anyone
908 1156 35 29 to
955 1151 167 35 conclude
1133 1151 67 35 this
1212 1157 138 35 matter,
1363 1152 15 33 I
1390 1157 127 29 cannot

428 1200 42 34 be
481 1200 121 43 placed
614 1199 35 35 in
660 1211 20 23 a
692 1200 147 43 position
851 1200 39 34 of
898 1200 143 44 bidding
1052 1201 137 42 against
1200 1211 20 24 a
1232 1211 122 34 person
1366 1201 77 35 who
1454 1201 62 34 has

427 1260 44 24 no
490 1260 125 33 money
632 1249 84 35 with
734 1249 113 35 which
865 1255 36 29 to
920 1250 154 43 perform
1092 1250 59 35 the
1169 1251 82 34 sale.
1273 1278 7 7 .
1308 1278 7 6 .
1343 1278 7 6 .
1374 1250 67 43 [I]f
1457 1251 59 34 the

427 1309 125 32 money
567 1298 185 43 judgment
772 1299 134 34 awards
927 1310 59 23 are
1006 1300 168 40 reversed,
1196 1300 61 34 she
1276 1300 68 34 will
1365 1300 87 34 have
1472 1311 44 23 no

427 1358 124 33 money
568 1348 83 34 with
669 1348 111 34 which
799 1353 35 29 to
852 1348 102 35 fulfill
972 1349 59 34 the
1049 1349 81 34 sale.
1150 1349 112 34 There
1279 1349 113 34 would
1411 1350 43 34 be
1472 1360 43 24 no

426 1397 174 35 sanctions
620 1398 136 42 against
775 1397 61 35 her
856 1397 69 36 and
946 1399 15 33 I
980 1398 114 35 would
1114 1398 44 35 be
1176 1398 173 44 damaged
1368 1399 84 35 with
1471 1410 45 23 no

426 1457 168 25 recourse.

302 1523 104 34 Later
418 1533 45 24 on
474 1523 117 35 Potter
603 1523 149 35 testified
764 1523 77 36 that
853 1524 30 35 if
892 1534 21 24 a
925 1525 110 34 resale
1046 1535 90 24 were
1147 1524 146 36 ordered
1305 1524 53 36 his
1369 1525 75 35 first
1455 1525 60 35 bid

302 1572 112 35 would
427 1573 42 35 be
481 1573 184 42 $100,000.
679 1574 87 35 Mrs.
779 1574 117 35 Potter
907 1574 149 35 testified
1068 1574 77 36 that
1156 1574 61 36 she
1227 1585 66 25 can
1305 1585 68 34 pay
1384 1575 60 35 her
1456 1575 58 35 bid

301 1623 40 34 of
358 1623 160 41 $87,000.

392 1699 112 43 Judge
527 1699 89 35 Ford
638 1710 69 24 was
730 1705 59 29 not
811 1700 280 44 unsympathetic
1113 1701 131 35 toward
1266 1702 146 34 Potter’s
1434 1701 79 35 self-

301 1747 148 36 induced
470 1749 247 43 predicament,
738 1750 53 34 for
811 1750 44 34 he
874 1750 75 34 said
970 1755 35 29 to
1025 1751 117 34 Potter
1162 1761 92 33 upon
1274 1750 240 44 withdrawing

301 1797 92 35 from
416 1798 59 34 the
498 1809 89 24 case:
613 1798 39 34 “I
677 1799 67 34 feel
767 1799 77 34 that
867 1799 100 34 when
991 1810 68 33 you
1082 1799 121 35 decide
1227 1801 195 42 something
1446 1811 68 32 you

301 1846 168 45 probably
482 1848 107 43 really
602 1848 130 35 believe
744 1849 36 39 it,
795 1848 69 34 and
877 1848 99 35 when
990 1860 67 32 you
1071 1848 121 36 decide
1204 1849 67 35 this
1285 1850 28 34 is
1327 1850 58 34 the
1398 1861 76 32 way
1487 1850 26 34 it

300 1896 108 43 ought
426 1902 36 29 to
480 1896 53 41 be,
552 1897 76 35 that
646 1908 66 32 you
730 1908 44 33 go
792 1897 150 36 forward
961 1898 34 34 in
1014 1898 87 41 that,
1120 1899 153 34 whether
1291 1899 55 34 it’s
1365 1900 91 42 right
1474 1910 39 23 or

299 1956 118 32 wrong
437 1957 38 24 or
497 1947 166 43 anything
685 1947 102 35 else.”
809 1948 257 40 Nevertheless,
1088 1948 91 35 after
1200 1959 20 23 a
1241 1949 143 43 hearing
1406 1950 107 33 about

299 1995 241 35 confirmation
561 1995 112 44 Judge
694 1996 88 35 Ford
803 2002 106 29 wrote
928 1997 35 34 in
984 2009 44 23 an
1049 1998 149 43 opinion:

515 2071 30 34 It
558 2071 28 34 is
600 2072 256 34 inconceivable
869 2072 78 35 that
959 2073 60 34 the
1033 2072 272 36 Court-ordered
1318 2074 72 34 sale
1402 2074 40 34 of
1451 2074 61 34 the

423 2120 102 35 home
540 2126 161 39 property
716 2121 101 35 could
833 2122 43 34 be
890 2122 144 44 stopped
1050 2133 37 24 as
1102 2133 70 25 was
1187 2123 148 35 testified
1350 2128 45 30 to.
1413 2124 15 34 I
1443 2123 67 35 feel

423 2171 70 34 Mr.
504 2170 116 35 Potter
629 2171 131 35 waived
769 2171 59 35 the
837 2172 223 44 supersedeas
1070 2172 44 35 he
1122 2173 87 34 later
1218 2173 131 44 posted,
1359 2174 99 34 when
1467 2173 44 35 he

421 2220 83 35 took
523 2226 78 38 part
620 2221 35 34 in
674 2221 61 35 the
754 2221 154 44 bidding.
930 2222 15 34 I
965 2222 69 35 will
1054 2223 145 34 confirm
1218 2223 59 34 the
1297 2223 81 35 sale.

298 2294 112 44 Judge
426 2295 89 35 Ford
530 2296 177 35 withdrew
721 2297 145 35 without
881 2298 126 43 having
1022 2298 189 35 confirmed
1227 2299 58 34 the
1300 2299 81 41 sale,
1397 2299 112 35 which

297 2356 70 24 was
387 2346 189 34 confirmed
596 2347 45 42 by
662 2347 112 43 Judge
794 2348 188 42 Langston.

482 2421 31 35 It
525 2421 28 34 is
566 2432 76 24 now
654 2421 131 44 argued
797 2422 77 35 that
886 2433 51 24 we
949 2422 123 36 should
1085 2428 51 30 set
1149 2423 95 35 aside
1256 2424 59 34 the
1327 2424 182 35 confirma-
