1633 2693
292 411 68 33 and
383 411 54 42 (3)
460 411 185 42 impartial.

298 272 62 34 194

383 487 74 33 The
478 486 144 44 popular
643 497 102 23 name
765 486 188 35 submitted
975 487 44 43 by
1039 487 183 43 petitioner
1242 498 79 23 was:

416 563 56 33 An
491 567 56 29 act
566 567 35 28 to
620 563 123 33 revoke
760 562 178 34 Arkansas
958 563 116 33 Power
1093 562 68 35 and
1180 563 132 42 Light’s
1331 562 174 35 franchise

416 611 68 34 and
503 611 171 34 exclusive
691 611 171 43 territory;
881 616 35 29 to
935 612 164 34 establish
1119 611 215 45 procedures,
1354 612 149 44 require-

417 667 110 29 ments
545 661 68 34 and
631 661 189 43 guidelines
838 661 53 34 for
908 661 116 34 award
1041 662 39 34 of
1094 661 146 35 revoked
1257 662 116 43 public
1390 662 114 43 utility

417 711 190 34 franchises
617 716 36 29 to
664 722 72 23 new
749 711 222 40 franchisees;
981 716 36 29 to
1027 711 140 44 provide
1177 711 53 34 for
1241 722 20 23 a
1271 711 233 43 rate-making

417 771 135 33 process
569 760 72 34 free
656 760 68 35 and
740 760 231 44 independent
986 761 39 34 of
1037 760 216 35 closed-door
1268 761 236 43 deal-making

416 810 68 35 and
495 810 360 44 influence-peddling;
865 816 35 29 to
909 811 150 43 prohibit
1068 811 117 35 future
1194 810 210 36 franchisees
1414 811 90 35 from

416 860 166 44 charging
604 866 198 38 ratepayers
824 860 53 35 for
898 861 101 43 legal,
1021 860 163 45 lobbying
1205 861 68 34 and
1296 861 208 43 advertising

418 911 137 43 (except
567 911 116 43 public
696 910 145 43 notices)
856 921 175 33 expenses;
1044 911 68 34 and
1126 916 34 29 to
1173 911 139 43 provide
1324 912 53 34 for
1390 912 113 34 exclu-

416 961 69 33 sive
503 960 218 43 jurisdiction
745 961 33 33 in
801 960 171 43 chancery
994 967 98 28 court
1114 960 39 35 of
1172 962 194 42 taxpayers’
1389 962 114 42 illegal

416 1009 158 35 exaction
595 1010 151 34 lawsuits
766 1010 220 43 challenging
1006 1016 74 28 rate
1100 1011 182 33 increases.

382 1085 75 34 The
477 1085 144 43 popular
642 1096 102 23 name
764 1085 154 34 certified
939 1086 44 42 by
1004 1085 207 44 respondent
1231 1086 38 34 is:

415 1161 57 33 An
491 1165 56 29 act
565 1166 35 28 to
619 1161 123 33 revoke
759 1160 178 35 Arkansas
956 1161 117 33 Power
1091 1160 69 35 and
1179 1161 132 42 Light’s
1331 1161 173 34 franchise

415 1210 68 34 and
503 1210 170 34 exclusive
691 1210 170 42 territory;
880 1215 36 28 to
934 1210 164 34 establish
1117 1210 217 44 procedures,
1353 1210 149 44 require-

415 1265 111 29 ments
544 1259 68 34 and
629 1259 190 43 guidelines
837 1259 53 34 for
907 1259 116 34 award
1040 1259 39 35 of
1093 1259 147 35 revoked
1256 1260 117 43 public
1389 1260 115 43 utility

415 1309 190 34 franchises
633 1314 35 29 to
696 1320 73 23 new
797 1309 222 41 franchisees;
1047 1315 35 29 to
1110 1309 151 44 prohibit
1287 1309 216 35 closed-door

415 1359 197 34 settlement
625 1358 221 35 conferences
859 1359 170 43 involving
1043 1370 96 23 more
1150 1359 85 34 than
1248 1365 67 28 two
1328 1360 127 43 parties
1469 1365 35 28 to

415 1420 20 22 a
457 1408 217 43 ratemaking
696 1408 206 44 proceeding
923 1409 68 34 and
1012 1414 165 38 attempts
1199 1414 35 29 to
1255 1409 170 35 influence
1445 1409 59 34 the

415 1458 217 43 ratemaking
660 1469 136 33 process
824 1458 135 35 outside
986 1459 133 35 normal
1148 1459 89 42 legal
1265 1459 175 40 channels;
1468 1464 36 29 to

415 1507 150 44 prohibit
579 1507 117 35 future
710 1508 211 35 franchisees
936 1508 90 35 from
1040 1508 167 44 charging
1221 1514 214 39 rate-payers
1450 1508 53 35 for

414 1558 100 43 legal,
540 1557 162 45 lobbying
726 1559 68 34 and
819 1558 209 44 advertising
1054 1559 137 43 (except
1215 1559 117 44 public
1355 1559 145 43 notices)

414 1619 174 33 expenses;
618 1608 68 34 and
714 1614 35 29 to
777 1608 140 44 provide
945 1608 53 35 for
1027 1609 170 34 exclusive
1221 1609 218 43 jurisdiction
1467 1609 35 34 in

415 1658 183 43 Chancery
622 1658 110 34 Court
754 1658 39 34 of
813 1659 194 43 taxpayers’
1031 1658 115 44 illegal
1170 1659 158 34 exaction
1351 1659 151 35 lawsuits

414 1708 218 42 challenging
653 1713 74 29 rate
747 1708 181 34 increases.

474 1785 39 33 In
538 1784 162 43 applying
725 1784 58 34 the
807 1783 184 35 standards
1015 1784 54 34 for
1093 1796 20 23 a
1138 1784 145 43 popular
1306 1796 113 29 name,
1444 1785 59 33 the

290 1833 206 43 respondent
513 1833 176 43 obviously
705 1833 215 35 determined
937 1834 77 34 that
1030 1834 59 34 the
1105 1834 141 44 phrases
1264 1834 238 34 “closed-door

289 1881 259 44 deal-making”
571 1882 68 34 and
662 1883 397 43 “influence-peddling”
1082 1883 187 34 amounted
1291 1889 35 28 to
1348 1883 153 44 partisan

289 1931 153 42 coloring
466 1931 69 34 and
560 1931 209 35 substituted
794 1932 59 34 the
878 1932 126 43 phrase
1028 1933 59 33 “to
1111 1932 152 44 prohibit
1286 1932 215 35 closed-door

290 1980 197 35 settlement
510 1980 221 35 conferences
756 1981 171 43 involving
952 1992 95 24 more
1071 1982 84 34 than
1179 1987 67 29 two
1270 1982 128 43 parties
1422 1988 35 29 to
1482 1993 20 23 a

289 2030 218 43 ratemaking
518 2030 205 43 proceeding
734 2031 68 34 and
814 2036 165 38 attempts
990 2036 35 29 to
1036 2032 170 34 influence
1216 2032 59 33 the
1284 2032 218 42 ratemaking

289 2090 136 33 process
450 2079 134 36 outside
608 2081 133 34 normal
766 2080 90 44 legal
880 2080 199 35 channels.”
1104 2081 74 35 The
1201 2081 207 44 respondent
1431 2092 70 24 was

289 2129 289 44 unquestionably
600 2136 142 29 correct.
765 2131 75 34 The
862 2130 152 44 phrases,
1038 2142 37 23 as
1097 2131 182 43 originally
1301 2131 199 41 submitted,

288 2190 89 23 were
386 2180 128 43 clearly
523 2180 193 34 calculated
726 2185 35 30 to
770 2180 171 35 influence
949 2186 112 29 voters
1070 2186 36 29 to
1115 2186 142 38 support
1266 2181 59 34 the
1333 2181 168 44 proposed

288 2229 158 34 initiated
469 2234 66 30 act.
558 2229 74 34 The
653 2230 236 43 respondent’s
910 2230 155 35 certified
1087 2230 107 35 ballot
1215 2241 103 24 name
1338 2231 82 34 does
1441 2236 60 29 not

289 2279 139 34 contain
449 2280 59 34 the
527 2279 154 43 partisan
702 2280 162 42 coloring.

379 2355 74 34 The
463 2366 96 24 same
568 2355 151 43 changes
729 2367 90 23 were
828 2356 103 34 made
941 2356 45 43 by
995 2356 59 35 the
1064 2356 207 44 respondent
1280 2357 35 34 in
1325 2357 59 34 the
1394 2357 108 34 ballot

288 2404 85 34 title.
395 2405 74 34 The
489 2405 168 44 proposed
678 2405 107 35 ballot
805 2405 76 35 title
900 2416 70 23 was
991 2417 37 23 as
1049 2406 142 34 follows:
