1632 2688
306 406 135 36 mother
452 407 111 34 locate
573 418 20 24 a
604 407 112 41 home,
727 407 142 35 secured
880 407 58 35 the
949 413 75 29 rent
1034 407 68 35 and
1113 408 114 43 utility
1237 407 134 44 deposit
1381 419 134 33 money,

306 456 68 35 and
386 456 142 35 secured
541 456 171 36 furniture
723 457 68 35 and
804 457 160 44 bedding.
979 457 240 44 Immediately
1231 457 214 42 afterwards,
1458 458 58 34 the

305 506 154 35 children
480 517 89 24 were
589 506 161 35 returned
771 512 35 29 to
826 507 205 44 appellant’s
1051 518 89 24 care.

311 268 63 34 116

395 583 74 34 The
492 583 115 34 Social
631 583 165 35 Services’
822 584 267 43 representative
1111 584 175 34 discussed
1311 585 204 43 appellant’s

305 632 117 35 future
435 632 82 35 with
532 633 70 40 her,
617 633 68 35 and
699 633 82 35 then
796 633 144 35 assisted
955 633 60 35 her
1029 634 33 34 in
1077 634 167 43 enrolling
1258 634 34 34 in
1302 634 117 43 junior
1433 634 81 43 high

305 682 127 41 school,
447 682 114 35 where
575 683 175 43 appellant
765 683 177 35 remained
957 683 53 35 for
1024 684 65 34 five
1103 683 95 44 days.
1214 684 74 34 The
1302 689 212 39 representa-

305 732 67 34 tive
388 732 144 35 assisted
549 733 176 43 appellant
741 733 33 34 in
792 733 167 43 enrolling
975 733 34 34 in
1026 745 20 23 a
1063 734 127 34 CETA
1206 733 130 35 funded
1353 745 161 33 program

305 782 67 34 and
388 782 87 34 later
490 782 144 34 assisted
651 782 60 35 her
727 783 33 35 in
776 783 167 43 enrolling
959 783 34 34 in
1009 794 20 23 a
1045 784 65 33 Job
1126 784 110 43 Corps
1252 794 172 33 program.
1440 784 74 34 The

304 832 267 43 representative
593 832 148 34 testified
764 838 36 29 to
822 844 195 29 numerous,
1041 833 125 34 almost
1188 833 103 44 daily,
1314 834 95 34 visits
1432 834 81 34 with

304 881 186 44 appellant.
519 882 142 44 Despite
687 882 98 34 those
811 883 104 35 offers
942 882 68 35 and
1038 883 187 43 provisions
1251 883 40 34 of
1314 883 199 41 assistance,

304 931 175 43 appellant
502 942 69 23 was
594 931 127 35 unable
743 937 35 29 to
801 932 139 43 provide
963 932 53 34 for
1039 933 59 33 the
1120 933 106 40 basic,
1250 933 171 40 essential,
1445 933 68 34 and

304 990 180 33 necessary
497 980 164 43 physical,
675 981 141 40 mental,
829 981 68 35 and
911 981 186 35 emotional
1110 982 103 34 needs
1226 981 39 35 of
1275 982 60 34 her
1347 982 164 34 children.

487 1056 96 36 With
601 1056 123 42 regard
742 1061 35 29 to
794 1056 59 34 the
870 1056 82 34 final
970 1057 96 43 point
1083 1057 39 33 of
1136 1057 135 43 appeal,
1289 1057 26 34 it
1333 1057 27 34 is
1379 1057 134 43 beyond

302 1104 158 44 question
475 1104 76 35 that
566 1105 59 36 the
639 1105 166 34 standard
820 1105 39 34 of
871 1106 102 43 proof
984 1106 295 44 constitutionally
1294 1107 158 43 required
1468 1107 45 43 by

302 1153 68 35 due
380 1164 135 33 process
526 1154 34 35 in
570 1154 221 36 termination
802 1155 39 34 of
848 1156 156 43 parental
1016 1156 108 43 rights
1134 1167 95 23 cases
1240 1156 28 34 is
1278 1156 59 34 the
1347 1156 165 35 standard

302 1203 39 34 of
350 1203 92 35 clear
455 1203 68 35 and
536 1204 203 43 convincing
752 1204 171 36 evidence.
936 1205 181 43 Santosky
1128 1217 30 22 v.
1172 1207 159 40 Kramer,
1346 1207 66 33 455
1427 1206 83 35 U.S.

302 1254 66 33 745
389 1252 138 44 (1982);
544 1255 141 43 Harper
699 1265 30 23 v.
750 1254 143 41 Caskin,
911 1255 66 34 265
996 1255 85 34 Ark.
1101 1256 78 40 558,
1198 1256 67 34 580
1283 1256 143 34 S.W.2d
1447 1257 64 33 176

304 1302 137 44 (1979);
453 1303 68 35 and
531 1305 83 33 A.B.
626 1315 31 23 v.
668 1304 184 35 Arkansas
861 1304 124 35 Social
993 1305 169 41 Services,
1175 1306 65 34 273
1253 1306 85 34 Ark.
1352 1307 159 40 261, 620

301 1352 143 35 S.W.2d
460 1354 63 33 271
546 1353 136 43 (1981).
699 1354 188 44 Appellant
902 1355 165 34 contends
1083 1356 76 34 that
1174 1356 84 34 Ark.
1275 1356 89 34 Stat.
1381 1357 91 33 Ann.
1492 1356 17 43 §

302 1403 141 41 56-128,
454 1403 59 34 the
522 1404 222 35 termination
754 1404 39 36 of
800 1405 157 43 parental
968 1405 108 43 rights
1086 1410 67 36 act,
1165 1405 27 34 is
1203 1406 307 34 unconstitutional

301 1452 148 35 because
460 1453 26 35 it
498 1453 82 35 does
592 1459 59 29 not
663 1454 135 44 require
810 1454 76 35 that
898 1455 165 35 unfitness
1076 1455 39 34 of
1124 1466 20 23 a
1157 1461 122 38 parent
1291 1456 43 34 be
1345 1455 108 36 found
1466 1456 45 44 by

300 1502 93 35 clear
416 1503 68 34 and
507 1503 201 44 convincing
732 1504 171 35 evidence.
929 1505 114 34 While
1066 1505 59 34 the
1148 1511 194 37 argument,
1366 1506 144 34 without

301 1562 105 31 more,
416 1552 62 38 has
488 1553 111 40 merit,
609 1564 51 23 we
668 1553 105 43 reject
782 1554 27 34 it
817 1553 35 35 in
861 1554 67 34 this
938 1565 79 24 case
1026 1554 148 35 because
1183 1555 59 34 the
1250 1555 79 34 trial
1334 1555 109 43 judge
1451 1555 59 35 did

300 1602 103 43 apply
413 1602 59 34 the
480 1603 92 34 clear
582 1602 68 35 and
659 1603 201 43 convincing
870 1603 177 35 standard.
1057 1604 75 34 The
1141 1605 79 34 trial
1229 1610 99 29 court
1338 1606 172 43 expressly

300 1651 107 34 ruled:

422 1728 32 33 4.
471 1728 95 33 Prior
582 1733 35 29 to
632 1728 58 34 the
705 1729 233 43 presentation
954 1729 39 35 of
1005 1730 59 34 the
1079 1730 130 34 instant
1224 1741 104 23 cause
1343 1731 39 34 of
1394 1731 114 34 action

422 1776 118 35 before
549 1777 68 34 this
627 1777 120 41 Court,
758 1778 74 34 said
843 1778 110 34 Court
963 1778 62 35 has
1035 1779 193 43 previously
1236 1779 226 42 determined,
1473 1780 39 34 of

422 1826 42 34 its
473 1837 76 23 own
558 1826 68 34 and
635 1827 34 34 in
678 1827 87 43 light
773 1827 40 35 of
818 1827 169 35 decisions
996 1828 39 35 of
1040 1828 60 34 the
1108 1829 169 43 Supreme
1287 1829 110 35 Court
1405 1829 40 35 of
1449 1830 60 34 the

421 1876 131 34 United
574 1876 115 35 States
712 1876 68 35 and
802 1877 59 35 the
882 1877 101 35 State
1004 1878 39 34 of
1061 1878 178 35 Arkansas
1262 1879 68 34 and
1352 1879 40 34 of
1410 1879 98 35 other

421 1930 115 30 courts
546 1925 39 35 of
592 1932 197 38 competent
795 1926 230 45 jurisdiction,
1037 1928 76 34 that
1124 1928 59 34 the
1193 1928 165 35 standard
1369 1928 39 35 of
1415 1929 93 34 clear

421 1974 68 37 and
503 1975 201 44 convincing
718 1976 162 35 evidence
894 1977 27 34 is
935 1977 59 34 the
1007 1978 159 43 required
1180 1978 165 34 standard
1359 1978 39 35 of
1408 1978 103 44 proof

420 2024 69 34 and
511 2024 161 35 evidence
693 2030 35 30 to
750 2026 43 35 be
814 2026 180 44 employed
1017 2027 98 34 when
1137 2027 216 44 considering
1375 2028 131 35 actions

420 2074 149 35 wherein
579 2075 260 44 Guardianship
848 2076 82 34 with
941 2087 113 33 power
1064 2082 35 29 to
1109 2082 142 30 consent
1260 2082 35 30 to
1305 2077 163 45 adoption
1478 2078 28 34 is

420 2124 134 43 sought.

421 2202 30 33 5.
470 2201 198 35 Consistent
685 2202 69 34 and
771 2202 34 35 in
822 2203 215 43 compliance
1053 2204 82 34 with
1152 2204 59 34 the
1227 2204 150 35 decision
1394 2204 39 35 of
1447 2205 59 34 the

419 2251 131 34 United
561 2251 116 35 States
688 2252 169 43 Supreme
868 2252 110 35 Court
989 2253 35 34 in
1034 2253 180 43 Santosky
1224 2265 30 22 v.
1265 2255 159 40 Kramer,
1441 2255 64 33 102

419 2300 95 35 S.Ct.
538 2302 86 33 1388
646 2301 137 43 (1982),
802 2301 67 35 this
888 2302 110 35 Court
1016 2303 62 34 has
1096 2303 137 44 applied
1251 2303 59 35 the
1326 2304 92 34 clear
1436 2304 69 34 and

418 2350 202 44 convincing
632 2351 161 35 evidence
804 2352 166 34 standard
981 2352 40 34 of
1028 2352 102 44 proof
1138 2353 34 34 in
1184 2353 43 34 its
1238 2353 267 35 determination

418 2399 39 34 of
473 2400 68 34 this
560 2410 104 25 cause
683 2400 39 35 of
739 2401 125 41 action,
885 2401 79 35 thus
984 2402 184 43 according
1188 2402 68 35 due
1274 2413 136 33 process
1430 2403 35 34 in
1484 2415 20 22 a
