1648 2680
296 257 68 33 402

480 395 83 34 This
574 405 80 24 case
665 395 27 33 is
704 405 20 23 a
735 393 89 44 good
835 393 159 44 example
1005 392 38 35 of
1051 393 60 34 the
1121 402 122 24 reason
1254 396 115 30 courts
1381 402 59 23 are
1450 396 59 29 not

297 445 143 35 allowed
454 451 35 28 to
504 455 124 33 reopen
642 443 181 35 dismissed
837 454 95 23 cases
947 448 34 29 to
995 443 99 34 allow
1109 441 212 44 non-parties
1335 446 35 29 to
1384 452 126 32 pursue

297 495 131 35 claims.
439 496 51 33 To
500 494 121 35 decide
630 494 59 34 the
699 494 90 34 issue
799 504 50 24 we
859 504 59 23 are
928 492 105 35 asked
1044 497 35 30 to
1089 492 140 40 resolve,
1240 502 51 24 we
1300 490 113 35 would
1423 491 86 34 have

297 551 35 29 to
342 556 100 32 guess
453 550 36 29 at
499 545 59 34 the
567 544 91 35 basis
669 544 39 34 of
717 545 102 33 Farm
830 543 166 35 Bureau’s
1006 543 105 34 claim
1121 541 68 36 and
1199 542 80 34 thus
1288 541 153 35 whether
1451 541 59 34 the

297 601 130 29 statute
448 596 69 33 Ms.
540 594 204 35 Carnathan
764 605 78 32 says
862 604 70 24 was
953 593 194 44 applicable
1167 591 138 45 applied
1325 602 38 24 or
1383 596 68 30 not.

387 676 75 34 The
480 675 185 43 judgment
688 674 139 35 entered
851 674 34 34 in
909 674 96 34 favor
1028 673 39 35 of
1088 674 102 34 Farm
1214 674 137 33 Bureau
1375 672 135 43 against

298 726 117 34 Karen
426 725 204 34 Carnathan
641 735 43 24 on
695 725 89 34 June
794 725 170 40 22,1984,
976 724 27 34 is
1014 723 156 34 reversed
1180 723 145 34 without
1335 722 175 44 prejudice

298 781 35 28 to
347 776 102 33 Farm
463 775 166 34 Bureau’s
642 774 92 43 right
746 779 35 29 to
794 774 99 42 bring
906 774 42 33 its
962 773 223 42 subrogation
1198 772 115 35 action
1325 772 45 43 by
1382 771 95 43 filing
1489 782 20 23 a

298 825 189 43 complaint
507 824 34 34 in
562 824 59 34 the
641 834 123 33 proper
784 828 108 29 court.

389 903 184 34 Reversed.

389 983 160 39 Purtle,
570 983 42 39 J.,
634 987 59 28 not
713 981 255 43 participating.

454 1267 102 42 Doug
576 1266 211 40 POYNER,
808 1265 70 34 SR.
900 1275 29 23 v.
951 1264 152 34 STATE
1122 1263 40 35 of
1178 1263 179 35 Arkansas

300 1347 65 33 CR
386 1347 128 33 85-198

1191 1345 66 33 705
1280 1342 143 36 S.W.2d
1445 1344 67 33 882

628 1425 170 43 Supreme
818 1424 110 34 Court
948 1424 39 34 of
1004 1424 178 34 Arkansas

564 1474 152 43 Opinion
737 1473 171 34 delivered
929 1473 128 34 March
1078 1474 55 39 24,
1159 1473 87 34 1986
