1632 2696
1290 269 41 34 87

213 412 39 33 G.
269 413 92 32 Ross
375 410 117 36 Smith
511 412 30 33 &
557 412 214 38 Associates,
788 412 94 39 P.A.,
897 410 56 44 by:
970 411 39 33 G.
1025 412 94 32 Ross
1132 410 118 35 Smith
1265 409 69 35 and

120 460 161 36 Richard
299 463 35 32 L.
356 460 158 45 Hughes,
536 460 53 35 for
609 461 166 43 appellee.

213 539 125 34 David
366 539 209 40 Newbern,
604 538 141 34 Justice.

775 538 74 34 The
876 538 158 44 question
1063 537 112 35 raised
1204 538 44 44 by
1276 538 59 34 the

121 589 177 43 appellant
311 589 27 34 is
351 589 152 34 whether
516 588 60 34 the
587 593 99 29 court
699 588 98 34 erred
810 588 34 34 in
856 588 132 43 finding
1001 588 77 35 that
1090 588 61 34 her
1163 588 172 35 dismissal

121 649 38 24 as
181 650 20 25 a
223 639 141 33 teacher
384 638 58 34 did
465 644 59 28 not
545 638 127 34 violate
693 638 59 34 the
772 638 155 34 Teacher
950 638 79 34 Fair
1051 638 182 34 Dismissal
1255 639 79 40 Act,

121 688 147 34 codified
293 699 38 23 as
355 688 84 34 Ark.
465 688 89 34 Stat.
580 689 92 33 Ann.
700 688 41 42 §§
769 689 153 33 80-1266
947 688 150 43 through
1123 689 207 33 80-1266.11

123 738 125 43 (Supp.
269 737 116 43 1985).
403 738 38 33 In
457 738 189 43 particular
661 738 59 34 the
735 738 175 43 appellant
925 748 124 33 argues
1065 738 59 34 the
1138 738 78 34 trial
1228 737 108 44 judge

121 788 99 34 erred
234 788 34 34 in
283 787 120 43 failing
416 793 35 29 to
464 787 72 35 find
549 788 59 34 the
621 788 204 43 appellant’s
839 788 218 34 nonrenewal
1070 798 70 24 was
1153 787 182 45 arbitrary,

121 837 194 44 capricious
330 848 38 24 or
384 837 289 44 discriminatory.
690 837 71 35 She
776 838 121 34 claims
912 838 60 34 the
987 837 79 35 trial
1079 837 108 43 judge
1202 837 59 34 did
1277 842 60 30 not

122 887 213 34 understand
349 887 76 34 that
440 888 18 42 §
475 887 248 43 80-1266.9(d)
739 887 185 44 permitted
938 887 73 34 him
1024 892 36 29 to
1073 898 43 32 go
1129 887 135 44 beyond
1278 887 59 34 the

122 937 121 34 record
273 937 170 43 compiled
473 937 34 34 in
537 937 59 34 the
625 937 117 34 school
772 937 107 34 board
909 937 144 43 hearing
1083 937 68 34 and
1180 937 157 34 consider

122 986 164 35 evidence
310 987 181 43 presented
516 987 35 34 in
576 992 99 29 court
699 998 44 23 on
768 987 121 34 review
914 987 39 34 of
975 987 59 35 the
1059 987 116 34 school
1200 987 136 34 board’s

122 1036 163 34 decision.
301 1037 65 34 We
378 1037 157 42 disagree
547 1047 45 24 on
605 1037 84 34 both
703 1037 112 43 points
828 1037 69 34 and
910 1037 114 34 affirm
1036 1037 60 34 the
1104 1037 185 43 judgment
1301 1036 40 35 of

122 1087 60 33 the
194 1086 80 34 trial
287 1092 98 28 court
398 1087 34 33 in
445 1086 112 34 which
571 1086 43 34 he
627 1086 138 35 refused
778 1092 35 29 to
825 1092 162 29 overturn
999 1087 60 34 the
1071 1087 116 34 school
1201 1087 136 34 board’s

123 1137 219 34 nonrenewal
362 1136 39 34 of
417 1137 60 34 the
496 1136 206 44 appellant’s
723 1137 161 42 teaching
904 1142 167 29 contract.

214 1214 75 33 The
312 1214 175 43 appellant
510 1224 70 23 was
604 1224 20 23 a
648 1214 331 43 non-probationary
1002 1214 128 43 special
1154 1213 183 35 education

123 1263 141 34 teacher
276 1263 34 34 in
322 1263 59 34 the
392 1263 211 34 Dardanelle
614 1263 145 34 schools.
772 1263 70 34 She
853 1263 69 35 had
934 1263 125 43 taught
1070 1263 98 35 there
1179 1263 53 35 for
1243 1274 95 24 some

123 1313 150 34 thirteen
286 1324 98 32 years
397 1313 83 34 with
493 1323 45 24 no
550 1313 270 43 unsatisfactory
833 1313 131 43 ratings
977 1313 92 34 from
1081 1313 61 34 her
1156 1313 180 44 superiors.

124 1363 40 33 In
175 1362 60 34 the
245 1363 116 34 school
373 1374 81 32 year
469 1364 197 33 1982-1983
680 1363 109 43 Larry
801 1364 87 43 May
899 1363 145 35 became
1054 1363 168 44 principal
1233 1363 39 35 of
1279 1363 60 35 the

123 1412 118 35 school
261 1412 34 34 in
314 1412 112 35 which
445 1413 60 34 the
524 1413 177 43 appellant
720 1413 134 43 taught.
875 1414 40 33 In
935 1413 187 44 February,
1147 1414 98 40 1983,
1266 1414 70 34 Mr.

124 1463 89 43 May
232 1462 181 44 expressed
432 1463 52 34 his
503 1462 219 45 disapproval
741 1463 39 34 of
796 1464 87 33 Mrs.
904 1463 164 44 Kirtley’s
1087 1463 250 44 performance,

124 1512 69 35 and
206 1513 44 34 he
263 1513 112 43 began
388 1524 20 23 a
422 1513 104 35 series
538 1513 40 34 of
588 1513 169 43 meetings
770 1513 82 35 with
866 1513 61 35 her
939 1514 113 34 which
1065 1513 111 35 lasted
1188 1513 150 44 through

125 1563 99 43 May,
241 1564 98 33 1984.
354 1564 56 33 He
421 1563 72 35 also
505 1563 252 44 corresponded
769 1564 83 34 with
863 1564 61 34 her
935 1564 151 43 through
1098 1564 192 43 exchanges
1303 1563 39 35 of

124 1613 237 34 memoranda.
373 1614 56 33 He
438 1613 142 34 notified
590 1614 88 33 Mrs.
689 1613 134 44 Kirtley
832 1625 37 23 as
879 1614 95 43 early
983 1625 38 23 as
1031 1614 128 34 March
1169 1614 168 40 25,1984,

124 1662 77 34 that
222 1663 61 33 her
302 1668 156 29 contract
478 1663 114 34 would
612 1668 60 29 not
692 1663 44 34 be
755 1663 167 34 renewed.

217 1739 87 34 Mrs.
322 1739 134 43 Kirtley
470 1739 206 43 challenged
691 1739 59 34 the
765 1739 319 35 recommendation
1099 1739 39 35 of
1151 1740 70 34 Mr.
1239 1740 99 43 May,

123 1788 114 34 which
250 1799 69 24 was
332 1788 186 44 supported
531 1789 46 43 by
589 1789 60 34 the
661 1789 116 35 school
790 1789 294 44 superintendent,
1097 1789 46 44 by
1155 1789 183 44 appealing

123 1843 37 29 to
169 1838 60 34 the
238 1839 155 43 appellee
402 1839 117 34 school
529 1839 119 34 board.
659 1839 75 34 The
743 1839 120 34 record
872 1839 40 34 of
918 1839 59 35 the
986 1839 224 44 proceedings
1220 1839 119 35 before

124 1888 60 34 the
204 1888 108 34 board
334 1888 68 34 and
423 1888 119 34 before
562 1889 60 33 the
642 1894 99 29 court
761 1889 183 34 contained
965 1895 118 37 strong
1104 1894 177 29 overtones
1303 1889 39 34 of

124 1937 154 43 political
290 1948 138 24 reasons
441 1938 53 34 for
506 1938 60 34 the
577 1939 229 33 nonrenewal.
820 1939 88 33 Mrs.
922 1939 164 43 Kirtley’s
1098 1938 159 35 husband
1269 1938 69 35 had

124 1992 37 29 at
173 1997 66 23 one
251 1987 85 34 time
349 1987 85 34 been
448 1998 20 23 a
482 1987 117 34 school
613 1988 178 43 employee
803 1987 69 35 and
885 1988 69 34 had
968 1988 157 43 engaged
1137 1988 35 34 in
1185 1988 153 43 disputes

123 2036 84 34 with
223 2036 60 34 the
299 2036 283 43 superintendent
598 2036 69 35 and
683 2037 70 34 had
769 2037 99 34 twice
884 2048 76 30 run,
977 2037 222 44 presumably
1215 2048 123 24 unsuc-

123 2085 175 44 cessfully,
313 2086 53 34 for
380 2097 20 23 a
413 2086 148 43 position
575 2097 44 23 on
632 2086 60 34 the
705 2087 117 34 school
835 2087 119 34 board.
968 2087 114 34 There
1094 2098 70 23 was
1178 2087 162 34 evidence

124 2135 77 35 that
218 2147 20 23 a
254 2135 109 35 board
379 2136 155 35 member
550 2136 69 35 had
636 2136 129 44 spoken
781 2136 39 35 of
832 2137 153 43 wanting
1001 2142 36 29 to
1053 2142 57 38 get
1127 2137 43 34 “a
1186 2136 99 35 shot”
1303 2142 36 30 at

125 2186 88 34 Mrs.
236 2186 144 44 Kirtley.

215 2264 76 34 The
304 2264 185 44 testimony
504 2264 69 35 and
587 2265 160 40 exhibits,
763 2265 34 34 in
811 2265 60 34 the
884 2264 92 35 form
990 2265 39 34 of
1040 2265 60 34 the
1114 2265 225 35 memoranda

124 2314 156 34 between
295 2315 70 33 Mr.
381 2315 88 43 May
482 2314 69 35 and
566 2315 88 34 Mrs.
669 2315 146 43 Kirtley,
830 2315 73 34 also
916 2315 102 34 could
1032 2315 107 43 easily
1152 2315 88 34 have
1253 2315 87 34 been

124 2363 212 44 interpreted
357 2375 36 23 as
414 2364 153 43 showing
588 2364 218 35 harassment
826 2364 39 34 of
883 2365 87 34 Mrs.
992 2365 146 43 Kirtley.
1160 2366 179 40 However,

125 2414 71 33 Mr.
225 2414 88 43 May
339 2413 74 35 said
440 2414 210 43 specifically
675 2419 36 29 to
737 2414 60 34 the
822 2414 108 34 board
956 2415 78 33 that
1059 2414 53 34 his
1138 2425 122 24 reason
1287 2414 53 35 for
