1663 2700
134 422 137 35 dations
284 422 68 34 and
365 422 75 34 that
453 422 59 35 the
524 422 114 44 repair
651 421 69 35 had
732 427 59 29 not
804 422 86 34 been
903 422 104 34 made
1019 421 44 44 by
1076 421 59 34 the
1147 421 84 35 time
1242 421 39 35 of
1290 421 59 35 the

134 473 170 34 accident.

1282 280 65 33 347

227 602 75 34 The
322 611 176 33 governor,
519 601 113 34 which
653 601 149 34 controls
823 601 59 34 the
902 600 114 44 safety
1036 605 105 39 stops,
1162 600 70 34 had
1252 606 35 28 to
1307 600 44 35 be

136 650 158 44 repaired
316 650 72 43 just
412 650 119 35 before
555 651 60 34 the
639 650 169 35 accident.
834 650 57 34 On
915 650 206 44 September
1147 651 31 39 8,
1204 661 44 23 an
1273 650 77 34 Otis

136 701 224 39 serviceman,
378 701 160 34 Norman
556 701 188 40 Beckman,
762 700 160 34 removed
940 700 59 35 the
1016 710 166 32 governor
1199 700 68 34 and
1286 701 64 33 3M

136 750 161 44 replaced
314 750 59 34 the
389 750 104 35 shaft.
510 751 75 34 The
602 755 81 30 next
699 749 68 44 day
783 750 26 34 it
825 761 69 23 was
912 749 160 45 replaced
1089 749 69 35 and
1176 750 175 34 Beckman

136 800 75 34 said
228 801 43 33 he
286 800 228 34 recalibrated
530 800 36 34 it.
583 800 75 34 The
672 810 166 32 governor
853 800 28 34 is
896 805 52 29 set
962 805 36 29 to
1013 799 68 44 trip
1096 799 140 34 safeties
1252 799 29 34 if
1293 799 59 35 the

136 850 152 34 elevator
308 860 81 32 goes
409 855 57 29 too
487 849 80 35 fast.
590 850 31 34 It
642 849 69 35 had
731 854 36 30 to
787 850 43 34 be
850 849 161 35 removed
1032 860 20 23 a
1073 848 66 35 few
1159 849 85 44 days
1265 850 87 34 later

136 900 150 34 because
297 900 176 34 Beckman
483 899 70 35 had
564 899 174 44 forgotten
748 905 36 29 to
795 900 86 34 have
891 911 20 23 a
923 900 78 34 hole
1011 898 123 35 drilled
1144 899 35 34 in
1189 899 59 34 the
1258 899 94 35 shaft

137 950 54 34 for
205 961 21 23 a
240 960 120 33 grease
373 949 125 44 fitting.
514 950 178 34 Beckman
705 949 76 35 said
794 950 43 34 he
850 949 60 35 did
923 955 61 29 not
997 950 87 34 have
1098 954 35 29 to
1147 949 206 35 recalibrate

138 1000 59 34 the
208 1010 166 33 governor
385 999 99 35 when
495 1000 81 43 only
587 1000 59 34 the
657 999 94 35 shaft
762 1010 70 24 was
843 999 161 35 removed
1016 998 69 36 and
1097 999 169 44 replaced.
1279 1000 75 34 The

138 1050 90 34 “call
258 1050 90 34 back
376 1049 69 35 and
474 1050 135 44 repair”
640 1049 97 35 sheet
766 1050 161 34 reflected
957 1050 77 35 that
1063 1049 172 44 problems
1265 1061 89 23 were

138 1099 160 45 reported
313 1105 35 29 to
362 1100 77 34 Otis
454 1111 96 24 some
568 1101 39 34 19
623 1100 101 35 times
739 1100 34 34 in
787 1100 60 34 the
860 1111 82 33 year
956 1099 69 36 and
1040 1110 20 24 a
1074 1099 78 35 half
1163 1099 118 35 before
1294 1100 59 34 the

138 1150 159 35 accident
319 1149 68 35 and
413 1151 36 33 11
475 1150 101 35 times
598 1150 34 35 in
654 1150 59 34 the
734 1150 94 43 eight
849 1150 138 35 months
1009 1149 101 36 after.
1132 1150 112 34 There
1264 1161 90 24 were

138 1205 133 39 reports
282 1199 40 35 of
329 1200 59 34 the
398 1199 160 36 overload
570 1199 120 36 switch
702 1199 161 45 tripping,
875 1200 130 34 broken
1017 1199 152 42 buttons,
1181 1211 37 23 or
1229 1200 124 44 simply

138 1250 77 34 that
228 1251 59 34 the
300 1250 150 34 elevator
462 1249 114 35 would
590 1255 59 30 not
662 1261 74 23 run.
751 1250 93 43 Only
856 1250 107 35 about
976 1250 79 35 four
1067 1250 112 34 weeks
1192 1250 90 34 after
1294 1250 59 35 the

139 1300 170 40 accident,
327 1299 26 35 it
369 1311 70 23 was
456 1300 160 44 reported
633 1305 36 30 to
686 1299 78 35 Otis
781 1300 77 34 that
874 1300 60 35 the
950 1300 151 35 elevator
1118 1311 70 23 was
1205 1300 148 43 running

140 1355 77 38 past
238 1350 59 34 the
316 1349 94 34 floor.

232 1477 73 36 Bob
316 1478 114 44 Early,
442 1489 44 24 an
497 1479 152 34 elevator
658 1479 208 41 consultant,
877 1490 70 24 was
958 1478 165 45 qualified
1133 1489 37 24 as
1181 1490 44 23 an
1236 1484 118 39 expert

139 1528 54 34 for
205 1528 182 35 Faulkner.
398 1529 59 34 No
467 1528 174 44 objection
651 1539 70 24 was
732 1528 103 35 made
844 1534 36 29 to
890 1529 53 34 his
953 1528 248 45 qualification.
1214 1530 56 33 He
1280 1529 74 34 said

139 1578 44 34 he
192 1578 74 35 first
276 1578 137 34 worked
423 1578 53 35 for
485 1578 79 35 Otis
575 1579 34 34 in
623 1579 87 34 1947
721 1578 99 35 when
830 1579 43 34 he
882 1590 69 23 was
962 1579 34 34 in
1006 1578 141 43 college.
1159 1580 56 33 He
1224 1579 68 34 and
1301 1579 53 34 his

139 1628 116 35 father
274 1628 87 34 later
379 1628 152 35 founded
550 1639 45 24 an
613 1629 151 34 elevator
782 1629 244 34 maintenance
1043 1628 69 34 and
1131 1629 112 43 repair
1261 1639 92 24 com-

139 1689 103 33 pany.
256 1679 56 33 He
322 1678 82 34 then
415 1678 113 43 began
538 1678 53 35 his
602 1689 76 24 own
690 1678 150 35 elevator
851 1679 195 42 consulting
1057 1678 89 35 firm.
1159 1679 56 34 He
1225 1678 59 35 did
1295 1684 59 29 not

139 1728 86 35 view
237 1728 60 35 the
310 1728 65 34 3M
388 1728 150 35 elevator
550 1729 89 34 until
656 1729 99 34 1984.
769 1728 65 35 His
846 1729 187 44 testimony
1045 1739 70 24 was
1128 1728 106 35 based
1246 1739 44 24 on
1303 1729 52 34 his

140 1778 236 34 examination
389 1778 39 34 of
437 1779 59 33 the
509 1779 151 34 elevator
673 1778 69 34 and
755 1778 102 44 study
869 1778 40 35 of
918 1779 60 34 the
990 1778 138 35 records
1141 1779 214 34 maintained

139 1838 45 24 on
193 1828 60 34 the
261 1827 160 35 elevator.
433 1828 31 34 It
472 1839 70 23 was
551 1828 53 34 his
613 1828 139 44 opinion
761 1828 77 34 that
846 1828 100 34 when
955 1829 59 34 the
1022 1828 159 34 accident
1190 1828 165 35 occurred

139 1877 99 35 there
251 1887 70 24 was
337 1887 20 24 a
371 1887 113 34 power
498 1888 103 33 surge
615 1877 113 35 which
742 1877 127 35 caused
884 1889 20 23 a
915 1878 88 43 jerk.
1020 1878 155 34 Because
1188 1878 59 34 the
1261 1878 94 35 drive

139 1927 126 35 sheave
274 1938 69 23 was
352 1938 104 30 worn,
466 1927 98 35 there
573 1939 70 24 was
652 1938 44 24 no
705 1928 148 34 traction
862 1928 83 35 with
953 1928 60 35 the
1021 1927 66 35 five
1095 1928 127 41 cables;
1231 1928 124 35 inertia

139 1977 129 35 caused
277 1977 59 35 the
344 1988 59 24 car
411 1983 36 29 to
456 1989 99 24 move
564 1978 100 35 down
673 1977 108 35 faster
790 1978 69 35 and
867 1979 60 34 the
935 1978 141 35 safeties
1085 1983 51 30 set
1145 1979 142 43 causing
1296 1979 59 34 the

139 2027 134 35 sudden
287 2032 86 39 stop.
389 2029 56 33 He
457 2028 75 34 said
545 2028 85 35 such
644 2038 119 33 surges
776 2039 89 24 were
878 2034 60 29 not
950 2039 211 24 uncommon
1175 2028 68 35 and
1256 2029 99 34 when

141 2078 172 34 Faulkner
326 2088 69 23 saw
406 2078 60 33 the
477 2078 121 43 sparks
610 2077 182 41 overhead,
804 2078 28 34 it
841 2089 71 23 was
923 2078 61 34 the
995 2078 119 42 arcing
1127 2078 38 34 of
1173 2078 60 34 the
1243 2083 112 29 motor

140 2132 157 29 contacts
317 2126 112 34 which
449 2127 128 34 caused
598 2127 59 34 the
677 2137 111 32 surge.
810 2128 105 42 Early
934 2128 75 33 said
1030 2127 59 33 the
1109 2127 73 34 fact
1201 2128 77 33 that
1297 2128 60 33 the

140 2176 152 34 elevator
305 2175 69 35 had
388 2176 132 44 slipped
533 2176 120 35 before
666 2176 69 34 and
748 2176 69 34 had
830 2187 89 32 gone
931 2177 109 34 below
1053 2176 60 34 the
1125 2176 133 43 ground
1271 2177 85 34 floor

140 2225 124 35 should
280 2225 87 34 have
382 2226 156 43 signaled
553 2226 79 35 Otis
648 2226 77 34 that
741 2226 194 43 something
951 2238 70 23 was
1037 2237 128 32 wrong.
1182 2227 89 34 How
1286 2226 70 35 fast

140 2275 69 34 and
220 2275 76 35 how
307 2275 54 34 far
370 2276 59 33 the
439 2286 59 24 car
507 2276 114 34 would
631 2286 43 33 go
684 2276 114 34 would
807 2276 135 44 depend
952 2287 45 24 on
1006 2276 60 35 the
1075 2276 280 41 circumstances,

140 2325 178 43 including
332 2325 59 34 the
404 2326 87 34 car’s
506 2326 79 34 load
599 2325 69 36 and
682 2325 60 35 the
755 2326 281 43 counterweight.
1052 2326 105 43 Early
1170 2326 113 34 would
1297 2331 59 30 not

139 2375 153 35 concede
304 2375 77 34 that
394 2375 89 43 logic
496 2375 69 35 and
578 2375 138 45 physics
729 2375 130 35 dictate
872 2376 77 34 that
962 2376 30 34 if
1002 2375 59 35 the
1074 2375 125 35 sheave
1212 2376 143 43 slipped,

139 2425 60 34 the
219 2435 60 24 car
299 2424 113 34 would
432 2435 43 33 go
495 2436 46 33 up
562 2426 117 34 rather
699 2425 86 34 than
805 2425 110 34 down.
