1632 2696
103 417 126 43 zoning
241 417 186 34 ordinance
438 416 156 44 provides
605 417 77 34 that
693 427 45 24 an
749 416 123 44 appeal
883 416 40 34 of
931 427 20 23 a
963 416 125 42 zoning
1099 420 127 29 matter
1237 426 81 32 may

104 467 43 34 be
170 467 104 34 taken
298 466 89 35 from
409 467 59 33 the
491 466 165 44 planning
679 466 220 34 commission
922 471 36 29 to
979 465 60 34 the
1060 465 70 43 city
1152 464 108 35 board
1282 464 40 35 of

104 517 167 34 directors
295 517 44 42 by
363 527 43 23 an
430 515 210 35 “interested
663 516 134 43 party.”
822 515 151 44 Clearly,
997 514 69 35 had
1089 514 59 35 the
1171 514 148 44 hospital

105 566 181 43 appealed,
298 566 25 34 it
333 565 112 35 would
456 566 87 34 have
552 565 87 34 been
650 576 44 23 an
706 564 208 35 “interested
924 564 135 44 party.”
1072 565 178 39 However,
1260 564 60 34 the

106 616 124 43 appeal
248 626 70 23 was
336 615 103 34 made
456 615 44 43 by
519 616 70 33 Mr.
610 615 171 34 Faulkner
799 615 76 34 who
892 614 121 34 owned
1031 619 161 38 property
1209 613 35 34 in
1261 613 60 34 the

106 665 260 43 neighborhood
376 676 95 23 some
480 665 50 34 six
540 665 119 34 blocks
669 675 98 33 away
776 664 68 35 and
854 664 77 34 who
940 663 70 35 had
1020 663 173 44 appeared
1202 663 119 34 before

106 715 60 34 the
186 715 166 44 planning
372 714 220 35 commission
614 714 69 34 and
704 715 128 43 spoken
853 714 34 34 in
908 713 98 35 favor
1026 713 39 35 of
1083 713 159 43 allowing
1262 713 59 34 the

107 765 146 43 parking
275 765 47 34 lot
343 770 35 29 to
398 765 43 33 be
460 764 95 34 used.

1271 275 44 33 47

198 851 76 34 The
284 851 90 34 issue
383 850 39 35 of
429 850 162 43 standing
601 850 35 34 in
646 855 144 30 matters
800 850 39 34 of
846 850 125 43 zoning
981 850 141 44 appeals
1133 849 62 35 has
1204 849 87 35 been
1301 860 20 23 a

107 901 234 34 troublesome
357 911 65 24 one
438 906 35 29 to
490 911 61 33 say
568 900 60 35 the
644 900 97 35 least.
760 901 31 33 It
807 900 62 34 has
886 899 202 35 stimulated
1105 905 218 37 controversy

108 951 100 34 when
219 951 26 34 it
255 951 62 34 has
328 951 112 34 arisen
450 950 91 35 from
552 950 141 44 appeals
704 950 39 35 of
749 950 169 35 decisions
928 961 38 23 as
976 955 36 29 to
1022 950 77 34 how
1108 949 82 35 land
1200 949 122 35 should

109 1001 43 34 be
163 1001 120 34 zoned.
295 1001 68 34 See
374 1001 129 34 Annot.
516 1001 44 34 69
572 1001 99 34 ALR
683 1000 44 35 3d
740 1001 65 34 805
821 999 138 44 (1976);
970 1000 130 34 Annot.
1114 1001 42 33 37
1168 1000 98 34 ALR
1278 999 45 34 2d

111 1051 139 42 (1954);
274 1052 128 33 Annot.
430 1051 63 34 168
517 1051 99 34 ALR
643 1052 39 33 13
709 1049 137 44 (1947);
870 1050 198 41 Comment,
1090 1049 177 44 Standing
1288 1056 35 27 to

108 1100 141 44 Appeal
268 1102 139 42 Zoning
423 1102 311 33 Determinations:
757 1100 70 35 The
853 1099 213 45 “Aggrieved
1083 1099 156 35 Person”
1256 1101 69 32 Re­

110 1153 207 40 quirement,
329 1151 43 34 64
383 1150 110 35 Mich.
505 1151 38 34 L.
555 1151 84 33 Rev.
655 1151 88 34 1070
755 1149 137 44 (1966).
902 1150 68 34 See
980 1149 79 35 also
1069 1150 52 34 M.
1133 1149 188 41 Gitelman,

114 1201 72 34 The
202 1200 92 35 Role
311 1200 45 44 of
365 1200 199 44 Neighbors
583 1203 34 32 in
634 1202 141 42 Zoning
791 1201 118 40 Cases,
929 1201 42 33 28
991 1200 85 34 Ark.
1096 1200 37 34 L.
1153 1200 83 34 Rev.
1256 1200 63 34 221

112 1250 138 43 (1974).
265 1251 30 34 It
307 1251 27 34 is
346 1250 147 44 perhaps
505 1261 83 24 even
600 1261 97 24 more
707 1250 230 44 complicated
948 1250 99 34 when
1058 1250 60 34 the
1128 1250 157 44 question
1296 1250 28 34 is

110 1311 66 24 one
188 1300 40 35 of
238 1300 161 44 standing
412 1306 35 29 to
460 1306 134 29 contest
607 1301 60 34 the
679 1301 161 43 granting
853 1311 38 24 or
903 1300 116 35 denial
1032 1300 39 34 of
1081 1311 20 23 a
1114 1300 210 34 conditional

111 1362 71 23 use.

204 1437 116 34 While
331 1437 67 34 this
411 1447 79 24 case
502 1437 63 34 has
577 1437 88 34 been
678 1437 130 43 argued
820 1448 37 23 as
870 1436 30 35 if
909 1448 20 23 a
942 1436 211 35 conditional
1165 1447 61 23 use
1237 1447 90 23 were

111 1487 104 42 being
230 1487 125 43 sought
370 1492 35 29 to
420 1487 126 43 permit
560 1487 60 34 the
634 1487 146 43 parking
795 1487 59 40 lot,
869 1487 27 34 it
911 1497 146 33 appears
1072 1491 36 29 to
1122 1497 40 23 us
1177 1486 76 34 that
1267 1486 60 34 the

111 1537 151 43 hospital
278 1547 70 24 was
365 1536 197 44 requesting
579 1547 21 24 a
616 1536 236 35 modification
869 1536 39 34 of
921 1536 60 34 the
997 1536 211 34 conditional
1224 1547 61 23 use
1300 1536 27 34 it

112 1586 69 35 had
193 1586 164 35 obtained
368 1592 35 29 to
414 1592 177 29 construct
601 1586 60 35 the
668 1586 143 44 jogging
822 1586 90 35 trail.
924 1586 113 35 There
1048 1586 28 34 is
1087 1591 59 29 not
1157 1586 170 44 complete

112 1642 202 38 agreement
323 1637 106 34 about
438 1637 154 34 whether
602 1637 159 34 issuance
769 1636 39 35 of
815 1648 20 23 a
844 1636 211 35 conditional
1064 1647 62 24 use
1135 1636 124 44 permit
1268 1636 28 34 is
1306 1647 20 23 a

112 1687 192 43 legislative
323 1698 37 23 or
380 1687 276 34 administrative
674 1698 38 23 or
731 1686 258 44 quasi-judicial
1009 1686 167 35 function.
1195 1687 69 33 See
1282 1687 43 33 R.

113 1737 151 43 Wright,
282 1739 139 41 Zoning
435 1738 82 33 Law
534 1739 34 32 in
583 1736 198 34 Arkansas:
796 1738 31 32 A
847 1737 248 43 Comparative
1110 1736 177 42 Analysis,
1306 1737 18 33 3

113 1787 182 33 U.A.L.R.
311 1787 71 33 L.J.
398 1787 79 39 421,
492 1787 68 33 425
578 1785 138 43 (1980).
733 1785 53 44 Cf.
803 1786 42 33 D.
860 1785 187 40 Newbern,
1062 1787 139 41 Zoning
1211 1785 117 34 Flexi­

113 1835 115 43 bility:
249 1835 116 35 Bored
384 1835 46 44 of
442 1834 264 45 Adjustment?,
730 1836 43 33 30
795 1835 84 34 Ark.
903 1835 38 34 L.
964 1835 84 34 Rev.
1072 1835 79 40 491,
1173 1835 152 34 495-498

115 1885 139 43 (1977).
267 1886 50 34 As
329 1885 140 44 appeals
480 1884 92 36 from
582 1885 60 35 the
652 1885 165 44 planning
828 1884 222 35 commission
1061 1895 43 33 go
1115 1889 35 30 to
1161 1884 59 35 the
1230 1884 98 44 city’s

114 1935 192 44 legislative
328 1935 100 44 body,
451 1935 59 35 the
533 1935 108 35 board
664 1935 40 35 of
723 1935 176 41 directors,
922 1935 148 44 perhaps
1093 1935 26 34 it
1142 1934 122 35 should
1286 1934 43 35 be

114 1985 203 35 considered
329 1997 20 23 a
362 1986 189 43 legislative
563 1991 138 29 matter.
714 1986 74 34 The
799 1985 163 44 majority
973 1985 176 40 tradition,
1162 1985 166 40 however,

114 2036 63 34 has
193 2036 88 34 been
298 2041 35 29 to
349 2041 89 29 treat
453 2035 59 35 the
527 2035 212 35 conditional
755 2046 61 24 use
831 2040 138 39 request
985 2046 37 23 as
1038 2035 161 42 invoking
1215 2035 113 43 quasi-­

111 2085 146 43 judicial
269 2096 130 32 powers
410 2085 39 34 of
457 2085 59 34 the
526 2085 166 43 planning
703 2085 221 34 commission
936 2084 68 35 and
1015 2084 40 34 of
1062 2085 60 33 the
1132 2084 118 34 board.
1261 2084 69 34 See

116 2136 43 33 D.
172 2135 188 40 Newbern,
371 2146 119 32 supra,
503 2140 36 29 at
551 2135 80 40 494,
643 2135 69 34 n.9.
725 2134 113 34 When
848 2134 130 34 viewed
990 2145 38 23 as
1040 2145 20 23 a
1072 2133 258 44 quasi-judicial

115 2189 129 29 matter
257 2189 36 29 to
307 2184 43 34 be
363 2184 185 34 addressed
562 2184 45 43 by
620 2184 60 34 the
693 2184 165 43 planning
871 2183 222 35 commission
1107 2183 68 34 and
1189 2183 59 34 the
1260 2183 71 43 city

115 2233 110 34 board
235 2233 40 34 of
281 2233 165 34 directors
457 2233 68 34 and
535 2233 100 34 when
644 2233 196 44 ultimately
850 2233 167 34 reviewed
1027 2233 35 34 in
1072 2243 21 24 a
1103 2237 77 30 true
1185 2232 145 43 judicial

116 2283 139 43 setting,
278 2283 84 35 such
385 2294 36 24 as
444 2294 19 24 a
485 2283 173 44 chancery
679 2288 109 36 court,
811 2283 59 35 the
891 2293 148 34 purpose
1060 2282 69 35 and
1151 2287 123 30 nature
1295 2282 39 34 of

116 2334 126 43 zoning
263 2333 168 35 decisions
451 2344 65 24 can
537 2334 107 44 easily
664 2333 44 35 be
728 2333 183 44 forgotten.

304 2421 134 43 Zoning
447 2420 27 35 is
484 2431 20 24 a
513 2420 118 44 public
639 2425 138 30 matter.
788 2420 115 34 While
911 2420 60 34 the
979 2419 109 44 rights
1097 2419 69 35 and
1174 2419 113 34 duties
1296 2418 39 35 of
