1656 2685
304 399 198 34 assistance.
516 400 65 32 We
592 398 86 34 need
691 403 59 29 not
762 398 110 43 weigh
884 398 59 34 the
954 408 78 33 pros
1045 397 68 34 and
1125 407 81 24 cons
1218 397 39 34 of
1266 397 76 34 that
1353 396 159 43 disputed

304 448 195 42 testimony,
511 448 25 33 it
547 448 27 33 is
584 447 136 42 enough
731 452 35 28 to
775 451 80 29 note
865 447 59 33 the
933 452 90 28 state
1032 445 106 34 failed
1148 450 36 30 to
1193 446 235 33 demonstrate
1437 445 76 33 that

303 496 59 34 the
379 496 114 42 illegal
511 501 109 29 arrest
638 495 68 34 and
723 495 59 33 the
799 496 143 41 ensuing
960 499 187 29 statement
1163 505 89 23 were
1269 498 158 39 separate
1443 493 68 34 and

304 544 231 44 independent
546 544 39 34 of
593 544 85 34 each
690 544 108 34 other.
810 544 95 34 Thus
917 544 59 33 the
987 548 89 29 state
1088 543 61 33 has
1162 542 105 35 failed
1280 543 33 33 in
1326 542 42 34 its
1380 541 131 35 burden

303 594 39 34 of
367 593 102 44 proof
494 594 79 40 and,
602 593 230 42 accordingly,
862 593 58 34 the
947 597 187 30 statement
1161 591 123 35 should
1312 591 87 35 have
1426 591 86 34 been

304 643 213 44 suppressed.

305 258 66 34 366

394 720 74 34 The
478 720 191 43 remaining
680 719 111 45 points
802 730 59 24 are
870 718 166 36 rendered
1047 723 94 30 moot
1151 718 44 45 by
1204 719 68 34 this
1282 718 158 41 reversal,
1451 717 62 36 but

303 771 99 34 those
420 770 77 35 that
516 770 101 36 could
637 770 89 35 arise
745 769 102 44 again
867 770 67 34 will
955 770 43 34 be
1017 769 185 35 addressed
1222 769 53 35 for
1294 779 163 34 purposes
1477 768 39 35 of

303 821 145 34 another
468 821 89 35 trial.

395 897 172 35 Roderick
577 897 190 44 complains
778 897 76 34 that
865 897 43 34 he
918 908 69 23 was
998 895 124 35 denied
1133 895 58 36 the
1202 896 91 43 right
1303 906 44 24 on
1356 896 72 34 voir
1439 895 74 35 dire

304 953 35 28 to
349 947 62 34 ask
420 947 97 35 three
526 947 174 44 questions
710 946 39 35 of
756 947 212 44 prospective
974 946 124 43 jurors:
1114 945 33 43 1)
1159 946 59 34 the
1223 946 126 43 juror’s
1360 945 152 35 reaction

304 1003 35 28 to
351 997 121 34 claims
485 996 45 44 by
542 997 59 34 the
613 995 122 36 sheriff
745 996 76 34 that
833 997 97 34 there
942 996 69 34 had
1024 996 87 34 been
1124 1006 44 23 no
1180 995 163 35 unsolved
1356 994 156 35 murders

303 1046 124 43 during
437 1046 52 34 his
499 1052 121 29 tenure
629 1057 37 24 as
676 1046 129 40 sheriff;
817 1046 36 43 2)
865 1046 58 34 the
929 1046 125 43 juror’s
1065 1045 152 35 reaction
1226 1051 36 28 to
1271 1045 60 34 the
1338 1044 131 35 verdict
1478 1044 34 35 in

304 1096 59 34 the
375 1096 79 34 trial
467 1096 39 34 of
516 1096 89 34 John
619 1096 200 39 DeLorean,
833 1095 69 35 and
916 1095 36 42 3)
968 1096 75 33 how
1057 1095 59 34 the
1124 1095 97 42 juror
1234 1095 111 42 might
1358 1094 155 37 describe

304 1145 59 34 the
382 1144 188 35 defendant
590 1150 35 29 to
644 1156 20 23 a
684 1155 123 32 spouse
826 1156 38 23 or
883 1145 92 33 close
992 1144 124 34 friend.
1139 1144 64 34 We
1222 1144 44 34 do
1285 1149 60 28 not
1363 1143 72 34 find
1454 1143 59 34 the

303 1194 174 43 questions
492 1205 37 23 so
543 1194 129 43 plainly
686 1194 220 42 appropriate
920 1194 76 33 that
1010 1204 51 22 we
1075 1203 59 23 are
1148 1192 167 44 prepared
1330 1198 35 28 to
1379 1203 61 32 say
1454 1192 58 34 the

303 1243 78 34 trial
399 1244 126 33 court’s
543 1243 184 34 discretion
744 1253 69 23 was
831 1242 141 35 abused.
989 1241 157 35 Sanders
1161 1253 30 23 v.
1209 1243 113 39 State,
1341 1242 66 33 278
1426 1241 84 34 Ark.

303 1293 79 39 420,
404 1292 67 33 646
492 1291 143 35 S.W.2d
660 1292 40 33 14
723 1291 136 43 (1983).

510 1368 76 34 Nor
596 1367 44 34 do
651 1378 51 23 we
712 1367 99 34 think
820 1367 59 35 the
889 1367 129 34 refusal
1028 1366 40 35 of
1075 1366 59 34 the
1144 1367 79 34 trial
1233 1371 98 30 court
1342 1371 35 29 to
1387 1366 125 44 permit

303 1417 59 34 the
371 1417 120 42 taking
501 1417 39 35 of
547 1417 176 43 discovery
733 1416 208 44 depositions
952 1417 45 43 by
1006 1417 59 34 the
1075 1416 141 35 defense
1225 1427 69 24 was
1305 1427 44 23 an
1360 1416 107 35 abuse
1476 1416 39 35 of

303 1467 194 35 discretion.
519 1466 173 45 Hoggard
709 1478 30 23 v.
760 1467 112 41 State,
895 1468 66 33 277
983 1466 85 35 Ark.
1094 1467 75 40 117,
1192 1467 67 34 640
1280 1465 143 36 S.W.2d
1447 1467 64 33 102

305 1516 136 43 (1982).

510 1592 173 35 Roderick
697 1592 114 34 insists
826 1593 59 34 the
899 1593 128 42 charge
1041 1592 39 34 of
1092 1592 128 43 capital
1234 1592 139 34 murder
1388 1591 123 35 should

303 1643 87 33 have
405 1642 86 35 been
508 1642 148 35 reduced
672 1647 35 30 to
723 1642 73 34 first
812 1642 125 43 degree
952 1641 139 35 murder
1107 1641 148 35 because
1270 1642 96 34 there
1381 1652 69 24 was
1467 1652 44 24 no

304 1691 161 35 evidence
481 1703 83 33 rape
579 1691 165 35 occurred
761 1691 100 35 while
878 1692 111 34 Linda
1007 1692 114 34 Cruce
1137 1703 69 23 was
1224 1692 96 34 alive.
1339 1692 65 33 We
1419 1691 90 35 disa­

303 1752 90 32 gree.
414 1742 101 34 From
534 1742 59 34 the
610 1741 102 44 proof
727 1752 37 23 as
783 1752 20 23 a
821 1742 111 34 whole
949 1753 51 23 we
1018 1741 98 34 think
1134 1741 59 35 the
1207 1742 80 43 jury
1304 1741 100 35 could
1423 1741 88 35 have

303 1791 150 34 inferred
470 1792 76 34 that
561 1791 59 34 the
635 1791 203 43 underlying
854 1802 122 24 reason
992 1791 54 34 for
1061 1791 59 34 the
1136 1791 138 35 murder
1289 1802 69 23 was
1374 1801 83 33 rape
1472 1801 39 24 or

302 1841 192 42 attempted
508 1851 93 33 rape,
617 1841 109 34 either
740 1840 40 34 of
789 1841 112 34 which
916 1840 113 35 would
1043 1846 142 38 support
1199 1841 58 34 the
1270 1841 137 42 charge.
1422 1840 86 35 Ark.

301 1890 89 33 Stat.
412 1890 91 34 Ann.
527 1890 17 42 §
566 1891 150 33 41-1501
743 1889 115 44 (Repl.
885 1890 116 42 1977).

392 1965 157 34 Another
563 1970 183 38 argument
760 1965 27 34 is
802 1965 59 35 the
874 1970 99 29 court
987 1965 97 34 erred
1099 1965 35 34 in
1148 1965 152 43 refusing
1314 1970 35 29 to
1363 1965 146 35 instruct

302 2014 58 34 the
371 2014 80 43 jury
465 2025 43 24 on
524 2015 174 43 negligent
712 2015 181 34 homicide.
910 2016 66 33 We
989 2020 81 29 note
1084 2014 76 35 that
1173 2015 59 34 the
1246 2015 78 34 trial
1338 2019 98 30 court
1450 2014 59 35 did

302 2064 145 34 instruct
474 2074 43 24 on
544 2065 73 33 first
644 2064 124 43 degree
795 2064 150 41 murder,
973 2064 126 34 second
1125 2064 124 43 degree
1276 2064 138 34 murder
1441 2064 68 35 and

302 2114 270 42 manslaughter.
587 2115 65 33 We
665 2114 99 34 think
776 2114 59 34 the
844 2114 81 43 jury
938 2125 69 23 was
1021 2114 158 43 properly
1192 2113 189 35 instructed
1394 2124 44 23 on
1451 2113 59 35 the

301 2163 103 44 proof
420 2163 190 44 presented.

508 2240 65 34 We
582 2239 157 43 disagree
746 2239 83 35 with
839 2239 174 35 Roderick
1021 2239 76 34 that
1106 2239 59 34 the
1173 2239 79 35 trial
1261 2244 98 29 court
1368 2238 98 35 erred
1474 2239 35 35 in

301 2289 213 43 disallowing
530 2289 59 34 the
605 2289 231 35 introduction
853 2289 39 35 of
905 2301 21 23 a
942 2289 134 44 portion
1093 2288 39 35 of
1145 2290 59 33 the
1219 2289 184 44 transcript
1419 2289 91 35 from

301 2338 144 35 another
468 2339 79 35 trial
570 2339 34 34 in
628 2340 146 43 Wynne,
797 2340 189 40 Arkansas,
1010 2339 34 34 in
1067 2339 112 35 which
1202 2339 174 35 Roderick
1397 2349 69 24 was
1489 2349 20 25 a

301 2389 147 34 witness.
468 2389 75 34 The
561 2389 79 34 trial
660 2388 155 35 involved
834 2389 158 34 criminal
1012 2389 144 43 charges
1176 2389 53 34 for
1248 2389 59 34 the
1326 2388 89 35 theft
1434 2388 39 35 of
1490 2399 20 24 a
