1655 2689
290 398 63 33 140
368 396 143 35 S.W.2d
526 397 65 33 673
610 395 137 43 (1940).
762 397 146 33 Burnett
922 394 79 35 held
1015 395 77 34 that
1106 405 20 23 a
1140 394 193 43 regulation
1348 393 150 44 promul-

285 446 104 42 gated
415 446 44 42 by
484 446 59 34 the
567 445 259 34 commissioner
851 445 38 34 of
912 455 163 23 revenues
1100 454 70 23 was
1194 448 162 38 contrary
1380 449 35 28 to
1440 443 59 34 the

285 495 195 44 applicable
489 500 130 30 statute
629 495 68 34 and
708 494 173 35 therefore
889 493 89 35 void.
989 494 75 34 The
1074 493 166 44 specialty
1250 492 128 35 carrier
1387 498 110 29 status

286 545 27 34 is
329 551 59 28 not
403 550 161 38 contrary
579 550 36 28 to
630 545 69 34 Act
715 545 78 34 685.
811 544 31 35 It
857 543 170 35 identifies
1043 543 213 43 exemptions
1272 548 35 29 to
1323 542 59 35 the
1397 542 102 35 HUE

286 600 70 36 tax,
369 594 176 43 including
556 594 117 35 trucks
685 594 159 43 carrying
856 594 66 34 less
933 593 85 35 than
1030 594 124 40 73,281
1170 592 143 45 pounds.
1326 592 104 35 Since
1441 592 59 34 the

285 645 204 34 ASH&TD
506 645 27 34 is
550 644 159 43 required
726 649 35 29 to
777 643 203 35 administer
996 643 59 34 the
1072 643 102 34 HUE
1189 648 59 29 tax
1265 641 68 35 and
1350 648 35 28 to
1401 642 44 34 do
1461 652 37 24 so

286 695 152 43 requires
450 705 20 23 a
482 693 267 35 determination
761 692 39 35 of
808 694 59 34 the
878 703 95 33 gross
985 692 127 43 weight
1123 691 39 35 of
1169 692 148 34 vehicles
1329 692 100 43 using
1440 691 60 34 the

286 744 118 35 state’s
417 744 188 43 highways,
617 743 59 35 the
687 743 217 43 designation
915 742 39 35 of
962 742 59 35 the
1033 742 166 44 specialty
1210 742 128 35 carrier
1349 747 110 29 status
1472 741 27 34 is

287 804 20 24 a
318 805 75 32 way
403 799 36 29 to
450 793 169 35 facilitate
629 793 180 35 collection
820 793 39 34 of
866 793 77 34 that
953 797 59 30 tax
1023 791 68 36 and
1102 792 28 34 is
1140 792 120 34 within
1270 791 59 35 the
1340 791 159 44 agency’s

286 854 113 33 power
420 849 35 29 to
475 843 228 45 promulgate.

287 258 66 33 502

379 929 50 42 (c)
443 929 206 44 Appellants
662 929 72 34 also
745 929 174 43 complain
931 928 77 35 that
1019 928 264 34 non-Arkansas
1295 927 203 43 base-regis-

287 979 94 34 tered
400 979 144 34 carriers
562 983 93 29 must
673 977 134 45 qualify
824 978 89 34 their
931 978 116 33 trucks
1066 977 45 43 by
1128 988 44 23 an
1192 977 169 42 “integral
1379 976 119 35 fleets”

286 1027 254 41 classification,
559 1027 109 34 under
687 1027 79 43 only
784 1037 65 24 one
867 1032 165 38 payment
1049 1026 128 44 option.
1197 1025 302 35 Arkansas-based

286 1076 316 46 owner/operators
621 1087 59 24 are
698 1076 144 35 allowed
860 1076 46 43 by
923 1076 138 34 DF&A
1078 1081 36 29 to
1132 1075 79 43 pick
1228 1075 89 35 their
1336 1079 164 40 payment

287 1127 117 43 option
431 1126 68 34 and
525 1126 104 44 apply
655 1127 26 33 it
707 1131 35 29 to
768 1125 89 35 their
883 1125 188 35 individual
1098 1126 128 40 trucks,
1254 1125 185 42 according
1464 1129 36 29 to

286 1176 204 44 appellants.

377 1261 74 34 The
479 1261 193 44 appellants
700 1261 233 43 misinterpret
961 1260 59 35 the
1047 1260 172 44 pertinent
1247 1260 150 44 policies.
1426 1260 75 34 The

287 1311 116 34 actual
414 1311 169 43 practices
595 1310 40 34 of
643 1311 59 34 the
713 1310 204 35 ASH&TD
929 1309 69 35 and
1010 1310 138 34 DF&A
1159 1320 60 24 are
1229 1309 60 35 the
1299 1320 107 24 same:
1419 1309 82 43 they

286 1361 100 33 allow
407 1371 65 23 one
493 1365 165 39 payment
679 1360 117 43 option
818 1370 60 33 per
899 1359 90 34 fleet.
1011 1359 179 34 Arkansas
1212 1358 288 44 base-registered

285 1410 149 34 vehicles
453 1409 77 35 that
549 1420 59 23 are
627 1408 187 44 registered
833 1408 110 35 under
962 1408 59 35 the
1040 1409 79 34 IRP
1138 1408 87 35 have
1244 1408 89 34 their
1352 1408 148 42 mileage

287 1458 159 45 reported
457 1458 45 45 by
513 1459 59 34 the
583 1459 78 34 IRP
672 1469 44 24 on
727 1469 20 24 a
758 1458 80 35 fleet
848 1458 103 35 basis.
963 1458 92 35 That
1066 1458 79 34 IRP
1156 1458 148 42 mileage
1314 1457 185 35 documen-

286 1509 110 35 tation
409 1509 28 34 is
449 1508 83 35 then
544 1508 84 35 used
642 1508 44 44 by
698 1508 59 35 the
770 1509 137 34 DF&A
919 1513 36 29 to
967 1507 99 35 allow
1079 1508 59 34 the
1150 1508 128 34 carrier
1290 1512 36 29 to
1338 1508 105 34 select
1455 1518 44 23 an

286 1559 118 44 option
423 1558 53 34 for
495 1559 86 34 each
599 1558 90 35 fleet.
710 1558 187 44 Similarly,
916 1558 60 34 the
993 1558 205 35 ASH&TD
1217 1557 117 35 allows
1353 1557 148 43 mileage

287 1608 282 36 documentation
584 1614 36 29 to
634 1608 43 36 be
690 1608 187 44 computed
890 1619 44 24 on
949 1619 20 23 a
984 1608 80 35 fleet
1078 1608 92 35 basis
1184 1608 100 43 using
1299 1607 109 35 either
1423 1608 78 34 IRP

286 1658 138 35 records
440 1669 38 24 or
492 1659 98 34 other
605 1658 138 35 records
757 1658 191 35 submitted
963 1663 36 29 to
1013 1669 21 24 a
1048 1658 259 43 governmental
1324 1658 109 43 entity
1446 1657 54 35 for

287 1719 95 24 some
392 1708 125 35 official
529 1718 157 34 purpose.
698 1708 98 35 Once
806 1708 59 34 the
875 1708 81 34 fleet
966 1708 28 33 is
1005 1713 62 36 set,
1079 1708 34 34 in
1124 1708 110 34 either
1244 1718 90 30 case,
1345 1708 81 43 only
1435 1718 66 23 one

287 1759 117 43 option
425 1757 39 35 of
482 1759 102 34 HUE
603 1763 164 38 payment
787 1757 28 35 is
836 1757 155 35 allowed.

494 1844 74 34 The
584 1843 204 35 ASH&TD
805 1843 117 34 allows
939 1843 264 34 non-Arkansas
1221 1841 106 36 based
1343 1842 156 40 carriers,

287 1894 113 34 where
422 1898 159 38 separate
602 1893 147 43 integral
771 1893 97 35 fleets
890 1892 88 35 exist
999 1892 110 35 under
1130 1903 66 24 one
1217 1892 192 44 ownership
1431 1891 68 35 and

287 1948 159 39 separate
462 1942 120 36 record
599 1943 68 34 and
684 1942 174 44 reporting
875 1947 146 39 systems
1038 1954 60 23 are
1114 1941 214 36 maintained
1345 1942 53 34 for
1414 1941 85 35 each

287 1992 147 43 integral
452 1992 90 41 fleet,
561 1997 36 30 to
615 1993 104 34 select
737 1998 160 37 separate
914 1992 146 43 options.
1080 1991 173 44 Highway
1271 1992 229 43 Department

287 2042 210 43 Regulation
512 2041 107 43 V(B).
634 2042 75 34 The
723 2042 138 34 DF&A
875 2042 73 34 also
962 2041 62 35 has
1038 2052 21 24 a
1073 2041 194 43 regulation
1281 2041 129 43 stating
1424 2040 76 35 that

288 2092 78 34 IRP
376 2091 237 44 qualification
623 2091 88 35 shall
722 2091 43 34 be
775 2101 44 24 on
830 2102 21 23 a
861 2091 81 34 fleet
952 2091 92 34 basis
1056 2090 68 35 and
1135 2090 46 35 all
1192 2089 150 36 affected
1352 2090 147 34 vehicles

287 2141 68 34 will
371 2152 67 33 pay
453 2140 109 35 either
577 2140 39 35 of
628 2145 68 30 two
710 2140 154 35 relevant
878 2140 146 44 options.
1041 2140 174 43 Highway
1229 2140 74 34 Use
1317 2139 182 44 Equaliza­

287 2191 71 35 tion
371 2192 73 33 Tax
457 2190 237 44 Regulations,
707 2190 197 45 paragraph
917 2189 66 44 (8).
997 2190 107 44 Mary
1115 2189 98 36 Ellen
1224 2189 127 42 Gerke,
1364 2189 89 35 head
1464 2188 40 35 of

287 2241 59 35 the
358 2242 164 34 Revenue
534 2241 78 34 IRP
624 2241 97 41 Unit,
734 2240 149 35 testified
895 2240 77 35 that
984 2251 20 24 a
1016 2240 110 43 single
1138 2240 78 35 IRP
1227 2240 80 34 fleet
1319 2250 66 24 can
1396 2239 104 35 select

288 2301 44 24 an
343 2291 118 43 option
472 2290 62 35 but
544 2291 60 34 the
614 2301 114 24 owner
739 2290 62 34 has
812 2295 36 30 to
858 2290 83 35 then
953 2290 151 35 exercise
1113 2290 60 34 the
1183 2301 97 23 same
1290 2290 118 43 option
1418 2288 82 35 with

288 2341 46 34 all
347 2341 59 34 the
418 2341 118 34 trucks
549 2340 35 34 in
597 2340 77 34 that
687 2344 147 31 account
847 2351 38 23 or
897 2340 91 34 fleet.
1003 2340 103 34 Since
1118 2339 98 35 there
1229 2339 27 34 is
1270 2350 44 23 no
1326 2338 175 45 disparate

287 2395 188 30 treatment
495 2390 97 35 there
612 2390 27 33 is
660 2400 44 24 no
724 2389 91 35 basis
836 2389 54 35 for
910 2400 20 23 a
951 2389 105 35 claim
1075 2389 39 34 of
1131 2388 284 36 discrimination.
