1640 2698
317 411 59 34 the
390 416 127 29 matter
530 411 91 35 back
634 416 35 29 to
683 412 59 34 the
756 411 165 43 planning
935 411 221 35 commission
1171 411 53 35 for
1238 411 291 35 reconsideration

316 461 99 34 when
430 471 43 24 no
487 461 123 43 appeal
625 461 69 34 had
708 461 85 34 been
808 461 91 34 filed.
915 462 56 33 He
984 461 165 34 contends
1164 461 59 34 the
1236 461 108 34 board
1359 461 170 35 exceeded

316 511 43 34 its
376 510 186 44 authority.
581 510 74 34 The
672 516 183 37 argument
873 510 112 34 would
1003 511 87 34 have
1107 510 86 34 been
1211 516 156 37 stronger
1384 510 68 35 had
1470 511 59 34 the

316 559 109 35 board
440 559 156 35 reversed
610 560 59 34 the
684 560 165 43 planning
863 560 221 34 commission
1099 560 116 34 rather
1230 560 85 35 than
1329 560 200 43 suggesting

316 609 302 35 reconsideration.
631 610 178 40 However,
822 620 83 23 even
917 609 34 34 in
962 610 76 34 that
1049 615 100 29 event
1159 621 51 23 we
1221 609 112 34 would
1344 610 87 34 have
1442 609 87 34 been

316 658 110 35 called
439 669 92 32 upon
544 664 35 29 to
591 659 157 34 consider
761 659 166 42 seriously
939 669 62 23 our
1013 663 187 30 statement
1212 659 35 34 in
1263 659 130 42 Taylor
1403 670 29 22 v.
1449 660 80 41 City

315 708 46 42 of
363 707 106 35 Little
478 707 112 40 Rock,
603 708 67 33 226
681 707 85 34 Ark.
780 708 156 40 384, 583
949 707 143 34 S.W.2d
1104 709 44 32 72
1161 707 137 43 (1979),
1310 713 35 28 to
1356 708 59 34 the
1425 708 103 34 effect

316 757 76 34 that
411 756 59 34 the
490 757 71 34 role
579 756 40 34 of
634 767 20 24 a
675 756 165 44 planning
859 757 221 34 commission
1100 756 27 35 is
1147 757 129 42 merely
1296 762 35 29 to
1351 762 56 29 act
1426 767 38 24 as
1484 768 44 23 an

316 806 135 35 advisor
460 811 36 29 to
505 806 59 35 the
573 806 70 44 city
654 805 107 36 board
771 806 39 34 of
816 806 176 35 directors.
1005 807 104 40 Here,
1120 818 51 23 we
1180 807 87 34 have
1277 806 59 35 the
1345 812 183 38 argument

315 856 76 35 that
400 856 59 35 the
469 856 107 35 board
586 856 69 35 had
666 868 43 24 no
719 857 175 44 authority
903 861 36 30 to
949 857 62 35 ask
1019 857 59 35 the
1087 857 166 44 planning
1262 857 220 35 commission
1492 862 35 30 to

315 907 194 35 reconsider
529 907 100 35 when
648 907 99 35 there
766 907 69 35 had
855 908 87 34 been
962 918 45 24 no
1027 908 134 44 appeal.

317 272 45 33 46

499 989 115 34 While
636 1000 51 23 we
708 989 181 42 recognize
910 989 77 34 that
1010 1000 19 23 a
1052 989 70 43 city
1144 1000 81 33 may
1247 995 60 28 not
1329 990 118 42 ignore
1469 990 59 34 the

314 1037 206 44 procedures
532 1038 27 34 it
571 1038 62 34 has
646 1043 51 29 set
709 1048 46 34 up
768 1038 53 34 for
833 1038 243 43 participation
1088 1038 40 34 of
1137 1039 142 34 citizens
1291 1039 34 33 in
1338 1038 189 44 municipal

315 1092 234 37 government,
569 1098 50 23 we
637 1087 87 34 have
742 1087 80 34 held
841 1088 77 34 that
936 1098 20 23 a
975 1088 98 43 cityâ€™s
1093 1088 132 34 actions
1244 1098 59 23 are
1322 1093 59 29 not
1400 1088 127 34 invalid

314 1136 99 34 when
422 1136 26 34 it
457 1136 62 34 has
528 1136 243 43 substantially
779 1136 171 44 complied
960 1137 82 34 with
1051 1137 43 34 its
1103 1137 197 43 prescribed
1309 1137 216 43 procedures.

313 1186 137 34 Adams
469 1197 30 23 v.
519 1187 108 39 Sims,
649 1187 66 33 238
737 1186 85 34 Ark.
845 1186 79 40 696,
947 1187 65 33 385
1034 1186 143 35 S.W.2d
1202 1189 39 32 13
1265 1186 137 43 (1965).

405 1267 60 33 Dr.
480 1267 119 43 Mings
611 1267 84 34 cites
707 1267 149 35 Potocki
866 1279 30 23 v.
912 1268 79 42 City
1003 1267 46 44 of
1052 1269 85 33 Fort
1147 1267 130 41 Smith,
1291 1269 67 33 279
1371 1268 85 34 Ark.
1475 1269 51 40 19,

314 1317 66 34 648
399 1316 143 35 S.W.2d
560 1317 68 33 462
648 1316 137 43 (1983),
803 1317 54 34 for
875 1318 58 33 the
950 1317 210 44 proposition
1178 1318 76 34 that
1272 1318 59 34 the
1347 1319 70 42 city
1434 1324 93 28 must

313 1366 102 34 abide
426 1366 44 43 by
481 1366 42 34 its
534 1365 213 36 ordinances.
761 1367 38 33 In
810 1367 77 34 that
896 1377 80 23 case
986 1367 59 34 the
1054 1367 71 43 city
1135 1367 185 43 flagrantly
1330 1367 141 43 ignored
1482 1368 43 34 its

313 1426 76 23 own
404 1416 233 43 requirement
652 1416 77 34 that
744 1416 124 43 zoning
884 1416 162 44 petitions
1062 1421 60 30 not
1137 1416 44 35 be
1195 1416 228 35 resubmitted
1438 1417 88 34 until

313 1475 65 24 one
389 1475 81 33 year
481 1465 90 34 after
582 1465 125 35 denial.
721 1466 38 34 In
771 1470 164 36 contrast,
947 1477 51 23 we
1008 1465 71 35 find
1091 1477 44 23 no
1146 1466 166 35 mandate
1322 1467 35 34 in
1368 1466 67 35 this
1446 1477 80 24 case

313 1515 120 43 saying
443 1515 59 34 the
511 1514 107 35 board
629 1526 80 33 may
719 1520 59 30 not
787 1520 140 39 suggest
936 1515 292 36 reconsideration
1238 1516 45 43 by
1292 1516 59 35 the
1360 1516 165 44 planning

312 1564 230 36 commission.
561 1565 39 34 In
615 1564 149 36 Potocki
778 1576 30 24 v.
827 1566 79 43 City
922 1565 46 44 of
974 1567 85 34 Fort
1073 1566 128 40 Smith,
1219 1577 119 33 supra,
1355 1578 51 23 we
1421 1567 103 34 noted

312 1615 77 35 that
400 1614 97 35 there
507 1626 69 24 was
588 1620 59 30 not
659 1626 83 24 even
754 1616 206 35 substantial
972 1616 215 45 compliance
1198 1616 82 35 with
1292 1617 59 34 the
1360 1628 165 33 germane

312 1665 196 35 ordinance.

403 1746 40 34 In
456 1748 151 42 Taggart
620 1748 31 33 &
665 1749 152 42 Taggart
826 1746 94 36 Seed
929 1748 60 33 Co.
999 1759 31 23 v.
1042 1749 79 41 City
1130 1747 46 44 of
1176 1750 174 42 Augusta,
1361 1749 66 34 278
1438 1749 84 34 Ark.

314 1797 78 40 570,
407 1796 66 34 647
487 1796 143 34 S.W.2d
643 1797 67 34 458
727 1796 137 43 (1983),
878 1807 51 24 we
941 1798 118 33 struck
1071 1796 99 35 down
1183 1808 20 24 a
1216 1798 98 42 cityâ€™s
1328 1803 148 38 attempt
1489 1803 35 29 to

312 1845 125 44 bypass
460 1845 205 44 completely
687 1846 43 35 its
753 1846 166 44 planning
941 1847 220 34 commission
1184 1847 34 34 in
1241 1847 59 34 the
1322 1847 78 35 face
1421 1847 40 34 of
1480 1848 43 34 its

311 1895 187 34 ordinance
510 1895 174 44 requiring
697 1896 76 34 that
786 1896 125 43 zoning
924 1902 143 29 matters
1082 1896 42 34 be
1136 1897 181 43 presented
1330 1897 73 35 first
1416 1902 35 29 to
1464 1898 59 34 the

311 1944 165 43 planning
490 1945 220 35 commission
723 1945 68 35 and
805 1946 83 34 then
901 1950 36 29 to
949 1946 60 34 the
1022 1946 118 35 board.
1155 1947 122 40 There,
1291 1947 113 42 again,
1419 1958 69 23 was
1502 1958 20 23 a

310 1994 149 43 flagrant
480 1994 107 35 abuse
607 1994 68 35 and
695 2006 44 23 no
760 1995 74 34 hint
854 1995 40 34 of
911 1995 207 35 substantial
1138 1996 223 44 compliance.

400 2074 74 34 The
485 2075 114 34 action
610 2075 39 34 of
657 2076 58 34 the
725 2075 70 44 city
806 2075 108 35 board
925 2087 69 23 was
1005 2077 231 44 appropriate.
1248 2078 65 33 We
1323 2088 66 24 can
1399 2077 123 44 hardly

310 2135 61 33 say
387 2124 26 34 it
430 2124 209 35 constituted
655 2136 44 23 an
717 2125 107 35 abuse
840 2126 39 34 of
892 2125 59 35 the
967 2131 70 29 sort
1053 2126 34 34 in
1105 2126 58 34 the
1179 2137 95 24 cases
1290 2127 91 34 cited
1398 2127 45 43 by
1459 2128 61 33 Dr.

311 2174 129 43 Mings.

399 2255 76 35 The
486 2255 127 36 second
626 2256 134 44 alleged
772 2267 94 24 error
879 2257 28 34 is
920 2257 77 34 that
1009 2257 90 35 after
1112 2257 59 35 the
1183 2258 165 43 planning
1361 2258 160 35 commis-

309 2305 74 34 sion
396 2305 150 43 rejected
560 2306 59 34 the
631 2306 178 44 hospitalâ€™s
823 2312 138 39 request
973 2318 20 23 a
1007 2307 126 35 second
1146 2308 84 34 time
1243 2307 59 35 the
1314 2308 124 44 appeal
1451 2319 70 23 was

309 2355 149 42 brought
480 2355 118 35 before
618 2356 59 34 the
698 2356 108 35 board
827 2357 45 43 by
893 2367 65 24 one
978 2357 76 34 who
1075 2368 69 23 was
1165 2363 60 29 not
1246 2368 44 23 an
1312 2358 209 34 â€œinterested

309 2405 134 43 party.â€
462 2405 206 34 Subsection
687 2407 34 33 H
740 2405 39 34 of
794 2406 133 34 Article
945 2407 30 32 V
993 2406 40 34 of
1047 2407 59 34 the
1124 2407 82 43 City
1223 2406 39 35 of
1278 2408 81 33 Fort
1376 2407 145 34 Smithâ€™s
