1642 2699
327 276 62 35 138

322 416 57 34 On
393 416 76 34 that
484 416 91 34 basis
590 416 116 34 Potter
721 415 130 43 argued
865 416 77 34 that
956 416 43 34 he
1013 416 112 34 would
1140 415 43 34 be
1197 415 143 34 entitled
1355 421 35 28 to
1406 415 79 35 89%
1499 415 40 34 of

321 465 59 33 the
403 464 164 43 proceeds
590 465 40 33 of
650 464 72 34 sale
745 465 68 33 and
838 465 87 33 Mrs.
950 466 116 32 Potter
1089 470 36 28 to
1153 464 86 34 11%.
1266 464 64 34 His
1354 465 122 41 theory
1498 464 40 34 of

322 513 257 43 proportionate
591 512 144 35 division
749 512 113 35 rested
874 513 178 42 primarily
1064 523 44 23 on
1121 513 59 33 the
1192 523 80 23 case
1284 512 39 34 of
1336 512 156 34 Tibbetts
1503 524 30 22 v.

326 561 165 41 Tibbetts,
513 562 67 33 406
601 561 93 34 A.2d
715 562 44 33 70
782 562 89 42 (Me.
898 561 116 42 1979).

412 647 145 34 Potter’s
568 646 208 35 calculation
786 657 71 24 was
867 647 106 34 based
983 651 36 29 to
1030 658 20 23 a
1060 647 96 43 large
1166 652 116 30 extent
1292 657 93 34 upon
1395 647 52 35 his
1459 657 75 24 own

321 696 185 44 testimony
518 696 68 35 and
598 707 37 24 so
647 697 28 34 is
687 702 59 29 not
758 696 134 35 treated
904 708 37 23 as
953 696 218 44 undisputed.
1186 697 56 34 On
1254 697 59 34 the
1324 697 74 34 first
1410 697 123 43 appeal

321 757 50 24 we
389 746 213 43 recognized,
621 757 43 24 on
682 746 59 34 the
758 746 176 44 authority
951 746 39 35 of
1004 757 20 23 a
1041 747 112 34 Texas
1170 757 89 31 case,
1278 746 76 35 that
1372 752 162 39 property

321 796 164 43 acquired
506 797 35 34 in
562 802 78 38 part
661 801 61 29 out
742 796 39 34 of
799 796 140 35 marital
961 796 103 35 funds
1086 796 68 35 and
1175 796 35 35 in
1231 801 78 39 part
1330 802 61 29 out
1412 796 38 35 of
1469 807 66 24 one

320 846 152 44 spouse’s
488 851 159 38 separate
662 845 104 36 funds
782 857 82 32 may
880 846 42 34 be
937 847 35 34 in
988 852 78 38 part
1081 846 139 35 marital
1236 852 162 39 property
1413 846 69 35 and
1499 847 34 34 in

320 901 78 39 part
408 901 168 39 separate.
589 897 65 34 We
663 896 154 35 resolved
827 896 59 35 the
896 896 91 35 issue
997 896 44 44 by
1051 895 141 45 holding
1202 897 76 35 that
1289 897 117 35 Potter
1417 896 115 36 “owns

320 957 21 24 a
368 952 160 38 separate
554 946 142 35 interest
723 946 35 35 in
785 947 60 34 the
871 947 49 34 lot
947 946 69 36 and
1043 947 108 35 house
1177 947 35 34 in
1239 947 60 35 the
1326 952 144 30 amount
1497 947 39 35 of

321 996 220 40 $9,656.08.”
559 997 64 34 We
638 996 91 35 cited
744 997 59 34 the
823 996 155 35 Tibbetts
993 1007 89 31 case,
1099 1002 59 29 not
1173 996 53 35 for
1242 997 59 34 the
1315 997 167 44 principle
1497 997 40 34 of

320 1046 257 43 proportionate
596 1046 145 34 division
762 1046 61 35 but
843 1046 54 34 for
917 1047 59 34 the
996 1046 187 44 “acquired
1203 1047 34 34 in
1258 1047 178 43 exchange
1455 1047 76 34 for”

319 1096 117 33 clause
449 1096 34 33 in
496 1100 146 30 statutes
655 1096 187 43 governing
855 1096 60 34 the
926 1096 145 34 division
1083 1096 39 34 of
1131 1096 216 43 community
1359 1102 172 38 property.

550 1180 56 34 On
617 1180 144 35 remand
772 1180 112 43 Judge
894 1181 176 42 Langston
1081 1181 183 34 construed
1275 1191 63 23 our
1348 1181 138 44 opinion
1497 1187 35 28 to

319 1240 102 24 mean
432 1230 76 34 that
519 1230 116 34 Potter
646 1230 27 34 is
685 1229 143 35 entitled
838 1235 36 29 to
885 1231 184 40 $9,656.08
1082 1230 91 35 from
1183 1230 59 35 the
1252 1235 59 30 net
1321 1230 164 44 proceeds
1495 1231 40 34 of

319 1279 82 40 sale,
422 1279 58 34 the
499 1284 69 29 rest
587 1284 35 30 to
642 1280 42 34 be
703 1279 137 35 divided
860 1280 147 43 equally.
1028 1280 74 34 The
1117 1279 108 44 judge
1244 1290 70 24 was
1334 1280 102 43 right.
1457 1280 75 35 Our

319 1328 123 35 settled
456 1328 189 44 procedure
657 1329 27 34 is
699 1334 35 29 to
748 1330 121 34 review
883 1330 171 43 chancery
1067 1340 96 24 cases
1177 1329 43 35 de
1233 1340 88 24 novo
1334 1330 68 34 and
1416 1335 35 29 to
1465 1330 66 34 end

318 1379 59 34 the
398 1384 219 38 controversy
639 1379 44 43 by
706 1389 19 23 a
749 1379 82 34 final
850 1379 184 43 judgment
1056 1390 38 23 or
1116 1380 45 42 by
1183 1390 20 23 a
1225 1379 168 35 direction
1415 1385 35 29 to
1472 1380 60 34 the

319 1428 195 34 chancellor
531 1433 35 29 to
583 1433 96 30 enter
696 1439 20 23 a
734 1428 82 35 final
833 1428 133 35 decree.
989 1428 152 35 Wilborn
1157 1440 30 23 v.
1205 1429 136 41 Elston,
1360 1430 67 34 209
1445 1430 85 33 Ark.

319 1478 156 40 670, 191
492 1478 142 34 S.W.2d
647 1478 63 35 961
729 1477 137 43 (1946).
881 1478 123 40 When,
1018 1489 37 24 as
1067 1479 93 40 here,
1173 1478 59 35 the
1243 1479 90 34 facts
1345 1479 87 35 have
1444 1479 86 34 been

318 1527 87 43 fully
416 1527 196 44 developed,
624 1528 27 34 it
662 1528 113 34 would
787 1528 44 35 be
841 1528 163 44 pointless
1016 1528 53 35 for
1081 1540 39 23 us
1133 1533 35 29 to
1179 1528 144 35 remand
1335 1529 59 34 the
1405 1540 79 24 case
1495 1534 35 30 to

319 1578 58 34 the
398 1577 195 35 chancellor
615 1578 53 35 for
690 1589 20 23 a
733 1578 135 35 further
890 1578 195 35 evaluation
1107 1578 39 35 of
1164 1578 59 35 the
1245 1579 100 41 facts,
1368 1579 82 35 with
1472 1579 60 35 the

318 1627 191 45 possibility
527 1627 39 35 of
581 1639 20 23 a
620 1628 126 35 second
766 1629 123 44 appeal
908 1639 44 24 on
971 1628 59 35 the
1047 1640 97 24 same
1162 1628 174 36 facts.Yet
1354 1630 76 34 that
1449 1629 27 35 is
1495 1630 35 34 in

317 1677 104 35 effect
431 1678 93 35 what
535 1678 59 34 the
604 1678 177 44 appellant
791 1679 28 34 is
831 1679 145 43 arguing
988 1684 35 29 to
1034 1679 87 34 have
1132 1679 87 34 been
1230 1680 59 34 the
1300 1679 110 35 intent
1420 1679 40 36 of
1467 1690 63 24 our

317 1727 139 43 opinion
476 1738 44 24 on
540 1728 59 34 the
619 1728 73 34 first
713 1728 134 43 appeal.

409 1812 31 34 It
464 1812 27 34 is
515 1822 62 24 our
601 1812 151 43 practice
776 1817 59 30 not
859 1818 35 28 to
918 1813 96 34 leave
1037 1813 175 43 questions
1236 1813 224 35 unanswered
1484 1825 44 23 on

316 1861 172 44 chancery
505 1862 150 43 appeals.
672 1862 93 34 That
780 1862 154 44 practice
948 1873 71 23 was
1036 1862 159 35 followed
1210 1863 35 34 in
1261 1862 68 36 this
1346 1874 89 24 case.
1452 1863 76 34 Our

317 1910 141 43 holding
471 1911 76 35 that
560 1911 116 35 Potter
688 1911 28 34 is
730 1911 143 35 entitled
886 1917 35 29 to
934 1923 21 23 a
968 1917 159 38 separate
1140 1913 183 40 $9,656.08
1338 1913 142 34 interest
1493 1913 35 34 in

316 1960 59 34 the
396 1960 202 44 homeplace
619 1971 69 24 was
711 1972 20 23 a
753 1961 165 43 rejection
940 1961 40 35 of
997 1961 52 34 his
1072 1962 121 43 theory
1213 1962 40 34 of
1271 1963 257 43 proportionate

315 2009 155 35 division.
495 2009 81 35 Had
597 2021 52 23 we
670 2016 118 29 meant
809 2016 36 29 to
867 2011 106 43 adopt
994 2011 77 34 that
1092 2012 121 42 theory
1234 2023 51 23 we
1306 2012 113 34 would
1441 2012 88 34 have

316 2059 129 44 spelled
457 2065 60 29 out
530 2059 58 34 the
600 2065 100 29 exact
712 2060 142 35 interest
866 2060 40 34 of
914 2060 86 35 each
1013 2066 101 38 party
1126 2060 68 35 and
1206 2066 59 30 not
1278 2060 86 36 have
1376 2062 63 34 left
1451 2061 76 35 that

315 2109 158 43 question
488 2109 53 35 for
554 2109 59 35 the
627 2110 196 34 chancellor
837 2114 35 30 to
886 2109 121 35 decide
1021 2121 44 23 on
1079 2111 59 34 the
1151 2121 80 33 very
1244 2111 90 34 facts
1348 2111 76 35 that
1438 2122 90 23 were

315 2158 118 35 before
448 2170 51 23 us.
515 2159 168 35 Needless
698 2164 36 29 to
748 2170 73 33 say,
836 2170 62 23 our
913 2160 140 43 opinion
1067 2171 44 23 on
1126 2160 59 34 the
1199 2160 74 35 first
1287 2161 124 43 appeal
1425 2161 28 34 is
1468 2161 60 34 the

315 2208 65 35 law
391 2208 39 34 of
437 2208 59 35 the
506 2219 89 31 case,
607 2209 112 34 which
729 2220 51 24 we
790 2209 113 35 would
914 2215 60 29 not
984 2209 43 35 be
1037 2215 36 29 at
1084 2210 123 44 liberty
1218 2215 35 30 to
1263 2210 133 44 modify
1406 2221 83 24 even
1500 2211 30 34 if

315 2270 50 23 we
380 2269 75 23 now
470 2259 147 43 thought
632 2259 26 35 it
672 2270 194 24 erroneous.
887 2259 130 35 Wilson
1030 2271 30 23 v.
1075 2259 171 44 Rodgers,
1262 2261 67 34 256
1344 2261 85 34 Ark.
1446 2261 80 41 276,

316 2309 65 34 507
393 2308 143 35 S.W.2d
548 2310 65 33 508
627 2308 139 44 (1974);
779 2309 128 35 United
914 2310 121 34 States
1044 2311 155 42 Annuity
1212 2312 31 33 &
1255 2310 76 43 Life
1341 2312 68 33 Ins.
1423 2311 61 34 Co.
1494 2322 31 23 v.

314 2358 108 41 Peak,
453 2360 64 33 129
543 2359 85 34 Ark.
655 2359 56 40 43,
743 2360 62 33 195
833 2359 94 34 S.W.
956 2360 78 40 392,
1066 2361 12 33 1
1108 2360 132 34 A.L.R.
1272 2361 87 33 1259
1388 2360 138 43 (1917);

319 2407 197 44 Taliaferro
534 2419 30 23 v.
585 2410 155 39 Barnett,
761 2410 44 33 47
826 2409 85 34 Ark.
935 2410 78 39 359,
1039 2411 12 32 1
1076 2409 94 34 S.W.
1193 2411 67 33 702
1283 2409 136 43 (1886).
