1660 2687
301 387 144 43 petition
458 398 70 23 was
542 386 190 35 attributed
746 391 35 29 to
795 387 172 42 problems
981 385 82 35 with
1077 385 230 43 transcribing
1321 386 59 33 the
1393 384 119 34 record

301 436 91 34 from
410 447 20 23 a
449 436 167 34 deceased
635 441 98 29 court
752 436 181 42 reporter’s
952 435 66 33 file.
1039 435 39 34 In
1097 434 216 44 September,
1336 435 99 39 1985,
1455 434 58 33 the

301 485 79 35 trial
395 485 109 44 judge
522 484 171 35 informed
713 485 58 34 the
790 484 218 35 coordinator
1027 484 76 35 that
1122 484 59 34 the
1200 484 119 34 record
1339 483 68 35 had
1427 483 86 34 been

300 535 194 45 completed
509 534 68 36 and
591 535 104 35 taken
709 534 109 35 under
832 535 132 34 review.
980 534 74 34 The
1068 534 78 35 trial
1160 538 98 30 court
1272 532 191 45 responded
1478 538 35 29 to

301 586 134 35 further
455 585 163 45 inquiries
638 585 34 35 in
693 584 163 42 October,
876 584 200 35 November
1095 584 69 35 and
1184 584 204 40 December,
1413 584 99 40 1985,

301 636 68 35 and
385 637 165 42 January,
572 636 99 40 1986,
687 635 77 35 that
779 635 60 34 the
854 634 120 35 record
990 645 69 23 was
1075 635 70 34 still
1161 634 102 43 being
1279 633 176 36 reviewed.
1474 634 39 33 In

301 685 277 43 mid-February,
595 686 98 40 1986,
706 685 59 34 the
776 690 99 30 court
886 684 114 35 issued
1012 695 45 23 an
1068 684 101 35 order
1180 684 176 43 declaring
1369 683 145 35 Costillo

301 735 155 43 indigent
474 734 69 35 and
561 734 179 43 providing
759 734 72 33 him
849 734 82 34 with
950 745 20 23 a
989 744 87 32 copy
1094 734 39 34 of
1148 734 59 33 the
1225 733 195 43 transcript.
1440 733 74 33 The

300 783 100 35 order
421 784 73 34 also
514 783 175 34 indicated
709 783 76 34 that
807 788 36 29 at
863 794 96 23 some
979 782 96 43 point
1095 782 139 34 counsel
1255 782 69 34 had
1346 782 86 34 been
1454 792 58 32 ap-

301 833 140 43 pointed
460 833 53 34 for
533 832 155 35 Costillo.
708 832 74 34 The
801 832 219 43 prosecuting
1040 837 158 37 attorney
1216 841 70 24 was
1305 830 154 35 directed
1478 835 35 29 to

301 888 79 29 turn
406 893 79 24 over
510 882 51 34 his
587 882 73 35 files
686 881 53 35 for
764 882 168 34 counsel’s
958 881 201 43 inspection,
1185 880 68 35 and
1279 881 140 34 counsel
1444 891 69 23 was

301 932 153 36 directed
470 937 35 30 to
521 933 159 34 examine
695 932 59 35 the
769 931 228 44 prosecutor’s
1013 931 57 35 file
1085 931 68 35 and
1169 931 59 35 the
1243 931 186 43 transcript
1445 929 68 36 and

300 988 138 38 request
450 994 20 23 a
483 982 144 44 hearing
639 982 82 35 date
733 993 37 23 as
783 992 83 25 soon
879 993 37 23 as
929 982 52 34 his
994 981 241 44 investigation
1249 992 69 24 was
1331 981 180 44 complete.

300 1033 50 34 As
363 1033 40 34 of
412 1033 59 34 the
483 1032 81 34 date
576 1032 40 34 of
625 1032 67 35 this
706 1032 149 44 opinion,
869 1032 59 34 the
940 1032 79 34 trial
1032 1037 99 29 court
1143 1032 62 33 has
1219 1036 59 29 not
1291 1030 141 36 notified
1445 1030 67 35 this

301 1088 98 28 court
419 1082 76 34 that
515 1093 20 23 a
556 1081 143 43 hearing
720 1082 62 33 has
802 1081 87 35 been
909 1086 61 29 set.

302 246 67 34 640

485 1160 103 34 Since
598 1160 27 34 it
635 1160 62 34 has
708 1160 86 34 been
804 1170 96 24 more
910 1159 85 34 than
1005 1164 67 30 two
1082 1170 99 33 years
1192 1159 93 34 since
1295 1159 59 34 the
1364 1159 81 33 date
1455 1158 59 34 the

301 1209 90 35 Rule
409 1211 43 33 37
471 1209 144 44 petition
634 1220 68 24 was
720 1208 80 35 filed
818 1209 68 35 and
904 1220 96 23 more
1017 1208 84 36 than
1119 1209 51 34 six
1188 1209 137 34 months
1343 1209 94 34 since
1455 1208 58 34 the

301 1259 119 35 record
430 1270 69 24 was
509 1259 104 35 taken
622 1259 109 35 under
740 1259 133 41 review,
883 1270 51 24 we
942 1258 71 35 find
1023 1258 76 36 that
1108 1259 59 34 the
1176 1258 79 35 trial
1264 1264 99 29 court
1372 1258 62 35 has
1444 1257 69 35 had

301 1310 115 43 ample
425 1310 84 34 time
517 1314 35 30 to
562 1310 74 34 rule
644 1320 43 24 on
697 1309 59 35 the
765 1309 90 35 Rule
865 1311 42 33 37
918 1309 154 44 petition,
1083 1320 37 24 or
1130 1314 36 29 at
1175 1309 59 34 the
1243 1309 98 41 least,
1350 1308 163 35 schedule

301 1370 20 23 a
332 1359 152 43 hearing.
495 1359 199 41 Therefore,
705 1359 59 34 the
772 1365 99 29 court
880 1360 28 33 is
918 1359 153 34 directed
1081 1365 36 28 to
1126 1358 82 35 hold
1218 1369 20 24 a
1248 1359 143 42 hearing
1401 1369 44 23 on
1454 1358 60 34 the

301 1408 144 44 petition
454 1408 119 35 within
582 1409 107 43 thirty
698 1408 84 44 days
792 1409 68 34 and
870 1409 90 34 issue
970 1419 44 23 an
1023 1408 100 35 order
1132 1408 119 34 within
1261 1407 159 36 fourteen
1429 1408 84 43 days

300 1458 199 35 thereafter.

391 1536 148 35 Petition
559 1536 157 43 granted,

391 1616 160 40 Purtle,
572 1615 42 41 J.,
635 1620 60 30 not
715 1615 255 44 participating.

419 1898 121 43 Bobby
559 1898 117 34 James
697 1898 219 34 ROBERTS
938 1908 26 24 v.
987 1897 153 35 STATE
1159 1897 41 35 of
1215 1897 179 35 Arkansas

300 1976 65 34 CR
387 1977 82 34 86-4

1192 1977 66 33 707
1280 1976 143 35 S.W.2d
1445 1977 67 33 324

628 2055 170 44 Supreme
818 2056 110 34 Court
948 2055 39 34 of
1004 2056 179 33 Arkansas

579 2104 152 45 Opinion
751 2104 172 35 delivered
943 2104 99 44 April
1064 2106 55 40 28,
1145 2105 87 34 1986
