1672 2702
276 398 126 43 closely
429 398 78 34 held
534 398 219 43 corporation
781 403 34 29 to
841 398 111 35 which
980 398 168 45 plaintiffs
1175 409 89 24 were
1290 398 75 35 well

276 449 134 39 known;
427 448 76 34 that
520 448 98 34 there
634 459 70 23 was
722 459 43 24 no
783 448 148 43 possible
947 448 109 35 doubt
1073 449 34 34 in
1125 448 58 35 the
1200 448 112 35 minds
1329 448 40 35 of

276 499 201 42 consenting
498 498 240 35 shareholders
760 502 36 31 at
817 498 89 34 their
928 498 152 43 meeting
1101 498 77 35 that
1199 498 166 44 plaintiffs

276 559 89 24 were
380 548 173 43 objecting
570 553 35 29 to
621 549 59 33 the
695 549 82 40 sale;
794 548 75 35 that
886 548 25 35 it
927 559 70 24 was
1013 548 129 43 clearly
1157 548 208 35 understood

276 599 77 42 why
370 598 80 44 they
467 609 90 24 were
574 598 185 43 objecting;
778 598 67 34 and
862 599 77 34 that
956 598 60 35 the
1032 598 201 44 consenting
1250 598 115 35 share-

277 647 135 35 holders
429 647 68 35 had
516 647 44 35 all
579 648 59 34 the
654 658 182 33 necessary
852 647 224 36 information
1094 658 92 33 upon
1203 648 111 35 which
1331 654 35 29 to

276 698 81 34 take
377 697 114 35 action
512 697 69 35 and
601 709 90 23 were
712 698 158 44 required
890 703 35 29 to
946 709 139 24 assume
1104 698 154 42 nothing.

1297 257 67 34 619

367 817 74 34 The
453 817 109 34 above
573 822 205 30 statements
789 817 114 35 would
915 817 43 35 be
968 828 82 33 very
1062 818 197 43 persuasive
1269 818 30 34 if
1308 818 60 34 the

277 867 150 34 decision
440 867 34 34 in
485 867 98 34 these
594 878 96 23 cases
702 878 89 24 were
802 873 35 28 to
848 868 192 34 determine
1051 868 80 44 only
1142 867 59 35 the
1212 867 108 43 rights
1331 867 40 35 of

277 917 59 34 the
347 917 127 43 parties
487 916 117 35 herein
617 916 68 35 and
697 917 59 34 did
769 922 59 30 not
839 918 137 43 require
987 917 59 35 the
1057 918 263 43 interpretation
1331 917 39 36 of

277 967 59 33 the
360 971 145 29 statutes
529 966 113 34 which
666 967 104 43 apply
794 972 35 28 to
853 967 45 34 all
922 968 236 43 corporations
1182 967 185 44 organized

277 1015 109 35 under
401 1017 58 33 the
473 1016 82 34 laws
570 1016 40 34 of
622 1016 102 34 Ohio.
741 1016 74 35 The
829 1017 151 34 General
995 1017 186 43 Assembly
1195 1028 69 23 saw
1278 1017 39 34 fit
1332 1023 35 28 to

278 1071 101 28 enact
404 1066 139 34 Section
570 1066 166 40 8623-72,
762 1065 151 35 General
939 1065 108 42 Code,
1073 1072 36 29 to
1134 1067 103 43 apply
1261 1072 35 28 to
1322 1066 45 35 all

277 1115 234 43 corporations
523 1115 80 41 and,
614 1115 184 41 therefore,
809 1116 96 34 these
915 1126 96 24 cases
1023 1122 93 29 must
1126 1116 43 34 be
1178 1116 144 35 decided
1333 1117 34 34 in

277 1165 60 34 the
345 1176 97 24 same
449 1176 76 33 way
535 1176 38 24 as
582 1165 133 43 though
723 1166 82 43 they
815 1166 191 35 concerned
1016 1177 20 23 a
1045 1166 97 44 large
1150 1167 218 43 corporation

278 1215 82 34 with
375 1215 142 43 floating
532 1216 150 43 supplies
698 1215 39 35 of
749 1216 97 34 stock
859 1216 35 34 in
908 1216 137 35 various
1060 1227 131 30 names,
1206 1222 35 29 to
1256 1216 111 35 which

277 1265 218 43 corporation
513 1265 59 35 the
590 1265 240 35 shareholders
847 1277 90 23 were
955 1271 60 30 not
1032 1267 195 43 personally
1244 1267 124 34 known

278 1314 80 41 and,
370 1315 160 41 likewise,
542 1315 90 35 their
643 1315 187 44 purported
842 1321 120 38 agents
974 1327 90 23 were
1075 1321 59 30 not
1145 1316 123 35 known
1279 1322 35 29 to
1325 1317 44 34 be

278 1364 197 41 honorable,
487 1365 211 43 upstanding
709 1375 151 33 persons.
873 1366 31 34 It
915 1365 27 35 is
954 1366 59 34 the
1023 1366 65 34 law
1099 1366 112 34 which
1222 1371 93 30 must
1325 1367 43 34 be

278 1414 160 35 declared
451 1414 34 34 in
499 1415 98 35 these
609 1425 97 25 cases
719 1414 69 36 and
802 1421 59 29 not
873 1415 60 35 the
945 1415 162 44 standing
1120 1416 40 34 of
1170 1416 58 35 the
1240 1416 128 44 parties

278 1475 38 24 or
336 1469 185 39 attorneys.

384 1585 74 34 The
470 1585 194 44 appellants
678 1585 227 45 additionally
917 1596 108 33 argue
1036 1586 77 35 that
1126 1586 59 34 the
1197 1586 170 44 appellees

153 1634 124 34 should
291 1635 43 34 be
348 1635 163 43 estopped
525 1635 91 34 from
629 1635 211 43 demanding
854 1636 216 43 compliance
1082 1636 83 34 with
1178 1636 84 34 Ark.
1278 1636 88 35 Stat.

152 1684 93 33 Ann.
260 1684 18 41 ยง
292 1684 129 34 64-707
434 1684 149 34 because
593 1684 40 34 of
640 1685 60 34 the
711 1685 132 34 actions
854 1685 40 34 of
901 1685 90 34 their
1002 1690 169 38 attorney,
1185 1685 181 35 Williams.

153 1733 181 43 Certainly
349 1733 161 43 majority
525 1733 241 35 shareholders
782 1734 68 34 and
864 1734 91 34 their
970 1739 176 39 attorneys
1161 1745 73 24 owe
1248 1745 20 23 a
1284 1735 85 43 duty

153 1787 59 29 not
225 1786 36 29 to
274 1788 57 28 act
344 1782 34 33 in
391 1782 67 34 bad
472 1782 89 35 faith
574 1782 132 35 toward
719 1783 163 44 minority
894 1783 240 35 shareholders
1147 1784 69 34 and
1228 1784 68 34 will
1308 1789 60 30 not

152 1831 43 34 be
216 1831 145 34 allowed
382 1836 34 29 to
436 1842 61 23 use
518 1832 89 34 their
628 1843 114 33 power
763 1833 35 34 in
818 1832 156 35 defiance
994 1832 39 36 of
1050 1833 78 35 that
1147 1833 86 44 duty
1253 1838 37 30 at
1309 1834 60 34 the

153 1891 148 34 expense
315 1880 39 36 of
364 1881 59 35 the
436 1881 164 44 minority
614 1882 250 35 shareholders.
880 1883 179 41 However,
1074 1883 35 34 in
1123 1883 68 35 this
1205 1894 89 30 case,
1309 1884 59 34 the

152 1931 197 35 chancellor
362 1931 102 35 made
475 1942 20 24 a
507 1931 132 44 finding
652 1931 40 36 of
700 1932 73 35 fact
785 1932 76 35 that
873 1933 172 35 Williams
1057 1944 70 24 was
1140 1938 60 30 not
1211 1933 109 44 guilty
1332 1933 39 35 of

152 1992 69 32 any
234 1981 170 43 wrongful
417 1981 150 35 conduct
580 1982 113 35 which
706 1982 128 35 caused
847 1983 205 44 appellantsโ
1066 1989 169 38 attorney,
1251 1983 116 35 Crawยญ

152 2030 89 41 ford,
253 2036 35 29 to
298 2031 61 35 fail
369 2036 35 30 to
414 2032 137 44 comply
560 2032 83 34 with
653 2032 60 35 the
722 2033 74 34 first
805 2038 84 39 step.
902 2033 164 43 Findings
1076 2034 40 34 of
1122 2033 73 35 fact
1205 2032 44 45 by
1258 2045 20 22 a
1288 2033 79 35 trial

152 2086 100 29 court
271 2080 69 35 will
361 2086 58 29 not
439 2081 44 34 be
502 2087 52 29 set
574 2082 97 35 aside
690 2083 114 34 unless
825 2083 81 44 they
926 2094 60 24 are
1006 2083 128 44 clearly
1154 2084 136 42 against
1310 2084 59 34 the

152 2131 281 43 preponderance
459 2131 40 34 of
523 2132 59 34 the
609 2131 171 36 evidence.
809 2132 129 35 ARCP
965 2133 91 35 Rule
1084 2135 55 38 52;
1171 2134 140 34 Warren
1336 2144 30 24 v.

157 2182 152 40 Warren,
325 2182 65 33 273
406 2181 84 35 Ark.
507 2182 79 40 528,
600 2182 67 34 623
683 2182 145 35 S.W.2d
842 2183 66 34 813
925 2182 138 43 (1981).
1078 2184 34 34 A
1125 2183 121 34 review
1260 2183 39 34 of
1309 2184 61 34 the

153 2230 163 35 evidence
327 2231 34 34 in
373 2231 67 35 this
451 2242 80 24 case
542 2232 130 35 reveals
684 2232 76 35 that
772 2232 58 35 the
841 2232 131 44 finding
983 2233 28 34 is
1022 2238 60 29 not
1094 2233 128 44 clearly
1232 2234 136 42 against

152 2280 60 34 the
232 2280 279 44 preponderance
531 2281 40 35 of
587 2282 60 34 the
667 2282 171 34 evidence.

243 2399 181 34 Affirmed.
