1640 2696
122 407 77 34 that
209 407 59 34 the
278 412 107 29 assets
395 417 89 24 were
493 407 110 34 worth
614 407 220 39 $79,980.00.
847 407 179 39 However,
1036 405 60 34 the
1105 404 231 45 independent

122 457 138 34 witness
278 456 59 35 did
355 461 59 30 not
431 456 138 35 include
586 456 201 43 machinery
803 456 112 34 which
933 455 70 35 had
1020 466 44 23 an
1082 455 111 34 initial
1210 459 74 30 cost
1300 454 40 34 of

124 507 222 40 $14,527.20,
362 506 79 41 and,
457 506 185 43 according
657 511 36 29 to
707 506 60 34 the
781 505 218 44 partnership
1014 510 59 30 tax
1088 510 128 35 return,
1232 504 69 36 had
1317 515 20 24 a

123 556 222 44 depreciated
353 556 100 35 value
462 555 38 36 of
507 556 187 40 $9,210.24
703 561 37 29 at
748 555 59 34 the
815 555 85 34 time
908 555 39 34 of
953 555 59 35 the
1020 555 91 34 trial.
1121 555 40 34 In
1170 554 166 41 addition,

124 607 53 34 his
190 606 174 44 appraisal
376 606 58 34 did
447 611 59 29 not
518 605 139 35 include
668 610 204 39 permanent
884 605 175 34 leasehold
1071 605 266 44 improvements

124 662 36 29 to
169 657 60 34 the
238 656 81 34 land
328 656 111 34 which
448 656 147 43 initially
604 660 73 30 cost
687 656 220 40 $17,828.08,
917 654 80 41 and,
1007 654 91 35 after
1106 654 233 43 straight-line

125 706 236 44 depreciation
373 716 79 24 over
463 706 60 34 the
536 705 60 35 life
608 705 39 35 of
656 706 60 33 the
728 705 102 41 lease,
843 705 69 34 had
926 716 20 23 a
959 704 220 44 depreciated
1190 704 101 35 value
1303 703 39 35 of

127 757 221 39 $11,121.04.
362 756 37 34 In
411 755 100 37 order
521 760 36 30 to
568 755 192 34 determine
770 755 59 34 the
837 755 102 34 value
948 754 40 35 of
996 755 45 34 all
1052 754 60 35 the
1122 753 218 45 partnership

126 811 121 35 assets,
268 817 52 23 we
341 810 119 39 accept
481 805 60 35 the
563 806 210 40 $79,980.00
793 805 101 34 value
915 804 160 44 assigned
1096 809 35 30 to
1152 804 59 34 the
1232 808 107 30 assets

126 856 113 34 which
255 866 89 25 were
358 855 182 44 appraised
555 855 45 44 by
615 855 60 34 the
689 854 231 44 independent
935 854 188 44 appraiser,
1139 854 68 35 and
1222 853 68 35 add
1304 858 36 30 to

127 906 68 34 this
206 906 110 42 figure
326 905 59 35 the
394 905 220 44 depreciated
623 905 102 34 value
734 904 40 35 of
780 905 59 34 the
849 905 101 34 items
960 909 60 30 not
1030 903 193 45 appraised.
1234 904 106 40 Thus,

127 966 52 24 we
188 956 82 34 take
279 955 60 34 the
348 954 182 45 appraised
540 955 110 43 figure
659 954 39 35 of
706 955 220 40 $79,980.00,
937 954 69 35 and
1015 965 52 23 we
1076 953 69 36 add
1156 954 185 41 $9,210.24

128 1005 69 35 and
217 1006 209 39 $11,121.04
445 1004 52 35 for
515 1005 86 35 total
620 1010 108 29 assets
746 1004 40 35 of
801 1005 244 40 $100,311.28.
1064 1004 74 34 The
1155 1003 187 36 difference

129 1055 155 35 between
311 1055 217 44 partnership
555 1060 108 29 assets
689 1054 39 35 of
753 1055 231 40 $100,311.28
1012 1053 69 36 and
1107 1053 173 36 liabilities
1306 1053 39 35 of

130 1106 211 40 $86,000.00
361 1105 27 34 is
410 1106 220 40 $14,311.28.
652 1104 198 41 Therefore,
871 1104 107 35 based
998 1115 93 33 upon
1111 1115 63 24 our
1193 1104 148 35 calcula-

129 1155 102 41 tions,
247 1155 159 35 one-half
418 1155 39 35 of
469 1155 59 35 the
543 1160 58 30 net
617 1155 142 35 interest
774 1155 34 34 in
824 1155 59 34 the
898 1154 218 44 partnership
1132 1159 160 30 amounts
1307 1159 36 30 to

130 1206 198 40 $7,155.64.
350 1205 74 35 The
445 1205 209 35 Chancellor
674 1205 161 35 awarded
856 1205 156 44 appellee
1033 1205 186 40 $8,500.00
1240 1215 37 24 as
1298 1215 44 24 an

130 1261 146 29 amount
292 1255 101 44 equal
411 1260 35 30 to
463 1255 159 35 one-half
636 1255 59 35 the
710 1256 102 33 value
827 1255 39 34 of
880 1255 59 34 the
956 1254 218 44 partnership
1191 1254 151 35 interest.

130 1305 245 44 Accordingly,
396 1316 51 23 we
466 1305 134 44 modify
620 1305 59 35 the
700 1306 185 39 $8,500.00
905 1304 118 35 award
1043 1309 36 30 to
1100 1305 195 40 $7,155.64.

1266 264 66 34 207

222 1390 189 45 Appellant
431 1396 80 31 next
531 1401 124 33 argues
675 1391 77 34 that
771 1391 59 34 the
849 1391 79 34 trial
948 1396 99 29 court
1067 1390 98 35 erred
1185 1390 34 34 in
1238 1390 106 44 fixing

132 1442 187 40 $4,000.00
334 1452 37 23 as
385 1441 59 34 the
458 1445 145 30 amount
616 1440 40 35 of
667 1451 124 33 money
805 1440 112 35 which
931 1440 177 44 appellant
1122 1445 93 29 must
1228 1450 68 34 pay
1309 1444 36 30 to

131 1491 157 43 appellee
303 1490 54 35 for
373 1490 60 35 her
448 1490 143 35 interest
607 1490 35 34 in
658 1490 52 35 his
726 1490 200 35 retirement
941 1495 158 29 account.
1118 1491 56 34 He
1188 1489 81 35 does
1286 1494 59 30 not

131 1540 150 35 contend
301 1540 77 35 that
397 1540 59 35 the
476 1540 201 35 retirement
697 1545 147 29 account
864 1540 27 34 is
912 1545 60 29 not
992 1540 139 34 marital
1152 1544 170 40 property.

224 1626 135 43 During
369 1626 58 34 the
438 1626 66 34 last
514 1625 79 35 four
603 1636 99 33 years
713 1625 39 35 of
759 1626 59 34 the
827 1625 184 43 marriage,
1022 1625 176 44 appellant
1208 1625 137 35 worked

132 1675 53 34 for
194 1676 60 33 the
264 1676 229 42 Department
502 1675 39 34 of
547 1675 225 42 Agriculture
780 1674 68 35 and
858 1674 81 43 paid
948 1685 101 24 seven
1059 1679 140 38 percent
1210 1673 88 44 (7%)
1309 1674 39 34 of

132 1724 52 35 his
204 1725 115 42 salary
338 1724 72 34 into
428 1735 20 23 a
468 1724 201 34 retirement
688 1729 157 29 account.
865 1724 50 34 At
933 1723 60 34 the
1011 1723 84 35 time
1114 1723 39 35 of
1168 1723 90 41 trial,
1277 1723 68 34 this

132 1779 149 29 account
303 1773 112 34 would
438 1773 120 34 entitle
580 1773 177 44 appellant
778 1778 35 29 to
835 1773 179 34 withdraw
1037 1773 186 41 $8,000.00
1245 1772 30 35 if
1293 1772 52 35 his

132 1823 236 45 employment
377 1834 89 24 were
476 1822 210 36 terminated
696 1822 54 35 for
760 1834 67 33 any
838 1833 132 24 reason.
981 1822 218 45 Appellants
1209 1822 92 44 right
1310 1827 36 30 to

133 1874 60 34 the
216 1874 185 40 $8,000.00
424 1873 27 35 is
475 1878 59 30 not
557 1873 135 44 subject
714 1878 35 30 to
771 1873 207 35 divestment
1000 1884 38 23 or
1060 1872 181 36 forfeiture
1263 1883 83 25 even

133 1924 133 43 though
289 1923 60 36 the
371 1924 170 44 complete
564 1924 237 44 contributory
824 1924 80 44 plan
927 1923 69 35 will
1019 1928 60 30 not
1101 1928 137 31 mature
1259 1923 88 35 until

133 1975 178 43 appellant
327 1974 140 34 reaches
484 1974 59 34 the
559 1974 200 34 retirement
775 1985 64 32 age
854 1974 69 34 and
939 1974 105 34 elects
1060 1979 36 29 to
1111 1974 113 34 retire.
1241 1973 106 41 Thus,

134 2024 177 43 appellant
330 2024 62 34 has
411 2035 20 23 a
449 2023 118 35 vested
585 2024 63 34 but
667 2028 222 30 non-mature
907 2024 92 42 right
1017 2028 36 30 to
1071 2023 60 34 the
1148 2023 199 34 retirement

134 2073 115 35 funds.

319 2159 112 35 Three
455 2159 96 35 basic
575 2158 159 36 methods
759 2170 60 23 are
842 2159 171 35 available
1036 2158 54 35 for
1114 2158 174 44 disposing
1312 2157 39 36 of

133 2209 119 36 vested
272 2209 62 35 but
353 2209 245 35 non-matured
617 2209 200 35 retirement
836 2209 159 35 interests
1013 2220 93 33 upon
1125 2208 146 36 divorce:
1293 2208 54 44 (1)

135 2260 116 43 assign
265 2260 60 35 the
338 2260 110 35 whole
461 2260 39 34 of
510 2260 60 35 the
584 2260 142 35 interest
740 2260 34 34 in
788 2260 59 34 the
860 2260 81 43 plan
955 2264 36 30 to
1005 2260 60 34 the
1078 2260 188 43 employee,
1281 2258 68 36 and

135 2310 116 42 assign
261 2315 108 29 assets
379 2310 39 34 of
424 2310 196 43 equivalent
628 2310 101 34 value
738 2315 35 29 to
782 2310 60 34 the
850 2310 98 34 other
957 2320 135 33 spouse;
1104 2309 53 43 (2)
1169 2308 114 35 divide
1291 2309 60 38 the

135 2359 144 35 interest
289 2359 34 34 in
333 2359 59 34 the
402 2359 81 43 plan
493 2359 96 34 itself
596 2370 44 23 on
650 2370 20 23 a
681 2364 207 38 percentage
898 2358 162 42 formula,
1070 2358 69 34 and
1151 2358 54 43 (3)
1217 2369 134 24 reserve

132 2408 220 42 jurisdiction
362 2408 87 34 until
460 2408 200 33 retirement
669 2413 36 28 to
715 2408 113 33 divide
837 2408 60 33 the
906 2408 117 33 actual
1033 2412 180 37 monetary
1222 2407 129 35 benefit
