1632 2696
120 408 192 38 proponent
329 402 39 34 of
382 402 59 34 the
458 402 146 44 parking
622 402 58 34 lot.
699 401 112 35 There
828 412 70 23 was
916 401 162 34 evidence
1095 400 77 35 that
1188 400 146 44 parking

120 452 70 35 had
211 452 144 34 become
375 463 20 23 a
416 452 156 44 problem
592 451 150 35 because
761 451 59 35 the
840 451 117 44 public
977 461 70 24 was
1068 450 102 44 being
1191 449 143 36 allowed

120 502 230 35 unrestricted
365 513 61 24 use
439 501 39 35 of
490 502 59 34 the
559 501 144 44 jogging
718 501 89 35 trail.
824 501 115 34 While
953 512 52 23 we
1018 500 88 35 need
1120 505 60 30 not
1194 499 141 36 address

122 553 82 34 here
216 553 60 34 the
288 552 157 44 question
458 552 154 35 whether
625 562 68 33 any
706 551 155 35 member
874 551 39 35 of
922 551 60 35 the
994 550 118 45 public
1123 549 113 36 would
1249 550 88 35 have

122 603 163 43 standing
299 614 37 23 as
350 613 44 24 an
408 601 209 36 “interested
631 602 135 44 party,”
780 613 51 23 we
844 612 65 24 can
922 606 60 30 not
995 600 168 36 conclude
1175 600 76 36 that
1264 601 71 34 Mr.

124 653 173 35 Faulkner
317 652 68 35 had
406 663 44 24 no
470 652 85 35 such
576 651 162 44 standing
758 652 34 34 in
812 652 97 34 these
928 651 280 35 circumstances.

1288 259 44 34 49

215 729 180 34 Affirmed.

217 806 198 39 Hickman,
436 805 42 40 J.,
499 804 158 35 dissents.

216 882 160 39 Purtle,
397 881 42 40 J.,
461 885 59 30 not
540 880 257 44 participating.

218 958 179 33 Darrell
407 958 198 38 Hickman,
616 956 142 41 Justice,

768 955 199 43 dissenting.
979 956 39 33 In
1032 956 88 33 1982
1130 955 51 34 St.
1192 954 147 35 Edward

127 1007 125 43 Mercy
262 1006 154 34 Medical
427 1006 129 34 Center
566 1005 72 35 told
648 1006 59 34 the
716 1005 165 44 planning
890 1005 222 34 commission
1122 1005 97 34 there
1227 1004 113 35 would

126 1056 44 35 be
187 1067 45 23 no
249 1056 145 44 parking
412 1056 48 34 lot
478 1055 232 35 constructed.
729 1055 231 35 Nonetheless
977 1055 27 34 it
1021 1066 70 23 was
1109 1053 230 36 constructed.

126 1106 104 35 After
253 1106 27 34 it
303 1117 69 23 was
395 1105 115 35 closed
532 1105 219 44 voluntarily,
775 1105 59 35 the
856 1105 149 44 hospital
1028 1110 91 29 went
1141 1104 119 35 before
1282 1104 59 36 the

127 1156 166 44 planning
308 1156 220 34 commission
544 1155 103 43 again
663 1155 121 43 asking
799 1155 203 44 permission
1017 1160 36 29 to
1067 1165 126 34 reopen
1208 1154 59 35 the
1281 1154 58 35 lot.

127 1206 208 35 Permission
346 1217 69 23 was
427 1205 124 35 denied
562 1205 69 35 and
642 1205 98 35 there
749 1216 70 24 was
830 1216 44 23 no
885 1205 124 44 appeal
1019 1205 46 43 by
1075 1205 60 34 the
1144 1204 149 45 hospital
1303 1215 38 24 or

128 1266 135 34 anyone
283 1256 78 34 else.
383 1255 150 41 Instead,
554 1255 45 44 by
618 1266 97 24 some
733 1255 253 44 manipulation
1005 1254 39 35 of
1060 1255 59 34 the
1138 1259 138 39 system,
1297 1265 44 24 an

128 1306 125 44 appeal
264 1317 69 23 was
344 1306 149 43 brought
503 1305 120 35 before
633 1305 60 35 the
702 1305 71 44 city
782 1305 135 35 council
928 1304 68 35 and
1007 1305 60 34 the
1076 1305 151 35 decision
1237 1304 39 35 of
1283 1304 60 35 the

128 1356 167 44 planning
333 1356 220 35 commission
591 1355 150 45 denying
779 1356 59 34 the
875 1355 178 44 hospital’s
1091 1355 144 44 petition
1272 1366 70 24 was

128 1406 169 35 reversed.

220 1483 75 34 The
318 1483 147 43 hospital
489 1482 59 35 did
572 1487 60 30 not
655 1483 62 34 ask
739 1482 59 35 the
821 1482 69 44 city
913 1482 135 35 council
1071 1487 36 29 to
1129 1492 134 24 reverse
1285 1481 71 40 the.

129 1532 153 35 decision
301 1532 39 34 of
354 1532 59 35 the
431 1532 166 44 planning
616 1532 221 34 commission
855 1531 69 35 and
943 1532 34 34 in
996 1543 59 32 my
1069 1531 184 44 judgment
1271 1531 27 34 it
1316 1531 28 34 is

130 1582 165 43 estopped
306 1587 36 29 to
353 1593 86 32 open
451 1582 59 34 the
521 1582 58 34 lot.
592 1582 66 34 We
668 1581 44 35 do
724 1587 59 28 not
793 1582 87 34 have
890 1581 120 34 before
1020 1592 39 23 us
1070 1581 60 34 the
1140 1581 157 44 question
1307 1580 40 35 of

130 1642 21 24 a
171 1632 92 42 right
283 1631 39 35 of
338 1632 58 33 the
416 1631 117 44 public
552 1636 36 29 to
608 1631 101 43 enjoy
729 1631 59 34 the
806 1642 61 23 use
886 1630 39 34 of
941 1631 60 34 the
1020 1630 92 35 land.
1133 1631 66 33 We
1217 1630 87 35 have
1323 1641 20 23 a

130 1681 159 44 question
300 1680 40 35 of
347 1681 58 34 the
416 1681 92 43 right
518 1680 40 35 of
566 1691 20 24 a
598 1680 132 44 private
741 1680 197 35 landowner
948 1685 36 29 to
995 1680 59 34 the
1064 1691 61 23 use
1135 1679 39 35 of
1182 1680 58 35 the
1250 1679 92 35 land.

130 1731 76 35 The
220 1731 161 44 majority
396 1741 166 34 approves
577 1730 39 35 of
628 1730 59 35 the
701 1730 228 35 intervention
943 1730 45 44 by
1003 1730 71 34 Mr.
1091 1730 170 35 Faulkner
1276 1728 69 37 and

131 1782 60 35 the
204 1782 70 43 city
289 1781 107 35 board
410 1781 39 35 of
459 1781 167 35 directors
641 1792 38 24 as
693 1781 132 43 though
838 1781 68 34 this
920 1792 70 23 was
1005 1792 20 23 a
1039 1785 127 30 matter
1179 1780 40 35 of
1229 1780 117 44 public

131 1832 153 35 interest.
301 1831 34 35 If
344 1831 59 35 the
416 1831 149 44 hospital
578 1836 110 30 wants
702 1836 36 30 to
750 1831 159 35 dedicate
922 1831 68 34 this
1003 1830 82 35 land
1098 1836 36 29 to
1147 1830 59 35 the
1218 1830 127 45 public,

132 1882 59 33 the
209 1882 118 42 public
344 1881 67 34 will
430 1881 87 34 have
535 1892 45 23 an
599 1881 143 34 interest
759 1881 34 34 in
812 1881 36 34 it.
869 1882 31 33 It
918 1881 62 33 has
999 1885 60 29 not
1076 1880 90 34 done
1183 1880 76 34 that
1277 1879 69 35 and

132 1930 120 34 stands
261 1931 35 33 in
305 1930 59 34 the
372 1930 147 43 position
528 1930 40 34 of
574 1941 20 23 a
603 1930 133 43 private
744 1929 198 35 landowner
950 1930 78 33 that
1036 1929 59 34 did
1104 1934 60 29 not
1172 1929 62 34 ask
1242 1934 36 29 to
1286 1939 61 24 use

133 1980 43 34 its
199 1979 82 35 land
304 1980 62 34 but
388 1979 27 34 is
438 1979 102 43 being
563 1979 72 34 told
658 1979 77 34 that
757 1979 27 34 it
805 1989 75 24 can.
905 1978 35 35 If
958 1989 53 24 we
1032 1978 70 35 had
1124 1989 21 24 a
1167 1989 79 24 case
1268 1977 39 35 of
1326 1989 20 23 a

133 2029 199 35 landowner
342 2029 113 44 trying
465 2034 36 30 to
511 2040 62 24 use
583 2028 82 36 land
676 2029 35 34 in
721 2040 68 33 any
799 2040 76 33 way
884 2028 223 35 detrimental
1116 2033 36 30 to
1162 2028 60 35 the
1231 2027 117 45 public

133 2080 154 41 interest,
303 2080 83 34 then
401 2080 60 34 the
476 2079 194 35 intervenor
686 2090 38 24 or
739 2079 60 35 the
813 2079 70 44 city
899 2078 109 36 board
1024 2079 112 43 might
1151 2078 87 36 have
1253 2089 95 24 some

133 2130 163 43 standing
317 2135 35 30 to
373 2135 75 39 stop
469 2130 85 34 such
575 2141 20 23 a
615 2141 72 23 use.
710 2130 68 34 But
798 2129 76 35 how
895 2140 65 24 can
981 2140 51 24 we
1052 2128 121 36 decide
1192 2129 77 34 that
1289 2128 59 35 the

133 2180 200 35 landowner
343 2191 80 33 may
432 2191 72 30 use,
515 2179 124 35 indeed
649 2179 101 35 order
760 2179 26 35 it
796 2184 36 30 to
841 2190 72 30 use,
923 2179 44 35 its
977 2179 82 35 land
1069 2179 35 34 in
1114 2190 21 23 a
1145 2190 76 32 way
1230 2179 26 34 it
1266 2178 81 35 does

134 2235 60 30 not
207 2230 98 34 insist
317 2230 112 43 upon?
445 2230 39 33 In
497 2230 85 33 such
595 2240 19 23 a
627 2240 81 23 case
720 2240 44 23 no
775 2240 65 23 one
852 2240 81 32 may
945 2229 107 43 speak
1063 2228 54 35 for
1129 2229 59 33 the
1199 2228 149 43 hospital

134 2284 123 38 except
266 2278 96 35 itself
370 2278 68 35 and
447 2279 94 33 since
551 2278 26 34 it
587 2278 62 34 has
660 2283 60 29 not
729 2279 140 42 spoken,
880 2278 59 34 the
948 2278 92 42 right
1050 2277 142 34 insisted
1201 2287 93 33 upon
1303 2277 46 43 by

134 2328 116 34 others
271 2327 123 35 should
414 2327 43 35 be
476 2327 135 34 denied.

226 2403 75 35 The
318 2403 168 44 corollary
503 2408 36 30 to
556 2403 132 35 Justice
706 2403 155 34 Holmes’
879 2403 140 34 remark
1034 2402 78 35 that
1129 2402 111 35 “Men
1257 2406 93 30 must
