1632 2688
297 271 63 33 154

384 411 37 33 In
434 412 149 41 August,
601 411 98 40 1984,
712 411 58 33 the
781 410 190 34 Statewide
982 411 131 33 Health
1126 410 251 43 Coordinating
1389 410 115 34 Coun-

291 460 43 34 cil
351 460 98 34 lifted
465 471 20 23 a
501 460 227 34 moratorium
743 471 43 23 on
802 460 141 43 nursing
959 460 102 34 home
1076 459 83 35 beds
1175 459 68 35 and
1259 459 173 44 approved
1447 460 59 34 the

292 510 86 33 need
390 510 52 33 for
453 511 63 33 481
533 521 72 22 new
616 509 83 35 beds
711 510 33 33 in
755 510 202 33 Northwest
966 510 190 33 Arkansas.
1169 509 185 43 Forty-five
1364 509 141 43 nursing

292 559 118 34 homes
433 559 137 43 applied
593 559 53 34 for
669 559 59 34 the
750 570 73 23 new
846 559 94 34 beds.
964 559 56 34 On
1044 559 176 43 February
1242 560 55 39 28,
1325 559 99 40 1985,
1447 559 59 34 the

292 609 176 43 appellant
481 614 89 29 state
584 619 131 33 agency
729 608 172 44 approved
919 609 40 34 16
973 608 39 34 of
1022 608 59 35 the
1094 608 238 44 applications,
1346 608 159 43 allotting

292 659 45 34 all
357 659 59 34 the
436 670 73 23 new
530 658 93 35 beds.
645 659 241 43 Twenty-nine
905 659 228 44 applications
1152 670 89 23 were
1260 658 135 36 denied.
1417 658 87 35 Hill-

291 710 118 34 crest’s
431 714 137 40 request
588 709 53 35 for
664 711 40 33 33
728 709 83 35 beds
831 720 70 24 was
922 720 64 24 one
1006 709 39 35 of
1063 709 97 35 those
1180 708 134 36 denied.

383 800 133 34 Within
534 801 43 33 30
593 799 96 44 days,
706 811 38 23 as
761 799 159 44 required
936 800 45 43 by
997 800 204 43 regulation,
1218 800 165 34 Hillcrest
1399 799 105 35 asked

292 849 52 34 for
363 849 275 34 administrative
657 849 121 34 review
797 849 39 34 of
851 849 59 34 the
928 849 163 34 decision.
1112 849 164 34 Hillcrest
1295 849 72 34 also
1385 849 120 43 timely

292 898 105 34 asked
412 899 58 33 the
485 909 131 32 agency
630 904 35 28 to
680 898 194 34 reconsider
889 899 42 33 its
946 898 162 40 decision,
1124 899 62 33 but
1200 898 59 34 the
1272 898 232 34 reconsidera-

291 948 72 33 tion
390 958 69 23 was
486 947 134 34 denied.
650 947 165 34 Hillcrest
841 948 82 33 took
949 947 59 34 the
1034 947 147 44 position
1208 947 77 34 that
1311 947 59 34 the
1396 947 109 34 entire

292 996 184 34 allocation
504 996 39 34 of
566 996 83 34 beds
677 1007 69 23 was
774 996 102 43 being
903 996 188 34 contested.
1119 996 75 34 The
1220 1007 132 32 agency
1379 996 125 43 agreed

292 1045 148 34 because
460 1046 59 33 the
539 1050 134 29 contest
693 1046 45 43 by
760 1046 164 33 Hillcrest
944 1045 113 34 would
1079 1045 206 43 necessarily
1306 1056 102 23 mean
1429 1046 76 33 that

291 1105 96 24 some
414 1095 141 43 nursing
583 1095 119 34 homes
730 1095 145 42 granted
903 1106 74 23 new
1005 1095 84 34 beds
1116 1094 113 35 would
1258 1095 70 34 lose
1355 1095 96 34 them
1478 1095 30 34 if

293 1145 164 34 Hillcrest
477 1144 183 44 prevailed.
681 1144 47 34 So
748 1145 59 33 the
826 1155 132 33 agency
977 1144 145 34 decided
1141 1144 35 34 in
1196 1144 136 43 writing
1351 1144 76 35 that
1446 1145 59 33 the

291 1194 151 34 decision
456 1205 43 23 on
514 1194 59 34 the
586 1194 109 34 entire
709 1194 184 34 allocation
907 1205 70 23 was
991 1199 36 29 at
1040 1194 91 34 issue
1144 1194 69 34 and
1226 1194 60 34 the
1299 1194 158 34 issuance
1469 1194 39 34 of

291 1244 59 34 the
370 1244 205 34 certificates
596 1244 39 34 of
653 1243 86 34 need
760 1248 93 30 must
873 1244 43 34 be
935 1243 146 44 delayed
1101 1243 150 44 pending
1272 1244 132 34 review.

381 1333 75 34 The
466 1343 131 33 agency
607 1332 182 44 requested
800 1333 59 34 the
868 1343 167 33 governor
1044 1338 36 29 to
1090 1333 143 44 appoint
1243 1344 20 23 a
1274 1338 90 29 state
1374 1343 131 34 agency

291 1388 35 29 to
349 1383 149 34 conduct
521 1383 59 34 the
603 1383 274 34 administrative
900 1383 122 34 review
1045 1394 44 24 on
1113 1384 88 43 May
1225 1385 55 39 31,
1308 1384 98 34 1985.
1431 1383 74 35 The

292 1433 229 43 Department
540 1432 39 35 of
597 1433 150 35 Finance
766 1433 68 35 and
854 1433 292 35 Administration
1166 1444 69 24 was
1255 1433 186 44 appointed
1461 1444 43 24 on

291 1483 89 34 June
397 1484 55 39 21,
474 1484 98 39 1985,
590 1482 68 35 and
675 1494 20 23 a
712 1483 143 43 hearing
871 1483 117 34 officer
1003 1494 70 23 was
1090 1483 187 44 appointed
1293 1484 138 42 August
1452 1484 51 40 14,

295 1533 98 33 1985.

475 1620 153 43 Pending
646 1620 132 41 review,
797 1620 67 34 this
882 1620 68 34 suit
967 1631 70 23 was
1055 1620 81 34 filed
1153 1621 34 33 in
1205 1620 123 35 circuit
1345 1626 98 29 court
1459 1631 44 24 on

290 1670 139 42 August
441 1671 146 39 9,1985.
600 1670 75 34 The
686 1669 100 35 relief
795 1670 125 43 sought
931 1681 70 23 was
1013 1670 208 35 mandamus
1233 1670 112 34 which
1357 1670 27 35 is
1397 1681 19 24 a
1428 1670 76 34 writ

290 1724 36 29 to
339 1719 145 44 require,
498 1719 34 35 in
545 1719 68 35 this
626 1730 90 30 case,
730 1731 20 23 a
763 1725 90 29 state
865 1730 133 33 agency
1010 1725 35 29 to
1058 1720 154 43 perform
1225 1731 44 23 an
1282 1725 57 29 act
1351 1720 112 34 which
1476 1720 27 34 is

291 1780 44 23 an
349 1769 220 41 established,
584 1769 92 34 clear
690 1769 68 34 and
772 1770 139 43 specific
924 1770 90 42 legal
1028 1770 102 42 right.
1148 1769 178 35 Chandler
1337 1781 30 22 v.
1381 1771 123 41 Perry-­

292 1819 93 34 Casa
399 1818 124 35 Public
536 1818 162 41 Schools,
714 1820 67 33 286
796 1819 85 34 Ark.
901 1820 76 40 170,
993 1820 69 33 690
1076 1819 144 34 S.W.2d
1236 1820 66 34 349
1320 1819 136 43 (1985).
1473 1820 31 33 It

291 1873 92 29 must
399 1868 43 34 be
457 1873 35 29 to
508 1868 139 35 enforce
662 1869 59 34 the
736 1869 241 43 performance
992 1869 39 34 of
1044 1880 20 23 a
1081 1869 89 43 legal
1186 1869 92 43 right
1294 1869 90 34 after
1400 1869 26 34 it
1441 1869 63 34 has

290 1918 87 34 been
387 1918 209 35 established
606 1918 68 35 and
684 1924 60 29 not
753 1924 35 29 to
798 1919 165 34 establish
973 1930 20 23 a
1003 1919 102 43 right.
1120 1918 105 35 Wells
1233 1930 30 23 v.
1274 1919 150 41 Purcell,
1435 1920 67 33 267

290 1969 84 33 Ark.
391 1969 79 39 456,
489 1969 66 33 592
570 1968 143 34 S.W.2d
733 1969 64 33 100
814 1968 138 43 (1979).
968 1969 113 33 There
1095 1973 93 30 must
1203 1969 43 34 be
1260 1979 44 24 no
1319 1968 185 35 discretion

290 2017 170 35 available
478 2022 35 30 to
531 2018 59 34 the
607 2017 145 35 ordered
770 2023 101 38 party
888 2023 36 29 to
942 2018 153 44 perform
1113 2018 59 34 the
1190 2023 66 30 act.
1278 2017 178 36 Chandler
1472 2029 30 23 v.

289 2068 220 42 Perry-Casa
528 2067 124 35 Public
670 2067 162 40 Schools,
854 2079 119 33 supra.

380 2157 113 34 There
504 2157 27 34 is
542 2168 44 23 no
597 2157 108 34 doubt
716 2157 76 34 that
803 2158 59 33 the
872 2158 177 43 appellant
1060 2168 132 33 agency
1202 2158 28 34 is
1242 2157 215 44 empowered
1468 2163 35 29 to

290 2206 90 35 issue
404 2207 59 34 the
486 2207 216 34 certificates.
728 2207 74 34 The
826 2208 158 43 question
1008 2208 28 34 is
1060 2207 110 35 when.
1195 2208 74 34 The
1292 2208 210 42 regulations

290 2256 139 43 provide
444 2256 76 35 that
536 2267 67 33 any
618 2256 151 35 decision
785 2257 45 43 by
845 2257 59 34 the
918 2262 90 29 state
1023 2267 132 33 agency
1170 2262 35 29 to
1220 2257 91 34 issue
1325 2268 38 23 or
1378 2257 89 43 deny
1482 2268 21 23 a

289 2306 190 34 certificate
490 2306 39 34 of
538 2306 97 41 need,
648 2317 92 33 upon
753 2312 148 38 request,
914 2306 68 34 will
994 2307 43 34 be
1049 2306 166 35 reviewed
1227 2307 45 43 by
1284 2317 44 24 an
1340 2306 162 45 indepen-

289 2355 83 35 dent
386 2361 90 29 state
490 2366 132 34 agency
636 2356 186 44 appointed
838 2356 45 44 by
897 2356 59 34 the
969 2367 177 32 governor.
1163 2357 39 34 In
1217 2356 84 35 such
1316 2367 20 24 a
1351 2367 79 24 case
1444 2356 60 35 the

289 2405 151 35 decision
460 2406 44 43 by
523 2406 59 34 the
600 2406 182 43 reviewing
801 2417 132 33 agency
952 2406 27 34 is
998 2406 145 35 deemed
1162 2407 59 34 the
1238 2406 83 35 final
1340 2406 162 35 decision.
