1648 2688
302 261 68 33 274

392 400 126 33 David
528 400 208 39 Newbern,
747 399 141 40 Justice,

899 399 215 42 concurring.
1125 398 74 34 The
1210 398 109 34 entire
1328 403 183 37 argument

301 448 39 35 of
359 449 59 34 the
439 448 175 45 appellant
636 448 28 34 is
686 448 105 35 based
813 459 44 23 on
880 448 59 34 the
960 448 77 34 lack
1059 447 39 35 of
1116 447 257 35 corroboration
1395 447 39 34 of
1453 447 59 34 the

301 498 276 45 stepdaughter’s
599 498 194 44 testimony.
818 499 56 33 He
895 509 77 33 says
995 498 51 34 his
1069 498 192 34 conviction
1283 508 69 24 was
1375 497 78 34 thus
1476 497 34 34 in

300 548 163 36 violation
488 548 40 35 of
548 549 85 34 Ark.
660 548 89 35 Stat.
774 549 92 34 Ann.
895 548 17 43 §
940 549 154 34 43-2116
1121 548 115 44 (Repl.
1268 547 103 44 1977)
1398 548 111 34 which

301 599 151 44 requires
467 598 185 44 testimony
666 598 39 35 of
716 610 44 23 an
775 599 211 44 accomplice
1000 598 43 35 be
1056 598 243 35 corroborated
1314 603 35 29 to
1363 609 96 23 serve
1472 609 38 23 as

300 649 59 35 the
379 649 91 35 basis
491 649 39 35 of
546 649 192 34 conviction
759 648 39 35 of
814 660 20 24 a
855 648 126 44 felony.

392 731 31 33 It
440 741 80 33 may
537 730 43 34 be
596 730 76 34 that
689 730 98 34 when
805 741 20 23 a
842 729 168 44 teenaged
1028 729 247 44 stepdaughter
1292 740 140 24 accuses
1449 730 61 34 her

300 779 191 44 stepfather
509 779 40 34 of
564 779 108 35 incest
690 779 90 35 after
798 779 112 34 which
929 779 61 34 she
1008 779 111 34 leaves
1138 785 91 28 town
1248 780 82 33 with
1348 779 61 34 her
1428 779 81 43 boy-

300 829 112 34 friend
436 829 59 34 the
519 829 112 43 policy
654 828 39 35 of
714 829 174 43 requiring
912 829 258 34 corroboration
1193 828 123 35 should
1340 829 43 33 be
1406 834 36 29 at
1466 829 43 33 its

300 883 180 38 strongest.
494 879 178 40 However,
683 878 59 35 the
752 878 189 35 defendant
951 878 34 34 in
996 889 20 23 a
1027 889 79 23 case
1117 878 67 35 like
1193 878 68 34 this
1272 878 88 34 finds
1371 878 142 34 himself

300 928 34 34 in
353 939 20 23 a
392 928 160 43 logically
570 927 227 36 indefensible
815 928 157 43 position.
992 929 51 33 To
1061 938 107 33 argue
1186 928 58 34 the
1262 927 247 44 stepdaughter

299 988 70 23 was
389 988 44 24 an
454 977 211 44 accomplice
684 978 44 34 he
748 983 92 29 must
860 977 110 35 admit
990 977 59 35 the
1068 983 67 29 act.

389 1057 199 41 Therefore,
611 1058 101 34 while
735 1058 14 34 I
773 1068 102 33 agree
897 1058 82 34 with
1002 1058 59 34 the
1084 1058 106 34 result
1212 1058 148 34 reached
1383 1058 45 43 by
1450 1058 59 34 the

299 1107 173 43 majority,
495 1108 14 33 I
531 1107 45 34 do
597 1118 37 23 so
655 1108 80 42 only
756 1118 43 24 on
821 1108 59 34 the
901 1107 91 34 basis
1014 1107 39 34 of
1071 1107 131 43 finding
1224 1108 59 33 the
1304 1108 204 43 appellant’s

299 1162 183 37 argument
497 1156 121 35 flawed
633 1156 68 35 and
716 1157 253 43 unpersuasive.
987 1157 14 33 I
1017 1157 224 43 particularly
1255 1156 157 43 disagree
1426 1157 82 33 with

299 1206 59 34 the
368 1206 190 43 majority’s
568 1206 197 34 conclusion
776 1206 76 34 that
862 1206 59 34 the
931 1206 162 34 evidence
1103 1205 129 35 recited
1242 1206 138 34 showed
1391 1206 117 34 Karen

299 1255 143 35 Vickers
462 1266 69 24 was
552 1266 20 24 a
592 1255 286 43 non-consenting
899 1255 175 35 “victim.”

508 1541 124 44 Phillip
652 1541 168 35 VANCE
841 1552 28 23 v.
890 1541 152 34 STATE
1062 1541 39 34 of
1118 1542 178 33 Arkansas

298 1621 65 34 CR
385 1621 125 34 85-181

1187 1622 68 33 704
1275 1621 143 35 S.W.2d
1443 1623 64 33 170

624 1701 170 44 Supreme
814 1701 110 35 Court
943 1701 40 35 of
999 1702 179 34 Arkansas

537 1751 151 43 Opinion
708 1751 170 36 delivered
900 1751 176 44 February
1097 1752 55 40 24,
1178 1752 87 34 1986
