1632 2696
114 427 92 24 area.
229 417 56 33 He
304 427 69 23 was
393 421 59 29 not
471 427 79 23 sure
569 416 77 34 that
665 415 81 44 they
765 415 113 35 would
898 415 99 34 drain
1017 420 139 38 twenty.
1177 414 152 44 Gaffney

115 466 135 35 further
261 466 159 34 testified:
434 466 124 40 “Well,
571 466 59 34 the
641 466 139 42 general
792 476 196 30 consensus,
1000 465 35 34 in
1047 476 58 32 my
1116 464 211 44 experience,

115 516 62 34 has
188 516 87 34 been
287 516 77 34 that
374 515 29 36 if
411 516 93 34 wells
515 526 60 24 are
585 515 123 35 drilled
719 520 36 29 at
766 520 57 30 ten
835 525 79 24 acre
925 515 171 44 spacings,
1107 515 82 43 they
1199 514 130 35 believe

115 566 76 34 that
212 571 58 29 ten
291 576 96 24 acres
407 565 67 34 will
495 565 43 35 be
558 565 173 43 adequate
751 570 36 29 to
806 564 99 35 drain
926 565 59 34 the
1005 570 58 29 ten
1083 564 131 35 acres.”

1263 274 59 33 151

208 653 39 33 In
276 651 133 35 further
437 652 122 34 review
586 651 40 35 of
651 651 219 35 Stevenson’s
898 651 197 44 testimony,
1124 651 59 34 the
1210 650 119 35 record

116 702 135 35 reflects
267 702 44 34 he
326 701 102 35 made
443 713 43 23 no
502 706 149 39 attempt
666 707 36 29 to
717 701 78 35 drill
810 701 59 35 the
884 701 101 34 north
1001 701 93 43 forty
1109 712 96 23 acres
1220 700 39 35 of
1271 701 59 34 the

116 752 186 35 leasehold.
325 752 189 34 Stevenson
536 751 155 44 explains
713 751 52 35 his
787 751 125 35 failure
933 756 35 29 to
990 751 138 44 explore
1149 751 59 34 the
1228 751 101 35 north

116 812 148 33 acreage
278 802 45 43 by
336 802 128 43 stating
479 802 77 34 that
571 801 90 35 after
675 801 138 43 drilling
827 801 59 34 the
900 802 69 33 No.
989 802 13 33 1
1021 801 87 40 well,
1123 801 60 34 the
1196 800 134 36 further

117 852 101 34 north
230 852 44 35 he
284 857 90 29 went
385 852 58 34 the
453 852 65 34 less
530 851 45 34 oil
586 851 44 35 he
641 851 119 35 found.
773 852 15 33 I
799 856 127 29 cannot
937 850 115 35 follow
1063 851 59 34 the
1132 850 89 44 logic
1231 850 39 35 of
1278 850 52 35 his

117 907 188 29 statement
318 901 34 35 in
364 901 68 35 this
445 901 135 43 regard.
594 901 190 35 Stevenson
797 901 173 34 describes
982 901 60 34 the
1054 901 69 34 No.
1142 902 12 33 1
1171 900 75 35 well
1260 911 37 24 as
1310 911 20 26 a

116 951 90 44 good
217 952 87 34 well.
317 951 64 35 His
392 952 68 34 No.
473 953 21 32 2
504 951 77 34 well
591 962 45 23 on
647 951 59 35 the
716 951 162 43 adjacent
888 956 58 29 ten
957 962 97 24 acres
1065 956 35 29 to
1111 951 59 34 the
1180 950 112 42 north,
1303 950 28 35 is

117 1001 181 35 described
308 1012 37 24 as
355 1012 20 24 a
386 1012 82 33 poor
477 1001 87 41 well,
575 1001 113 34 which
698 1001 27 34 is
736 1012 75 23 now
820 1001 84 34 used
914 1001 54 34 for
978 1001 67 34 salt
1053 1006 107 30 water
1169 1001 160 44 disposal.

118 1052 90 34 Well
223 1052 70 34 No.
309 1052 21 33 4
345 1051 111 35 which
471 1051 27 35 is
514 1051 102 35 north
630 1051 39 34 of
680 1052 70 34 No.
766 1052 32 40 2,
813 1056 57 39 yet
885 1051 101 34 south
1001 1051 39 34 of
1052 1051 59 35 the
1125 1051 100 34 north
1241 1051 91 44 forty

117 1112 109 30 acres,
239 1101 28 35 is
280 1112 20 24 a
314 1101 188 44 producing
515 1101 87 35 well.
616 1101 190 35 Stevenson
819 1101 149 35 testified
981 1101 26 34 it
1020 1101 27 35 is
1060 1101 190 44 producing
1263 1106 36 30 at
1311 1112 20 24 a

117 1152 79 40 loss,
207 1151 166 41 however,
384 1151 43 35 he
435 1151 170 35 envisions
615 1151 77 35 that
702 1151 26 35 it
737 1162 80 33 may
827 1151 101 44 begin
938 1156 36 30 to
983 1151 152 44 produce
1144 1156 36 30 at
1189 1162 20 24 a
1219 1151 111 45 profit.

117 1202 182 42 Although
315 1201 44 35 he
375 1201 118 35 makes
509 1201 68 35 this
594 1206 199 36 statement,
810 1201 43 35 he
868 1201 82 34 does
967 1206 60 30 not
1043 1201 135 35 furnish
1193 1212 40 24 us
1249 1201 83 34 with

118 1262 68 33 any
206 1251 223 35 information
449 1251 107 35 about
575 1251 60 34 the
653 1256 117 30 extent
789 1251 39 34 of
843 1256 140 29 current
1002 1251 214 44 production.
1238 1251 94 35 Inas-

118 1301 105 35 much
252 1312 37 23 as
317 1301 189 34 Stevenson
534 1300 123 35 moved
686 1301 101 34 north
814 1301 39 34 of
877 1301 76 34 well
980 1301 70 34 No.
1080 1302 20 33 2
1128 1300 69 35 and
1225 1300 108 35 found

118 1350 206 44 production
339 1351 34 34 in
387 1351 75 34 well
476 1351 70 34 No.
561 1352 33 39 4,
609 1361 66 24 one
688 1350 102 35 could
804 1361 138 24 assume
956 1350 77 35 that
1047 1350 138 43 moving
1199 1350 134 36 further

119 1400 102 35 north
234 1406 36 29 to
283 1401 59 34 the
355 1401 101 34 north
469 1400 103 44 forty,
586 1400 44 35 he
643 1400 111 44 might
768 1400 70 35 find
852 1411 84 24 even
949 1400 112 35 better
1074 1400 192 35 conditions
1280 1400 53 35 for

119 1450 152 44 locating
289 1450 56 35 oil.
366 1450 177 42 Likewise,
563 1451 219 34 Stevenson’s
802 1450 167 35 assertion
987 1450 77 35 that
1082 1451 76 34 well
1176 1451 69 34 No.
1269 1452 13 33 1
1305 1450 28 35 is

119 1500 83 43 high
214 1511 44 24 on
269 1501 59 34 the
338 1500 45 35 oil
394 1500 191 44 producing
596 1505 173 30 structure
780 1500 68 35 and
858 1501 77 34 that
946 1501 46 34 all
1003 1501 46 34 oil
1060 1501 68 34 will
1139 1500 195 44 eventually

119 1550 150 42 migrate
282 1555 36 29 to
331 1550 76 34 that
421 1550 95 43 point
530 1550 84 34 calls
629 1550 54 34 for
697 1561 20 23 a
731 1550 185 42 migration
930 1550 92 34 from
1035 1550 59 34 the
1108 1549 226 35 furthermost

120 1599 164 35 northern
299 1598 90 44 forty
402 1599 150 43 through
566 1599 59 34 the
638 1599 242 34 intermediate
892 1599 93 43 forty
997 1599 101 34 down
1111 1604 36 29 to
1159 1599 60 34 the
1231 1599 103 34 lower

120 1648 102 44 forty.
234 1648 83 34 This
328 1659 109 24 seems
448 1648 199 41 incredible,
659 1648 223 44 particularly
892 1648 34 34 in
937 1648 87 43 light
1034 1648 39 34 of
1080 1648 60 34 the
1149 1648 185 43 testimony

119 1698 40 36 of
175 1698 164 43 Gaffney,
359 1698 76 35 that
454 1698 86 34 each
559 1709 66 23 one
643 1698 40 34 of
699 1698 97 34 these
814 1698 92 34 wells
926 1697 113 35 would
1059 1698 80 43 only
1157 1697 99 35 drain
1275 1703 58 29 ten

120 1759 107 24 acres.
252 1748 89 35 Both
363 1748 162 44 Gaffney,
548 1747 69 36 and
639 1748 97 44 Gary
758 1748 183 44 Rutledge,
964 1748 99 35 Land
1086 1748 173 44 Manager
1280 1747 53 36 for

121 1798 147 36 Hudson
281 1799 191 35 Resources
486 1798 86 44 (had
584 1798 44 35 he
639 1798 87 36 been
739 1798 78 36 able
828 1804 35 30 to
874 1798 119 36 obtain
1006 1809 20 25 a
1038 1798 93 36 lease
1142 1798 90 36 from
1245 1799 87 35 Mrs.

121 1850 130 34 Barnes
273 1849 34 35 in
333 1849 103 43 1983)
459 1849 114 35 would
594 1850 88 34 have
702 1849 123 35 drilled
846 1850 87 34 Mrs.
957 1850 141 34 Barnes’
1120 1849 102 35 north
1242 1849 92 45 forty

120 1910 108 24 acres.

212 1986 189 34 Stevenson
422 1986 62 34 has
504 1986 60 34 the
584 1985 86 44 duty
690 1991 36 29 to
746 1986 138 43 explore
904 1986 59 34 the
983 1986 110 34 entire
1113 1991 90 30 tract
1222 1986 112 38 which

120 2035 156 34 includes
285 2035 59 34 the
353 2035 100 34 north
463 2035 92 43 forty
565 2035 83 34 with
658 2035 202 35 reasonable
868 2035 180 43 diligence.
1059 2035 83 34 This
1152 2035 43 34 he
1204 2035 62 34 has
1276 2040 59 30 not

120 2084 100 35 done.
236 2085 56 34 He
304 2095 154 24 assumes
471 2085 60 35 the
544 2084 148 44 position
705 2084 76 35 that
794 2085 59 34 the
865 2084 135 35 further
1012 2085 102 35 north
1127 2085 44 34 he
1183 2095 81 33 goes
1277 2084 59 35 the

121 2135 66 34 less
200 2135 46 34 oil
258 2135 44 34 he
314 2135 68 34 will
394 2134 71 35 find
478 2134 70 35 and
560 2135 98 34 there
670 2134 113 35 would
796 2135 43 34 be
851 2135 144 43 nothing
1008 2134 54 35 for
1074 2135 73 34 him
1160 2140 35 29 to
1207 2135 81 43 gain
1301 2134 35 35 in

121 2185 215 43 exploration
354 2184 39 35 of
408 2185 67 34 this
494 2196 92 23 area.
606 2185 66 34 We
689 2185 88 34 have
794 2184 80 35 held
891 2185 77 34 that
986 2184 30 35 if
1031 2184 98 35 there
1146 2185 28 34 is
1192 2184 143 44 nothing

121 2234 126 43 gained
262 2234 82 34 then
359 2234 97 35 there
470 2234 28 34 is
513 2234 144 43 nothing
671 2239 37 30 to
722 2234 71 35 lose
807 2234 45 44 by
866 2234 229 35 cancellation
1109 2234 39 35 of
1159 2234 60 35 the
1233 2234 102 41 lease,

121 2283 106 44 Byrd,
239 2294 114 33 supra.
365 2284 68 34 See
444 2283 78 35 also
531 2283 127 43 Skelly
671 2283 59 35 Oil
741 2285 182 42 Company
932 2295 31 23 v.
975 2284 183 43 Scoggins,
1171 2285 63 33 231
1250 2284 85 34 Ark.

123 2334 79 39 357,
225 2334 66 33 329
313 2332 142 35 S.W.2d
476 2334 69 33 424
567 2332 138 43 (1959).

212 2418 35 33 A
256 2418 92 33 close
357 2417 157 44 question
524 2417 159 44 develops
694 2428 38 24 as
742 2423 36 29 to
787 2418 153 34 whether
950 2428 38 24 or
997 2422 60 30 not
1067 2418 190 34 Stevenson
1266 2428 71 24 was
