1670 2702
330 284 68 33 462

420 1310 142 41 Eugene
572 1309 109 38 Hunt,
694 1308 95 40 P.A.,
801 1307 55 43 by:
868 1308 142 42 Eugene
1020 1308 100 32 Hunt
1131 1305 69 35 and
1211 1307 83 33 Lisa
1304 1306 41 33 A.
1359 1304 113 44 Kelly,
1485 1304 53 36 for

330 1358 203 43 appellants.

425 1436 126 35 Wilton
570 1438 40 32 E.
631 1435 119 41 Steed,
771 1435 53 35 for
844 1435 182 44 appellees.

420 1514 140 34 Steele
569 1515 114 39 Hays,
693 1514 140 34 Justice.

844 1513 82 34 This
936 1513 123 43 appeal
1068 1512 83 35 calls
1160 1512 54 34 for
1222 1523 44 23 an
1276 1512 262 44 interpretation

330 1563 39 34 of
384 1574 21 23 a
423 1568 156 29 contract
597 1562 53 35 for
668 1563 58 34 the
744 1563 71 34 sale
833 1562 39 34 of
887 1562 81 34 land
987 1562 154 34 between
1160 1563 38 33 L.
1218 1562 55 34 W.
1292 1561 69 35 and
1380 1562 157 34 Carutha

331 1612 163 41 Johnson,
504 1612 203 44 appellants,
716 1612 69 34 and
794 1612 170 34 Clarence
972 1611 68 35 and
1050 1611 105 35 Rosie
1164 1611 98 41 Carr,
1272 1610 182 45 appellees.
1464 1611 75 34 The

330 1667 156 30 contract
505 1673 69 24 was
595 1662 102 34 made
717 1661 34 35 in
775 1662 87 34 1966
883 1661 69 35 and
972 1660 163 45 provided
1155 1661 86 34 that:

453 1741 54 33 for
521 1751 43 24 an
579 1740 190 35 additional
785 1745 56 29 ten
856 1739 127 35 dollars
998 1739 68 35 and
1080 1739 98 35 other
1191 1739 90 43 good
1296 1738 68 36 and
1377 1738 161 36 valuable

453 1789 263 41 consideration,
742 1816 6 7 .
776 1817 6 7 .
810 1817 6 6 .
840 1789 59 34 the
921 1789 116 35 sellers
1060 1789 88 34 shall
1171 1789 87 34 have
1280 1789 59 34 the
1361 1789 117 44 option
1502 1794 35 29 to

453 1838 208 44 repurchase
669 1839 59 34 the
736 1839 71 34 real
816 1844 161 38 property
986 1838 155 35 involved
1150 1839 34 33 in
1193 1838 68 35 this
1270 1843 156 30 contract
1435 1838 34 34 in
1478 1838 60 35 the

453 1894 99 29 event
578 1889 203 43 purchasers
808 1888 120 35 decide
953 1893 36 29 to
1016 1888 61 35 sell
1105 1915 75 7 ...
1209 1890 35 32 in
1271 1887 58 35 the
1355 1893 97 29 event
1479 1887 58 35 the

449 1938 213 45 purchasers
679 1938 113 35 desire
809 1944 36 28 to
860 1938 92 35 sell.
980 1965 6 7 .
1014 1966 7 6 .
1041 1937 80 44 they
1137 1937 96 35 shall
1247 1940 77 42 give
1341 1936 58 36 the
1414 1936 123 36 sellers

453 1991 134 32 written
600 1991 114 32 notice
726 1987 47 45 of
778 1988 91 35 their
881 1988 114 35 desire
1009 1994 37 29 to
1057 1987 68 35 sell
1137 1987 69 35 and
1219 1988 117 34 sellers
1349 1987 88 35 shall
1450 1987 89 35 have

453 2038 89 43 sixty
558 2038 85 44 days
660 2038 91 34 from
767 2038 59 35 the
842 2037 82 36 date
940 2037 39 35 of
993 2038 129 43 receipt
1139 2037 39 35 of
1192 2038 114 34 notice
1322 2037 34 34 in
1373 2037 112 35 which
1502 2042 36 29 to

453 2088 89 35 avail
580 2088 203 34 themselves
821 2087 39 35 of
894 2088 68 34 this
999 2088 118 44 option
1154 2093 36 29 to
1227 2087 179 44 purchase.
1447 2086 91 43 (Our

453 2137 201 45 emphasis).

329 2217 74 34 The
413 2222 156 29 contract
579 2216 74 35 said
663 2217 59 34 the
731 2217 94 43 price
834 2216 39 34 of
880 2217 59 34 the
948 2217 82 34 land
1039 2227 71 24 was
1120 2221 36 30 to
1166 2217 54 40 be,
1231 2216 83 35 “not
1323 2216 121 43 higher
1453 2216 85 35 than

329 2266 59 34 the
398 2266 182 44 appraised
590 2266 101 35 value
701 2266 45 43 by
756 2271 67 29 two
834 2266 193 43 appraisers
1038 2271 35 29 to
1084 2266 44 34 be
1137 2266 150 34 selected
1298 2266 45 43 by
1352 2266 59 34 the
1421 2265 116 35 sellers

330 2315 68 35 and
411 2315 238 45 purchasers.”
664 2317 39 33 In
716 2316 164 43 January,
898 2316 99 40 1976,
1011 2316 59 34 the
1083 2316 170 34 Johnsons
1266 2314 170 36 delivered
1449 2315 89 35 their

329 2371 172 38 warranty
518 2365 87 35 deed
623 2370 36 30 to
676 2365 59 35 the
752 2365 105 35 Carrs
876 2365 68 35 and
962 2365 59 35 the
1037 2370 157 30 contract
1211 2376 70 24 was
1298 2364 240 45 incorporated

329 2416 72 33 into
421 2416 59 34 the
500 2415 97 35 deed.
