1669 2701
132 390 138 43 syringe
296 390 34 34 in
357 400 20 24 a
404 390 123 44 plastic
554 391 78 42 bag.
660 391 75 34 The
761 390 123 44 plastic
910 391 68 42 bag
1005 390 69 35 had
1101 401 20 24 a
1148 390 136 35 residue
1309 390 40 35 of

132 439 198 44 ephedrine,
348 450 19 24 a
384 440 170 35 chemical
570 440 198 43 commonly
782 440 86 35 used
883 445 36 30 to
935 440 109 35 dilute
1060 440 190 35 controlled
1266 441 78 34 sub-

132 495 147 29 stances.
290 491 34 33 A
333 489 66 35 box
407 490 39 34 of
452 489 133 36 freezer
594 489 85 44 bags
688 501 70 23 was
767 501 44 23 on
820 489 59 36 the
887 490 95 35 floor.
993 490 113 35 There
1114 501 70 24 was
1193 502 21 23 a
1223 490 123 35 mirror

132 538 85 36 used
234 550 38 23 as
289 551 20 23 a
326 539 154 44 tabletop
496 550 44 24 on
556 539 113 35 which
686 550 89 24 were
790 540 98 34 three
904 550 99 25 razor
1019 539 130 36 blades.
1167 540 74 35 The
1256 545 90 30 state

133 589 138 34 elicited
280 589 186 44 testimony
474 589 77 35 that
560 600 100 24 razor
668 589 120 35 blades
797 600 89 24 were
895 589 84 35 used
989 595 36 29 to
1033 590 70 34 line
1111 595 60 29 out
1180 590 104 43 drugs
1292 590 54 35 for

133 639 156 43 snorting
303 650 38 24 or
356 640 136 43 putting
507 639 73 35 into
594 639 165 44 syringes.
775 639 190 44 Searching
980 639 146 41 further,
1141 640 59 34 the
1214 639 132 35 officers

133 688 109 35 found
252 694 68 29 two
328 689 152 43 syringes
490 689 35 34 in
534 700 45 24 an
588 688 179 44 adjoining
775 689 193 35 bathroom.
980 690 40 33 In
1028 689 145 35 another
1182 689 166 35 bedroom

134 738 82 44 they
225 738 197 35 discovered
432 739 177 44 appellant
618 739 97 44 Gary
724 739 199 35 Piercefield
932 739 119 43 hiding
1060 740 35 34 in
1105 750 20 24 a
1134 740 116 34 closet.
1260 739 87 35 Toni

134 788 188 35 Needham
331 799 69 24 was
411 789 72 34 also
493 788 35 35 in
538 789 59 34 the
607 799 107 24 room.
725 789 112 35 There
846 800 90 24 were
945 799 44 25 no
999 789 105 44 drugs
1114 799 38 24 or
1162 790 184 43 parapher-

135 839 94 34 nalia
249 838 109 35 found
378 838 34 35 in
432 838 68 35 this
520 849 108 24 room.

1276 250 66 34 515

227 928 90 34 Both
326 927 158 35 Sanchez
493 928 69 35 and
572 928 200 35 Piercefield
781 939 89 24 were
879 928 179 35 convicted
1067 928 39 36 of
1112 929 190 43 possession
1311 928 40 36 of

135 988 21 23 a
183 977 190 35 controlled
399 978 185 35 substance
610 978 83 35 with
720 978 109 35 intent
855 983 36 30 to
917 978 61 35 sell
1005 979 69 34 and
1101 979 183 35 sentenced
1310 990 38 24 as

136 1027 158 35 habitual
309 1027 184 35 criminals:
509 1027 160 35 Sanchez
683 1033 35 30 to
733 1029 42 33 35
791 1039 110 33 years,
916 1028 200 36 Piercefield
1130 1034 35 30 to
1180 1030 44 34 22
1238 1040 108 33 years.

135 1077 59 35 On
222 1077 124 44 appeal
373 1077 159 35 Sanchez
559 1078 107 35 raises
693 1078 99 35 three
818 1083 212 38 arguments:
1058 1079 60 34 the
1144 1078 80 36 trial
1251 1084 98 30 court

136 1127 154 43 wrongly
303 1127 138 35 refused
454 1132 36 30 to
503 1127 147 35 disclose
662 1128 60 35 the
735 1139 102 24 name
850 1128 39 34 of
899 1129 60 34 the
971 1129 222 34 confidential
1207 1128 141 35 inform-

136 1182 61 29 ant
207 1177 77 34 who
294 1177 157 43 supplied
461 1177 59 34 the
530 1177 225 35 information
766 1177 53 35 for
829 1177 59 35 the
897 1178 122 35 search
1029 1183 162 36 warrant;
1201 1178 59 35 the
1270 1178 79 35 trial

136 1231 100 30 court
255 1226 123 35 should
397 1227 87 34 have
503 1227 171 35 admitted
694 1227 161 35 evidence
874 1228 77 34 that
969 1228 88 34 Toni
1076 1228 186 35 Needham
1282 1227 68 36 and

138 1276 124 35 Bernie
290 1277 94 34 Netz
412 1276 145 44 pleaded
585 1277 121 44 guilty;
736 1277 68 35 and
832 1277 98 35 there
957 1288 70 24 was
1056 1282 60 30 not
1143 1278 206 35 substantial

137 1325 164 35 evidence
314 1332 36 29 to
364 1331 143 40 support
521 1327 53 34 his
588 1326 205 36 conviction.
808 1327 58 35 All
881 1338 60 24 are
954 1327 181 36 meritless.
1151 1327 200 35 Piercefield

137 1376 81 44 only
226 1387 124 32 argues
360 1376 78 35 lack
445 1376 40 35 of
490 1377 208 34 substantial
707 1377 172 34 evidence.
890 1377 64 35 His
964 1382 184 38 argument
1156 1378 28 34 is
1193 1378 157 34 convinc-

137 1425 58 44 ing
216 1426 69 34 and
305 1426 152 43 requires
478 1437 20 23 a
518 1427 149 34 reversal
687 1426 69 35 and
776 1426 172 35 dismissal
968 1426 40 34 of
1024 1427 53 34 his
1097 1427 202 34 conviction.

362 1514 74 35 The
462 1519 90 30 state
578 1514 192 45 proceeded
796 1514 110 35 under
932 1515 59 34 the
1017 1515 122 43 theory
1165 1515 76 35 that
1267 1515 83 35 both

137 1563 201 35 Piercefield
357 1564 68 34 and
443 1564 160 35 Sanchez
620 1575 90 24 were
728 1564 35 34 in
781 1564 230 36 constructive
1028 1565 192 44 possession
1238 1565 39 34 of
1291 1566 59 34 the

137 1613 117 44 drugs.
283 1614 194 35 Possession
504 1625 82 34 may
613 1614 43 35 be
682 1614 230 36 constructive
938 1615 99 35 when
1063 1626 66 24 one
1155 1616 148 35 controls
1329 1626 21 25 a

137 1665 187 35 substance
333 1675 38 24 or
381 1664 61 36 has
452 1664 59 36 the
520 1665 92 44 right
622 1670 36 30 to
667 1666 132 34 control
809 1666 36 35 it.
859 1665 156 36 Osborne
1022 1677 31 24 v.
1063 1666 113 41 State,
1188 1667 65 34 278
1264 1667 85 34 Ark.

138 1715 57 41 45,
215 1715 67 34 643
302 1715 142 35 S.W.2d
464 1716 63 34 251
552 1715 138 44 (1982).
710 1716 128 35 Actual
857 1716 155 44 physical
1029 1716 192 44 possession
1239 1721 36 30 at
1292 1717 59 34 the

138 1765 85 35 time
232 1765 40 34 of
278 1766 59 34 the
346 1771 109 29 arrest
464 1765 28 35 is
501 1771 60 29 not
571 1765 170 45 required.
755 1767 129 43 Cary v.
894 1767 114 40 State,
1019 1768 68 33 259
1097 1767 85 34 Ark.
1194 1767 156 40 510, 534

137 1815 145 34 S.W.2d
294 1816 68 34 230
375 1814 137 44 (1976).
525 1816 39 34 In
575 1817 109 34 Jones
693 1826 30 24 v.
735 1816 113 40 State,
860 1817 67 34 269
939 1816 86 35 Ark.
1041 1817 154 40 119, 598
1208 1816 142 35 S.W.2d

138 1866 68 33 748
225 1864 138 43 (1980),
378 1876 51 23 we
443 1865 127 44 quoted
585 1865 83 35 with
683 1866 163 44 approval
861 1866 59 34 the
934 1866 175 43 following
1124 1866 177 35 definition
1315 1866 40 35 of

138 1914 208 36 substantial
367 1915 171 35 evidence:

354 2004 217 36 Substantial
592 2005 163 35 evidence
775 2006 61 35 has
857 2005 86 36 been
964 2005 136 36 defined
1121 2017 38 24 as
1180 2006 173 35 evidence

263 2055 77 35 that
357 2055 27 35 is
401 2055 39 35 of
454 2055 171 36 sufficient
642 2055 95 36 force
754 2056 69 35 and
839 2056 181 35 character
1037 2057 77 34 that
1130 2056 27 35 it
1173 2056 79 41 will,
1269 2057 83 34 with

264 2105 202 34 reasonable
478 2105 68 34 and
559 2105 160 35 material
731 2106 170 43 certainty
912 2105 69 35 and
993 2106 181 43 precision,
1186 2107 134 42 compel
1332 2116 20 24 a

263 2154 198 34 conclusion
471 2164 65 24 one
545 2165 76 31 way
630 2164 39 24 or
678 2155 59 33 the
746 2155 108 33 other.
866 2155 31 33 It
906 2159 94 30 must
1009 2154 95 34 force
1113 2165 38 23 or
1160 2154 125 34 induce
1294 2155 59 33 the

264 2202 96 34 mind
380 2207 35 29 to
435 2213 79 32 pass
534 2203 136 42 beyond
690 2214 21 23 a
731 2203 173 42 suspicion
923 2214 38 23 or
981 2203 209 42 conjecture.
1218 2229 6 7 .
1252 2203 18 33 .

139 2290 40 33 In
189 2289 231 44 determining
430 2289 153 36 whether
593 2290 59 34 the
662 2290 162 35 evidence
833 2290 28 35 is
871 2291 218 41 substantial,
1100 2301 51 24 we
1160 2290 157 35 consider
1326 2291 27 34 it

138 2338 36 36 in
191 2350 21 24 a
229 2339 89 44 light
333 2344 91 31 most
441 2339 177 36 favorable
634 2345 37 30 to
686 2341 61 34 the
763 2345 100 31 state.
884 2339 207 37 Westbrook
1104 2351 32 24 v.
1154 2341 113 41 State,
1285 2341 68 35 286

139 2391 85 34 Ark.
251 2391 76 41 192,
349 2391 63 34 691
437 2391 143 35 S.W.2d
605 2392 62 34 123
692 2390 138 45 (1985);
853 2391 92 44 Cary
964 2402 30 23 v.
1014 2391 114 42 State,
1148 2402 118 34 supra.
