1648 2680
299 406 124 34 failure
432 411 35 29 to
476 406 137 43 comply
622 406 82 33 with
715 406 89 33 Rule
814 406 90 40 24.6,
915 416 62 23 our
986 405 151 34 decision
1147 404 86 35 need
1243 410 59 29 not
1312 410 79 29 turn
1400 415 43 24 on
1453 404 59 34 the

298 456 157 43 question
469 455 39 35 of
518 455 207 34 substantial
739 455 225 43 compliance,
978 465 38 24 or
1030 455 77 34 lack
1120 454 39 35 of
1169 455 37 40 it,
1220 455 81 34 with
1316 455 90 33 Rule
1420 455 89 33 24.4.

299 507 179 39 However,
506 505 25 34 it
557 510 128 29 cannot
711 505 80 33 hurt
817 510 35 28 to
879 509 127 29 restate
1032 515 62 23 our
1121 504 234 43 expectations
1382 504 68 34 and
1476 509 35 29 to

298 555 199 44 emphasize
507 555 75 34 how
594 565 81 33 easy
686 554 25 34 it
722 554 113 34 would
846 554 42 34 be
899 554 53 34 for
962 554 59 34 the
1031 559 98 29 court
1140 559 35 29 to
1185 554 137 43 comply
1333 553 86 44 fully
1429 554 82 34 with

299 605 96 33 these
412 605 90 33 rules
521 604 44 43 by
582 604 126 42 having
726 604 106 40 them,
850 614 38 23 or
906 614 20 23 a
943 604 123 43 simple
1083 603 166 34 checklist
1266 603 137 34 derived
1422 603 90 34 from

299 654 106 39 them,
427 654 118 33 before
566 654 72 33 him
658 654 98 33 when
777 653 59 34 the
856 653 77 43 plea
954 653 27 33 is
1002 653 186 33 discussed.

299 267 67 32 634

389 729 75 33 The
477 728 151 34 decision
642 728 39 34 of
692 728 59 34 the
764 728 122 34 circuit
900 733 98 29 court
1012 728 27 33 is
1054 728 167 40 reversed,
1237 728 68 34 and
1319 728 59 34 the
1392 738 79 24 case
1484 728 27 33 is

299 778 188 34 remanded
502 789 37 23 so
554 778 76 34 that
644 778 59 34 the
716 777 193 35 conviction
924 788 80 32 may
1019 777 42 34 be
1075 782 52 29 set
1141 777 96 34 aside
1251 777 34 34 in
1300 777 213 34 accordance

299 828 82 34 with
403 828 89 34 Rule
514 829 89 33 37.4.

390 906 159 39 Purtle,
571 905 42 40 J.,
635 910 59 29 not
714 904 255 44 participating.

391 982 187 33 Hickman
599 980 68 35 and
689 981 114 40 Hays,
824 981 65 39 JJ.,
910 980 139 34 dissent.

391 1057 179 33 Darrell
589 1057 197 39 Hickman,
805 1056 142 40 Justice,

966 1055 199 43 dissenting.
1186 1056 154 33 Because
1357 1055 59 34 the
1433 1055 79 34 trial

295 1106 109 43 judge
420 1105 59 35 did
497 1111 59 29 not
574 1105 207 44 technically
798 1106 137 43 comply
952 1105 82 34 with
1053 1105 90 35 Rule
1161 1106 44 33 24
1223 1105 39 34 of
1276 1105 59 34 the
1353 1105 106 34 Rules
1476 1105 39 34 of

300 1156 170 34 Criminal
496 1155 204 41 Procedure,
727 1156 68 34 this
821 1156 110 43 guilty
957 1155 77 44 plea
1060 1155 27 34 is
1113 1160 52 29 set
1191 1155 105 35 aside.
1323 1155 75 34 The
1423 1160 90 29 most

300 1206 188 43 important
501 1205 158 44 question
673 1205 27 35 is
714 1211 59 29 not
786 1205 186 35 addressed
985 1205 69 34 and
1067 1205 77 34 that
1157 1205 27 34 is
1197 1205 154 34 whether
1364 1205 59 34 the
1435 1205 77 44 plea

299 1267 69 23 was
387 1256 207 43 voluntarily
613 1255 151 35 entered.
785 1256 39 33 In
843 1255 230 43 determining
1092 1255 153 35 whether
1264 1255 68 35 this
1351 1255 74 34 rule
1443 1266 69 23 was

299 1306 170 44 complied
485 1306 93 41 with,
594 1317 51 23 we
659 1306 87 34 have
760 1306 128 43 always
903 1305 84 35 used
1002 1306 59 34 the
1075 1305 166 35 standard
1255 1305 39 35 of
1306 1305 206 35 substantial

299 1356 225 43 compliance,
547 1361 58 28 not
626 1355 171 34 technical
818 1355 225 43 compliance.
1064 1355 175 43 Shipman
1258 1366 30 22 v.
1309 1355 113 40 State,
1444 1355 64 33 261

299 1405 84 33 Ark.
399 1406 78 39 559,
492 1406 66 32 550
571 1404 143 34 S.W.2d
727 1405 69 33 454
810 1404 138 42 (1977);
963 1404 110 34 Clark
1083 1415 30 23 v.
1126 1405 113 39 State,
1253 1406 64 32 271
1333 1405 85 33 Ark.
1433 1405 78 39 866,

300 1455 63 33 611
377 1453 143 35 S.W.2d
531 1455 67 32 502
609 1453 138 43 (1981).
758 1454 39 33 In
807 1454 59 33 the
874 1458 117 29 recent
999 1464 80 23 case
1087 1453 40 35 of
1132 1453 221 34 McFarland
1359 1465 30 22 v.
1398 1454 113 40 State,

300 1504 68 33 284
377 1504 85 33 Ark.
474 1503 386 41 533, 684 S.W.2d 233
874 1503 138 43 (1985),
1022 1514 51 23 we
1082 1503 138 34 refused
1230 1508 35 29 to
1273 1503 79 34 void
1362 1514 20 23 a
1392 1503 120 34 search

300 1553 148 34 because
462 1553 39 34 of
514 1564 20 23 a
548 1553 163 34 violation
727 1553 39 34 of
778 1553 59 34 the
852 1553 107 34 Rules
974 1553 39 34 of
1026 1553 170 34 Criminal
1212 1552 193 35 Procedure
1420 1553 93 34 since

299 1603 134 34 neither
453 1603 176 44 prejudice
649 1614 61 23 nor
730 1603 259 35 constitutional
1009 1603 182 34 violations
1211 1614 89 23 were
1320 1602 118 35 found.

389 1679 75 34 The
479 1679 131 35 United
625 1679 117 34 States
758 1679 170 44 Supreme
943 1679 121 41 Court,
1081 1690 44 23 on
1140 1679 115 34 whose
1270 1679 168 34 decisions
1454 1679 59 34 the

300 1729 106 34 Rules
429 1729 40 34 of
489 1729 170 34 Criminal
682 1729 194 34 Procedure
899 1740 60 23 are
981 1728 117 41 based,
1123 1729 62 33 has
1208 1729 104 33 taken
1335 1729 60 33 the
1417 1739 96 23 same

299 1778 185 44 approach.
497 1779 39 33 In
548 1778 128 35 United
682 1779 121 33 States
811 1789 30 23 v.
857 1777 208 41 Timmreck,
1076 1779 64 32 441
1154 1778 84 34 U.S.
1250 1778 68 34 780
1330 1777 137 43 (1979),
1478 1777 35 34 in

299 1828 112 34 which
426 1828 91 34 Rule
536 1829 35 33 11
591 1827 39 35 of
642 1828 59 34 the
717 1828 143 34 Federal
876 1828 106 34 Rules
998 1827 39 34 of
1050 1827 170 34 Criminal
1235 1826 194 35 Procedure
1443 1838 69 23 was

299 1883 59 29 not
374 1878 133 43 strictly
523 1877 171 44 complied
711 1877 93 41 with,
821 1877 60 34 the
896 1882 99 29 court
1011 1877 124 34 stated:
1153 1877 32 34 .
1213 1904 6 7 .
1247 1904 7 7 .
1271 1877 77 34 Nor
1364 1887 65 24 can
1446 1887 67 33 any

299 1927 104 34 claim
428 1927 204 43 reasonably
657 1927 43 34 be
724 1926 103 35 made
850 1927 77 34 that
951 1926 59 35 the
1035 1937 93 24 error
1153 1927 81 34 here
1258 1926 150 35 resulted
1433 1926 34 34 in
1493 1937 20 23 a

300 1977 182 43 complete
495 1977 223 42 miscarriage
730 1976 39 35 of
774 1976 138 43 justice
926 1987 38 23 or
977 1976 34 34 in
1024 1987 20 23 a
1058 1976 206 44 proceeding
1278 1976 235 34 inconsistent

299 2026 82 34 with
395 2026 59 34 the
467 2026 238 43 rudimentary
718 2026 168 34 demands
900 2026 39 34 of
950 2026 67 34 fair
1030 2026 212 43 procedure.
1256 2027 50 32 As
1320 2036 20 24 a
1354 2025 91 34 basis
1460 2025 53 34 for

299 2075 68 34 this
381 2075 193 42 reasoning,
588 2075 60 34 the
661 2075 170 43 Supreme
845 2075 111 34 Court
969 2075 128 43 quoted
1111 2075 91 34 from
1215 2080 68 29 two
1296 2075 96 34 basic
1405 2085 106 23 cases.

300 2125 39 33 In
359 2124 80 34 Hill
457 2136 30 23 v.
512 2124 127 35 United
656 2125 131 40 States,
811 2125 65 33 368
899 2124 83 34 U.S.
1005 2125 79 40 424,
1105 2124 27 34 it
1151 2135 70 23 was
1242 2124 85 34 said:

514 2200 74 34 The
616 2200 126 34 failure
770 2199 39 35 of
835 2211 20 23 a
884 2200 80 34 trial
992 2205 99 29 court
1120 2205 35 29 to
1184 2200 63 34 ask
1275 2211 20 23 a
1324 2199 189 35 defendant

423 2249 220 45 represented
654 2250 45 43 by
710 2261 45 23 an
766 2255 159 38 attorney
935 2250 154 34 whether
1100 2250 44 34 he
1154 2250 62 34 has
1228 2249 167 44 anything
1406 2254 35 29 to
1452 2260 61 33 say

423 2300 119 34 before
558 2305 161 29 sentence
735 2300 28 34 is
779 2299 156 44 imposed
951 2299 28 35 is
995 2304 60 30 not
1071 2299 39 35 of
1124 2299 95 35 itself
1232 2311 45 23 an
1293 2310 94 24 error
1403 2299 39 34 of
1455 2299 59 34 the

423 2350 181 34 character
615 2360 38 24 or
665 2349 204 43 magnitude
880 2349 202 43 cognizable
1094 2349 109 34 under
1215 2360 20 23 a
1248 2349 76 34 writ
1336 2349 39 34 of
1384 2349 129 34 habeas

423 2410 134 33 corpus.
579 2400 30 33 It
628 2400 28 33 is
675 2410 45 23 an
739 2410 93 23 error
851 2399 113 34 which
983 2399 27 34 is
1030 2399 133 35 neither
1178 2399 255 43 jurisdictional
1452 2409 61 23 nor
