1624 2688
299 413 76 34 that
388 412 179 34 whenever
581 412 58 34 the
653 412 198 43 legislature
865 411 78 35 fails
958 416 35 30 to
1007 411 131 44 specify
1152 411 76 34 that
1242 422 67 32 any
1323 410 136 35 records
1475 410 33 34 in

299 463 58 34 the
372 462 116 44 public
503 462 140 35 domain
659 473 59 23 are
733 467 35 29 to
784 462 43 34 be
842 461 166 35 excluded
1024 461 90 34 from
1130 461 200 44 inspection,
1347 471 38 24 or
1400 460 27 35 is
1443 460 65 35 less

299 513 83 34 than
394 513 92 34 clear
497 512 33 34 in
542 512 42 35 its
595 512 244 40 intendments,
851 512 81 34 then
944 511 138 44 privacy
1093 516 92 29 must
1195 510 90 44 yield
1296 516 35 29 to
1342 521 166 33 openness

299 562 68 35 and
385 573 137 32 secrecy
541 567 35 29 to
594 562 59 34 the
670 562 144 43 public’s
834 561 91 43 right
943 567 35 28 to
996 561 99 34 know
1113 561 59 34 the
1189 566 110 29 status
1318 560 39 35 of
1372 560 42 34 its
1432 571 76 23 own

299 612 129 34 affairs.
451 613 65 33 We
536 611 91 41 hold,
648 611 183 41 therefore,
853 611 76 34 that
949 611 59 34 the
1028 610 132 35 burden
1180 610 39 34 of
1236 610 272 43 confidentiality

299 667 85 28 rests
405 672 43 23 on
469 661 58 34 the
547 661 193 42 legislation
761 660 102 40 itself,
885 660 68 34 and
974 660 30 34 if
1021 660 58 33 the
1099 660 168 33 intention
1288 659 27 34 is
1336 659 171 40 doubtful,

298 721 167 32 openness
486 710 27 33 is
533 710 59 33 the
612 710 116 33 result.

300 274 43 33 86

388 784 74 34 The
482 784 100 34 order
602 783 167 44 appealed
790 783 90 34 from
901 784 27 33 is
949 783 167 34 affirmed.

389 860 159 40 Purtle,
569 860 42 40 J.,
633 864 59 29 not
712 859 255 44 participating.

326 1136 80 34 Gail
428 1136 211 34 KIRTLEY
660 1147 27 23 v.
710 1136 332 33 DARDANELLE
1062 1135 174 34 PUBLIC
1256 1134 223 35 SCHOOLS

299 1212 128 33 85-187

1211 1212 68 33 702
1299 1210 143 35 S.W.2d
1463 1212 42 33 25

625 1287 169 43 Supreme
814 1287 110 33 Court
944 1286 39 34 of
1000 1286 178 34 Arkansas

548 1336 151 43 Opinion
720 1336 170 34 delivered
911 1337 155 42 January
1086 1337 55 39 21,
1167 1337 87 33 1986

388 2352 155 43 Cearley,
573 2352 166 35 Mitchell
768 2354 31 33 &
829 2352 183 41 Roachell,
1041 2353 55 43 by:
1124 2353 93 34 Paul
1242 2355 31 32 J.
1308 2352 113 42 Ward,
1451 2353 54 34 for

295 2402 185 43 appellant.
