1624 2688
307 262 63 33 124

556 401 180 43 Although
752 412 51 23 we
818 401 72 35 find
906 402 77 34 that
998 402 132 43 Patty’s
1146 407 192 29 comments
1355 407 35 29 to
1406 402 111 44 police

302 451 132 35 officers
455 451 122 35 should
598 451 86 35 have
704 451 86 36 been
810 451 178 42 excluded,
1009 452 60 34 the
1087 452 79 34 trial
1186 452 127 34 court’s
1333 463 93 23 error
1446 463 69 23 was

302 502 178 34 harmless.
502 501 124 35 Before
644 501 59 36 the
721 501 111 45 police
850 502 185 44 testimony
1054 513 69 23 was
1142 502 131 35 offered
1292 507 36 30 at
1347 502 59 35 the
1424 502 90 41 trial,

301 562 101 23 seven
413 552 175 34 witnesses
599 551 148 35 testified
759 552 144 35 without
913 552 173 43 objection
1097 552 76 35 that
1184 553 102 43 Patty
1297 563 62 24 ran
1370 552 45 44 by
1426 552 90 35 after

302 601 58 34 the
381 602 158 42 shooting
561 602 120 43 saying
703 602 211 43 “somebody
935 602 77 34 shot
1033 613 58 33 my
1112 602 188 43 mommy”.
1322 603 103 43 Patty
1446 613 70 24 was

302 650 106 35 heard
421 651 45 43 by
477 661 65 24 one
554 651 136 34 witness
703 656 35 29 to
750 662 61 32 say
822 652 77 36 that
911 662 20 24 a
944 662 81 24 man
1037 651 116 45 pulled
1165 662 47 33 up
1224 652 34 33 in
1270 652 52 34 his
1334 652 101 35 truck
1446 652 69 34 and

301 700 77 34 shot
396 700 61 37 her.
474 711 164 29 momma,
656 700 69 34 and
743 701 65 34 Bill
826 701 154 40 Daniels,
997 701 131 43 Patty’s
1146 700 125 41 father,
1289 701 148 36 testified
1455 701 60 35 she

301 749 72 34 told
383 749 72 34 him
466 749 184 35 “Momma
660 755 59 37 got
728 750 99 34 shot”
839 750 69 34 and
918 750 155 34 “Robert
1082 750 89 34 done
1181 750 26 34 it
1216 750 126 44 daddy.
1354 751 161 34 Momma

301 798 72 35 told
384 799 72 34 him
467 804 36 29 to
513 809 43 33 go
567 810 109 32 away,
688 809 43 33 go
742 799 102 34 home
855 799 68 34 and
934 799 96 35 leave
1040 810 57 24 me
1107 800 100 34 alone
1217 799 69 35 and
1297 800 43 34 he
1350 800 165 34 wouldn’t

301 848 44 34 do
355 848 26 34 it
391 848 69 35 and
470 848 43 34 he
523 848 77 35 shot
610 849 189 43 mommy.”
810 849 74 35 The
893 849 80 43 only
983 860 75 23 new
1068 849 223 35 information
1302 849 99 43 given
1411 854 36 30 to
1456 849 59 35 the

301 898 110 44 police
425 898 44 43 by
484 899 102 43 Patty
599 909 70 24 was
683 898 76 35 that
773 898 59 35 the
845 899 101 34 truck
959 909 70 24 was
1043 899 117 34 brown
1175 898 68 35 and
1257 899 59 35 the
1329 910 82 24 man
1424 910 91 24 wore

300 948 140 42 glasses.
451 948 75 34 The
536 948 73 34 fact
619 948 76 35 that
705 948 60 35 the
774 948 128 44 pickup
911 949 102 35 truck
1021 948 131 44 parked
1162 954 81 29 next
1253 954 36 29 to
1299 949 59 34 the
1367 949 147 35 victim’s

301 1008 59 25 car
381 1009 70 23 was
474 998 117 34 brown
613 1009 70 23 was
706 998 149 35 attested
877 1003 36 29 to
935 998 45 44 by
1001 998 60 35 the
1082 999 98 34 other
1202 999 175 34 witnesses
1400 999 34 34 in
1456 999 60 35 the

301 1047 145 43 parking
457 1047 47 34 lot
514 1048 76 34 that
600 1048 107 42 night.
719 1048 104 34 Since
832 1048 59 34 the
900 1059 97 24 same
1005 1048 163 35 evidence
1177 1059 69 24 was
1257 1048 203 35 introduced
1470 1049 45 43 by

300 1097 98 34 other
408 1097 174 34 witnesses
593 1097 69 34 and
671 1108 70 24 was
752 1097 158 44 properly
920 1097 119 35 before
1048 1098 59 34 the
1113 1098 80 43 jury
1203 1098 53 35 for
1266 1098 43 35 its
1319 1098 195 35 considera­

300 1147 83 40 tion,
403 1147 26 34 it
447 1158 69 25 was
535 1147 168 35 harmless
721 1158 94 24 error
833 1152 36 30 to
887 1148 99 35 allow
1004 1148 60 35 the
1081 1148 133 34 officers
1232 1153 36 30 to
1286 1148 119 44 testify
1423 1159 37 24 as
1479 1154 35 29 to

300 1197 131 43 Patty’s
445 1202 203 30 statements
663 1202 35 30 to
711 1197 106 35 them.
831 1198 69 34 See
912 1197 155 44 Mackey
1079 1209 31 23 v.
1123 1198 113 41 State,
1252 1199 67 34 279
1333 1199 85 34 Ark.
1435 1200 78 40 307,

301 1247 63 33 651
384 1246 143 35 S.W.2d
544 1248 43 34 82
605 1246 137 43 (1983).
758 1247 75 35 The
847 1248 177 43 appellant
1039 1248 73 35 also
1126 1248 121 34 claims
1263 1248 131 44 Patty’s
1409 1253 104 30 state­

300 1301 112 29 ments
422 1307 89 23 were
521 1296 234 36 inconsistent.
766 1297 103 41 That,
880 1297 167 41 however,
1057 1308 70 24 was
1137 1309 21 23 a
1168 1303 127 30 matter
1305 1298 54 34 for
1369 1298 59 34 the
1433 1298 81 44 jury

299 1350 36 29 to
355 1346 130 33 resolve
505 1346 98 34 when
624 1346 26 34 it
670 1346 155 43 weighed
846 1347 59 34 the
924 1347 195 43 credibility
1139 1347 40 34 of
1195 1347 59 34 the
1274 1347 185 35 witnesses.

389 1430 75 34 The
480 1430 82 35 final
579 1436 67 29 two
663 1431 107 35 issues
787 1431 113 35 raised
917 1432 45 43 by
978 1432 177 44 appellant
1172 1443 59 24 are
1247 1432 77 34 that
1340 1432 59 34 the
1415 1438 99 29 court

299 1479 98 35 erred
415 1480 45 43 by
476 1480 149 43 limiting
642 1481 186 43 testimony
844 1481 107 34 about
968 1486 204 29 statements
1190 1482 103 34 made
1310 1482 45 43 by
1371 1483 142 35 Loretta

300 1529 141 34 Daniels
466 1534 36 29 to
526 1530 104 43 Patsy
655 1530 133 34 Gwenn
813 1531 98 34 Estes
936 1541 44 24 on
1005 1531 59 35 the
1088 1531 99 43 night
1211 1531 39 34 of
1271 1531 60 34 the
1354 1531 159 43 shooting

298 1579 207 43 concerning
520 1578 61 35 her
596 1579 224 44 relationship
834 1580 83 34 with
932 1580 188 43 appellant,
1136 1580 69 34 and
1220 1580 45 44 by
1279 1585 60 30 not
1353 1581 160 43 allowing

298 1627 142 36 defense
459 1629 139 35 counsel
619 1634 35 30 to
675 1629 138 44 explore
832 1629 59 35 the
911 1629 131 45 history
1062 1629 40 35 of
1118 1630 77 35 that
1215 1630 234 44 relationship.

505 1716 50 33 As
565 1720 35 29 to
609 1715 59 34 the
676 1715 74 35 first
759 1715 186 34 limitation
954 1726 45 24 on
1007 1715 197 44 testimony,
1214 1716 176 44 appellant
1398 1716 114 35 stated

298 1764 77 34 that
398 1764 69 34 Ms.
492 1765 98 33 Estes
612 1764 113 34 would
748 1764 87 35 have
857 1764 150 35 testified
1029 1765 77 34 that
1128 1776 44 23 on
1194 1765 59 35 the
1275 1766 98 43 night
1395 1765 39 35 of
1453 1766 59 34 the

298 1813 169 43 shooting,
486 1813 60 34 the
562 1813 169 35 deceased
749 1814 69 34 had
836 1825 20 23 a
874 1814 83 34 date
974 1814 83 34 with
1074 1814 60 35 the
1151 1815 176 43 appellant
1345 1815 62 34 but
1424 1815 88 35 later

298 1862 103 35 made
410 1874 20 23 a
440 1862 125 36 second
575 1863 81 35 date
665 1863 83 35 with
757 1874 20 24 a
787 1874 82 24 man
879 1863 127 36 named
1016 1864 66 35 Bill
1092 1864 68 35 and
1169 1875 69 24 was
1247 1865 103 43 going
1359 1870 36 29 to
1404 1865 108 35 break

297 1912 60 35 the
365 1912 82 35 date
456 1913 82 34 with
548 1913 186 44 appellant.
745 1913 83 35 This
838 1913 236 42 information,
1084 1914 185 44 according
1278 1919 36 31 to
1323 1915 187 44 appellant,

297 1962 113 35 would
424 1963 87 35 have
523 1963 244 36 corroborated
780 1963 52 36 his
846 1964 196 44 testimony.
1056 1964 75 35 The
1143 1969 98 30 court
1253 1964 97 35 ruled
1363 1965 77 35 that
1452 1965 60 35 the

297 2012 142 35 defense
448 2012 101 35 could
559 2013 93 34 elicit
661 2018 204 30 statements
875 2013 92 36 from
977 2015 70 34 Ms.
1058 2015 98 35 Estes
1167 2014 75 35 that
1252 2014 82 40 “the
1342 2014 168 35 decedent

297 2062 75 34 said
382 2062 77 34 that
469 2062 61 35 she
539 2073 70 24 was
619 2063 171 44 supposed
800 2068 36 29 to
846 2068 92 30 meet
948 2063 133 35 Robert
1091 2064 76 34 that
1177 2064 98 43 night
1285 2064 69 35 and
1364 2065 76 34 that
1450 2065 61 34 she

297 2122 69 24 was
395 2112 144 43 wishing
567 2117 36 29 to
631 2112 100 35 avoid
759 2113 151 42 meeting
939 2113 132 36 Robert
1099 2113 76 36 that
1202 2114 132 43 night.”
1363 2114 92 35 That
1482 2114 28 34 is

297 2161 243 45 substantially
552 2162 93 35 what
659 2163 69 34 Ms.
744 2163 98 34 Estes
854 2162 76 37 said
943 2163 34 34 in
990 2162 61 35 her
1063 2163 195 44 testimony.
1273 2163 186 35 Inasmuch
1472 2174 38 24 as

296 2211 60 34 the
367 2211 176 44 appellant
554 2222 69 24 was
635 2212 145 34 allowed
791 2217 36 29 to
838 2212 135 44 inquire
983 2212 73 35 into
1066 2213 60 34 the
1137 2212 133 44 subject
1281 2213 43 35 he
1335 2213 175 35 indicated

297 2272 20 23 a
338 2260 111 35 desire
469 2266 35 29 to
524 2272 137 33 pursue,
683 2272 44 24 no
747 2272 94 24 error
860 2273 70 24 was
951 2262 213 35 committed.

505 2347 65 34 We
581 2347 86 34 need
679 2352 60 29 not
750 2347 104 35 reach
865 2348 60 34 the
935 2347 126 35 second
1073 2348 185 34 limitation
1269 2359 44 23 on
1325 2348 186 44 testimony

296 2396 149 34 claimed
457 2396 45 44 by
514 2397 186 43 appellant.
715 2398 56 33 He
782 2407 124 34 argues
917 2397 77 35 that
1006 2397 43 34 he
1060 2408 70 24 was
1142 2397 124 35 denied
1277 2398 60 34 the
1348 2403 161 39 opportu-
