1648 2680
310 257 69 33 450

400 399 72 33 J.F.
494 397 185 39 Atkinson,
701 398 62 40 Jr.,
785 396 53 35 for
858 397 186 43 appellant.

399 479 105 34 Steve
520 478 120 41 Clark,
655 478 99 43 Att’y
768 478 100 40 Gen.,
884 478 54 43 by:
958 477 181 35 Theodore
1152 477 147 41 Holder,
1314 478 94 33 Asst.
1423 477 99 43 Att’y

310 528 100 40 Gen.,
432 527 53 35 for
505 527 165 44 appellee.

401 609 154 34 Robert
567 609 45 34 H.
626 609 169 40 Dudley,
808 608 141 34 Justice.

962 608 200 44 Appellant,
1175 607 155 35 Michael
1343 607 178 41 Hallman,

310 659 27 34 is
348 669 65 24 one
422 658 39 35 of
468 659 97 34 three
575 669 79 24 men
661 658 125 44 jointly
796 657 151 44 charged
957 658 82 34 with
1050 658 74 34 first
1133 657 125 44 degree
1268 657 140 35 murder
1419 657 34 35 in
1463 657 59 35 the

309 708 105 35 death
427 708 40 35 of
477 709 80 43 Ivey
569 709 114 34 Jones.
698 709 39 34 In
751 719 20 24 a
780 708 90 44 joint
883 708 90 41 trial,
987 708 126 44 Randy
1127 708 166 34 Hallman
1307 707 69 35 and
1389 707 132 35 Arthur

310 759 89 34 Dale
421 758 126 44 Taylor
570 769 89 24 were
681 758 108 35 found
812 758 110 44 guilty
945 758 39 34 of
1003 758 74 35 first
1099 758 125 43 degree
1247 758 151 41 murder,
1421 758 101 34 while

310 809 176 43 appellant
495 819 70 24 was
575 808 109 35 found
694 809 109 43 guilty
813 808 39 34 of
859 808 126 35 second
995 808 125 43 degree
1130 808 149 34 murder.
1291 808 97 43 They
1398 808 123 44 appeal

309 858 194 43 separately
514 858 80 40 and,
606 858 34 34 in
651 863 159 38 separate
821 863 211 37 arguments,
1044 858 115 42 assign
1170 858 181 34 unrelated
1362 858 112 43 points
1485 857 39 35 of

310 918 103 23 error.
440 907 244 42 Accordingly,
711 918 51 23 we
787 907 93 33 hand
906 907 100 34 down
1032 912 215 35 concurrent,
1275 907 62 33 but
1363 912 158 38 separate

309 956 166 43 opinions.
491 956 39 33 In
543 956 67 33 this
623 966 90 29 case,
727 966 50 23 we
789 956 113 33 affirm
915 956 59 33 the
986 956 193 33 conviction
1192 956 53 33 for
1258 955 126 34 second
1397 955 125 43 degree

309 1004 150 34 murder.

400 1085 56 34 On
483 1086 155 43 January
668 1086 52 40 16,
752 1086 98 40 1984,
878 1090 67 30 two
971 1085 142 35 hunters
1139 1085 109 35 found
1275 1085 59 35 the
1359 1085 162 44 partially

309 1135 229 44 decomposed
552 1135 91 44 body
656 1135 39 35 of
706 1136 80 43 Ivey
799 1136 103 34 Jones
916 1135 34 34 in
965 1146 20 24 a
999 1140 132 30 remote
1144 1135 130 35 section
1288 1135 39 35 of
1338 1134 183 36 Crawford

309 1185 149 43 County.
478 1185 74 34 The
569 1185 149 35 medical
736 1185 175 35 examiner
929 1185 184 35 estimated
1131 1185 59 35 the
1207 1185 81 35 date
1306 1185 39 34 of
1360 1185 105 35 death
1483 1196 37 24 as

309 1235 193 34 December
514 1236 17 33 8
543 1245 38 24 or
591 1236 147 39 9,1983,
749 1235 68 34 and
827 1235 107 34 found
945 1235 58 34 the
1012 1246 121 23 causes
1143 1235 39 34 of
1189 1235 105 34 death
1304 1240 35 29 to
1349 1235 43 34 be
1402 1246 20 23 a
1432 1235 88 34 blow

308 1290 36 29 to
353 1285 59 34 the
422 1284 89 35 head
521 1284 82 35 with
613 1295 20 23 a
643 1285 99 34 blunt
752 1285 114 42 object
876 1284 68 34 and
953 1285 78 34 stab
1040 1284 142 34 wounds
1192 1284 150 43 through
1351 1284 59 34 the
1420 1284 98 34 back.

399 1366 57 34 On
471 1366 175 44 February
661 1367 31 40 3,
711 1367 99 40 1984,
824 1366 133 34 Arthur
971 1366 89 34 Dale
1072 1366 138 44 Taylor,
1224 1377 65 23 one
1302 1366 40 34 of
1352 1366 59 34 the
1424 1366 97 34 three

308 1415 217 41 defendants,
538 1426 86 33 gave
635 1427 21 23 a
668 1421 187 29 statement
867 1416 215 44 implicating
1094 1416 143 34 himself
1246 1416 68 34 and
1326 1421 67 29 two
1405 1416 115 34 others

309 1465 34 35 in
366 1466 59 34 the
448 1465 149 35 murder.
622 1465 57 35 On
704 1466 175 43 February
903 1467 31 40 7,
963 1467 98 40 1984,
1086 1466 59 34 the
1168 1466 176 44 appellant
1367 1476 86 33 gave
1476 1477 44 23 an

308 1515 216 44 inculpatory
535 1520 197 30 statement.
744 1515 75 35 The
829 1520 203 30 statements
1044 1527 89 23 were
1144 1515 115 35 edited
1270 1515 69 35 and
1350 1515 170 35 admitted

308 1565 72 34 into
398 1564 162 35 evidence
577 1570 36 29 at
631 1565 90 34 trial.
739 1565 68 34 See
826 1564 163 35 Gammel
1004 1576 30 23 v.
1053 1565 113 40 State,
1186 1566 67 33 259
1272 1565 85 34 Ark.
1377 1566 55 40 96,
1452 1566 63 33 531

308 1614 143 34 S.W.2d
472 1615 68 33 474
562 1614 137 42 (1976).

398 1694 134 34 Arthur
548 1695 89 34 Dale
652 1695 156 43 Taylor’s
825 1700 67 29 two
909 1694 114 35 edited
1040 1700 204 29 statements
1261 1706 60 23 are
1336 1695 183 34 combined

308 1743 69 35 and
400 1743 231 35 summarized
655 1755 37 23 as
716 1743 142 35 follows:
882 1744 57 34 On
962 1744 59 34 the
1043 1744 145 43 evening
1210 1744 39 35 of
1269 1744 194 35 December
1486 1746 32 39 8,

308 1793 137 44 nobody
455 1794 98 34 knew
562 1793 93 35 what
665 1805 51 23 we
726 1805 89 23 were
825 1793 103 44 doing
940 1799 121 39 except
1071 1794 59 34 the
1140 1794 97 35 three
1246 1794 40 34 of
1293 1805 50 24 us.
1356 1795 65 34 We
1430 1805 89 24 were

307 1843 35 34 in
355 1854 59 33 my
432 1844 87 34 1972
533 1843 122 44 Dodge
669 1843 162 35 Coronet.
847 1844 15 34 I
876 1855 69 23 was
959 1844 144 43 driving.
1119 1845 15 33 I
1148 1855 70 24 was
1231 1844 72 35 told
1317 1849 36 29 to
1366 1844 59 35 tell
1439 1845 80 43 Ivey

307 1893 103 34 Jones
425 1893 76 35 that
516 1904 20 24 a
551 1892 141 36 relative
707 1904 69 24 was
791 1893 138 44 coming
944 1893 91 35 from
1050 1893 204 35 California.
1271 1894 15 34 I
1301 1894 144 44 stopped
1460 1894 59 34 the

306 1953 60 24 car
376 1948 36 29 at
422 1943 79 43 Ivey
511 1943 113 34 Jones’
635 1948 208 39 apartment.
854 1943 78 34 One
941 1943 39 34 of
986 1944 60 34 the
1054 1944 115 34 others
1179 1949 60 37 got
1248 1949 60 29 out
1316 1944 40 34 of
1362 1944 59 34 the
1430 1944 90 34 back

307 1998 74 29 seat
392 1992 69 35 and
473 1992 154 35 knocked
639 2003 44 24 on
695 1993 61 34 her
768 1998 197 39 apartment
976 1993 84 34 door
1072 1993 68 34 and
1152 1993 72 35 told
1237 1994 79 43 Ivey
1328 1994 102 34 Jones
1442 1994 77 34 that

307 2042 61 35 her
386 2042 122 44 family
526 2053 69 24 was
614 2042 90 35 back
722 2042 68 35 and
808 2054 52 23 we
878 2054 89 23 were
985 2043 171 44 supposed
1175 2048 35 30 to
1228 2044 82 34 take
1328 2043 60 35 her
1406 2048 35 30 to
1459 2043 59 35 the

307 2092 116 35 house.
436 2093 65 43 My
512 2092 271 44 understanding
794 2093 39 34 of
841 2093 59 35 the
910 2104 122 24 reason
1043 2093 61 35 she
1114 2104 69 24 was
1195 2093 122 44 picked
1327 2104 47 33 up
1385 2104 68 24 was
1465 2093 53 35 for

307 2143 60 34 her
384 2153 134 33 money.
537 2143 70 34 She
623 2148 59 38 got
699 2143 34 34 in
750 2143 59 35 the
826 2143 93 34 front
935 2143 92 43 right
1044 2149 84 29 seat.
1146 2143 74 35 The
1236 2144 99 34 other
1351 2149 66 29 two
1434 2143 83 44 boys

306 2203 90 23 were
412 2192 35 34 in
465 2192 59 35 the
541 2193 89 34 back
647 2198 84 29 seat.
751 2193 77 34 One
845 2192 40 35 of
899 2193 59 34 the
975 2193 83 43 boys
1076 2193 83 34 took
1175 2204 20 23 a
1213 2193 218 34 screwdriver
1449 2193 68 34 and

306 2242 131 34 started
450 2242 125 43 hitting
587 2242 61 34 her
660 2242 34 34 in
706 2242 59 34 the
776 2242 100 34 head.
891 2243 15 33 I
918 2242 144 44 stopped
1074 2243 60 34 the
1144 2253 69 24 car.
1228 2243 77 34 One
1317 2242 39 35 of
1364 2243 58 34 the
1434 2243 83 43 boys

306 2291 116 44 pulled
434 2292 80 43 Ivey
525 2292 103 34 Jones
639 2297 60 29 out
710 2291 39 35 of
757 2292 59 34 the
825 2302 60 24 car
896 2292 69 34 and
976 2292 51 34 hit
1038 2292 61 34 her
1109 2303 44 23 on
1164 2292 60 34 the
1234 2292 90 34 head
1335 2292 82 35 with
1428 2303 20 23 a
1460 2293 57 42 lug

306 2341 147 34 wrench.
469 2342 55 33 He
537 2341 82 34 then
633 2341 145 34 stabbed
791 2341 61 34 her
865 2341 83 34 with
961 2352 20 23 a
995 2341 105 34 knife.
1116 2342 65 34 We
1193 2347 59 37 got
1265 2342 61 34 her
1338 2347 60 29 out
1410 2341 40 35 of
1459 2342 59 33 the

306 2400 59 25 car
377 2390 68 35 and
457 2395 61 39 put
530 2390 60 35 her
601 2401 44 24 on
657 2391 59 34 the
726 2401 59 24 car
796 2391 114 34 trunk.
924 2392 65 33 We
999 2391 105 34 drove
1114 2402 20 23 a
1147 2391 94 34 short
1252 2391 156 34 distance
1418 2391 100 34 down
