<?xml version='1.0' encoding='utf-8'?>
<alto xmlns="http://www.loc.gov/standards/alto/ns-v3#">
  <!--Created by Innodata R.E.D. RLI tool: 2017-04-25 06:27:36.219030-->
  <Description>
    <MeasurementUnit>pixel</MeasurementUnit>
    <sourceImageInformation>
      <fileName>32044078577194_00280_0.tif</fileName>
    </sourceImageInformation>
    <OCRProcessing ID="OP_1">
      <ocrProcessingStep>
        <processingStepDescription>Alto coordinates refer to the deskewed TIFF file. 
		To convert point (x, y) to original image (TIFF or JP2) apply transformation matrix T=(m00, m01, m10, m11, b0, b1) using the rule:
			T * (x,y) = (m00 * x + m01 * y + b0), (m10 * x + m11 * y + b1)</processingStepDescription>
        <processingStepSettings>RED.transform=(0.9999500004166653, -0.009999833334166664, 0.009999833334166664, 0.9999500004166653, 0.44000000000005457, -16.23999999999999)</processingStepSettings>
      </ocrProcessingStep>
    </OCRProcessing>
  </Description>
  <Styles>
    <TextStyle FONTFAMILY="Times New Roman" FONTSIZE="11.00" FONTTYPE="serif" FONTWIDTH="proportional" ID="Style_3"/>
    <TextStyle FONTFAMILY="Times New Roman" FONTSIZE="11.50" FONTSTYLE="italics" FONTTYPE="serif" FONTWIDTH="proportional" ID="Style_4"/>
  </Styles>
  <Tags>
    <StructureTag ID="b558-8" LABEL="p"/>
    <StructureTag ID="b559-4" LABEL="pagelabel"/>
    <StructureTag ID="b559-6" LABEL="p"/>
    <StructureTag ID="b559-7" LABEL="p"/>
    <StructureTag ID="b559-8" LABEL="blockquote"/>
    <StructureTag ID="b559-9" LABEL="p"/>
    <StructureTag ID="b559-10" LABEL="p"/>
    <StructureTag ID="b559-11" LABEL="p"/>
    </Tags>
  <Layout>
    <Page HEIGHT="2704" ID="PG_559" PHYSICAL_IMG_NR="559" WIDTH="1674">
      <PrintSpace HEIGHT="2704" HPOS="0" ID="PS_559" VPOS="0" WIDTH="1674">
        <TextBlock HEIGHT="595.0" HPOS="151.0" ID="BL_559.1" TAGREFS="b558-8" VPOS="393.0" WIDTH="1217.0">
          <TextLine HEIGHT="45" HPOS="152" ID="TL_559.1.1" VPOS="393" WIDTH="1209">
            <String CONTENT="We" HEIGHT="34" HPOS="152" ID="ST_559.1.1.1" STYLEREFS="Style_3" VPOS="394" WIDTH="66" WC="1.00" CC="00" TAGREFS=""/>
            <SP HPOS="218" ID="SP_559.1.1.2" VPOS="393" WIDTH="16"/>
            <String CONTENT="reject" HEIGHT="44" HPOS="234" ID="ST_559.1.1.3" STYLEREFS="Style_3" VPOS="393" WIDTH="107" WC="1.00" CC="000000" TAGREFS=""/>
            <SP HPOS="341" ID="SP_559.1.1.4" VPOS="393" WIDTH="17"/>
            <String CONTENT="the" HEIGHT="35" HPOS="358" ID="ST_559.1.1.5" STYLEREFS="Style_3" VPOS="393" WIDTH="58" WC="1.00" CC="000" TAGREFS=""/>
            <SP HPOS="416" ID="SP_559.1.1.6" VPOS="399" WIDTH="17"/>
            <String CONTENT="argument." HEIGHT="38" HPOS="433" ID="ST_559.1.1.7" STYLEREFS="Style_3" VPOS="399" WIDTH="193" WC="0.95" CC="000000000" TAGREFS=""/>
            <SP HPOS="626" ID="SP_559.1.1.8" VPOS="394" WIDTH="19"/>
            <String CONTENT="Ark." HEIGHT="35" HPOS="645" ID="ST_559.1.1.9" STYLEREFS="Style_3" VPOS="394" WIDTH="85" WC="1.00" CC="0000" TAGREFS=""/>
            <SP HPOS="730" ID="SP_559.1.1.10" VPOS="395" WIDTH="19"/>
            <String CONTENT="Stat." HEIGHT="34" HPOS="749" ID="ST_559.1.1.11" STYLEREFS="Style_3" VPOS="395" WIDTH="88" WC="1.00" CC="00000" TAGREFS=""/>
            <SP HPOS="837" ID="SP_559.1.1.12" VPOS="396" WIDTH="19"/>
            <String CONTENT="Ann." HEIGHT="33" HPOS="856" ID="ST_559.1.1.13" STYLEREFS="Style_3" VPOS="396" WIDTH="91" WC="0.88" CC="0000" TAGREFS=""/>
            <SP HPOS="947" ID="SP_559.1.1.14" VPOS="395" WIDTH="21"/>
            <String CONTENT="§" HEIGHT="42" HPOS="968" ID="ST_559.1.1.15" STYLEREFS="Style_3" VPOS="395" WIDTH="18" WC="0.66" CC="0" TAGREFS=""/>
            <SP HPOS="986" ID="SP_559.1.1.16" VPOS="393" WIDTH="19"/>
            <String CONTENT="41-2606(l)(b)," HEIGHT="45" HPOS="1005" ID="ST_559.1.1.17" STYLEREFS="Style_3" VPOS="393" WIDTH="286" WC="0.95" CC="00000000000000" TAGREFS=""/>
            <SP HPOS="1291" ID="SP_559.1.1.18" VPOS="394" WIDTH="20"/>
            <String CONTENT="(c)" HEIGHT="44" HPOS="1311" ID="ST_559.1.1.19" STYLEREFS="Style_3" VPOS="394" WIDTH="50" WC="0.99" CC="000" TAGREFS=""/>
          </TextLine>
          <TextLine HEIGHT="44" HPOS="152" ID="TL_559.1.2" VPOS="444" WIDTH="1213">
            <String CONTENT="requires" HEIGHT="43" HPOS="152" ID="ST_559.1.2.1" STYLEREFS="Style_3" VPOS="444" WIDTH="152" WC="0.92" CC="00000000" TAGREFS=""/>
            <SP HPOS="304" ID="SP_559.1.2.2" VPOS="444" WIDTH="27"/>
            <String CONTENT="retraction" HEIGHT="34" HPOS="331" ID="ST_559.1.2.3" STYLEREFS="Style_3" VPOS="444" WIDTH="185" WC="0.96" CC="0000000000" TAGREFS=""/>
            <SP HPOS="516" ID="SP_559.1.2.4" VPOS="444" WIDTH="27"/>
            <String CONTENT="in" HEIGHT="34" HPOS="543" ID="ST_559.1.2.5" STYLEREFS="Style_3" VPOS="444" WIDTH="34" WC="0.98" CC="00" TAGREFS=""/>
            <SP HPOS="577" ID="SP_559.1.2.6" VPOS="444" WIDTH="27"/>
            <String CONTENT="the" HEIGHT="34" HPOS="604" ID="ST_559.1.2.7" STYLEREFS="Style_3" VPOS="444" WIDTH="59" WC="1.00" CC="000" TAGREFS=""/>
            <SP HPOS="663" ID="SP_559.1.2.8" VPOS="454" WIDTH="25"/>
            <String CONTENT="same" HEIGHT="25" HPOS="688" ID="ST_559.1.2.9" STYLEREFS="Style_3" VPOS="454" WIDTH="97" WC="0.96" CC="0000" TAGREFS=""/>
            <SP HPOS="785" ID="SP_559.1.2.10" VPOS="444" WIDTH="25"/>
            <String CONTENT="proceeding" HEIGHT="44" HPOS="810" ID="ST_559.1.2.11" STYLEREFS="Style_3" VPOS="444" WIDTH="207" WC="0.85" CC="0000000000" TAGREFS=""/>
            <SP HPOS="1017" ID="SP_559.1.2.12" VPOS="444" WIDTH="26"/>
            <String CONTENT="and" HEIGHT="35" HPOS="1043" ID="ST_559.1.2.13" STYLEREFS="Style_3" VPOS="444" WIDTH="69" WC="0.84" CC="000" TAGREFS=""/>
            <SP HPOS="1112" ID="SP_559.1.2.14" VPOS="444" WIDTH="27"/>
            <String CONTENT="“before" HEIGHT="35" HPOS="1139" ID="ST_559.1.2.15" STYLEREFS="Style_3" VPOS="444" WIDTH="141" WC="0.85" CC="9000000" TAGREFS=""/>
            <SP HPOS="1280" ID="SP_559.1.2.16" VPOS="444" WIDTH="25"/>
            <String CONTENT="the" HEIGHT="35" HPOS="1305" ID="ST_559.1.2.17" STYLEREFS="Style_3" VPOS="444" WIDTH="60" WC="1.00" CC="000" TAGREFS=""/>
          </TextLine>
          <TextLine HEIGHT="46" HPOS="151" ID="TL_559.1.3" VPOS="492" WIDTH="1214">
            <String CONTENT="subject" HEIGHT="43" HPOS="151" ID="ST_559.1.3.1" STYLEREFS="Style_3" VPOS="493" WIDTH="135" WC="0.90" CC="0000000" TAGREFS=""/>
            <SP HPOS="286" ID="SP_559.1.3.2" VPOS="498" WIDTH="20"/>
            <String CONTENT="matter" HEIGHT="30" HPOS="306" ID="ST_559.1.3.3" STYLEREFS="Style_3" VPOS="498" WIDTH="126" WC="1.00" CC="000000" TAGREFS=""/>
            <SP HPOS="432" ID="SP_559.1.3.4" VPOS="492" WIDTH="19"/>
            <String CONTENT="of" HEIGHT="36" HPOS="451" ID="ST_559.1.3.5" STYLEREFS="Style_3" VPOS="492" WIDTH="39" WC="1.00" CC="00" TAGREFS=""/>
            <SP HPOS="490" ID="SP_559.1.3.6" VPOS="493" WIDTH="16"/>
            <String CONTENT="the" HEIGHT="35" HPOS="506" ID="ST_559.1.3.7" STYLEREFS="Style_3" VPOS="493" WIDTH="59" WC="0.95" CC="000" TAGREFS=""/>
            <SP HPOS="565" ID="SP_559.1.3.8" VPOS="494" WIDTH="19"/>
            <String CONTENT="official" HEIGHT="35" HPOS="584" ID="ST_559.1.3.9" STYLEREFS="Style_3" VPOS="494" WIDTH="126" WC="0.70" CC="09000000" TAGREFS=""/>
            <SP HPOS="710" ID="SP_559.1.3.10" VPOS="494" WIDTH="20"/>
            <String CONTENT="proceeding" HEIGHT="44" HPOS="730" ID="ST_559.1.3.11" STYLEREFS="Style_3" VPOS="494" WIDTH="206" WC="0.96" CC="0000000000" TAGREFS=""/>
            <SP HPOS="936" ID="SP_559.1.3.12" VPOS="505" WIDTH="18"/>
            <String CONTENT="was" HEIGHT="23" HPOS="954" ID="ST_559.1.3.13" STYLEREFS="Style_3" VPOS="505" WIDTH="71" WC="1.00" CC="000" TAGREFS=""/>
            <SP HPOS="1025" ID="SP_559.1.3.14" VPOS="494" WIDTH="19"/>
            <String CONTENT="submitted" HEIGHT="35" HPOS="1044" ID="ST_559.1.3.15" STYLEREFS="Style_3" VPOS="494" WIDTH="189" WC="0.91" CC="000000000" TAGREFS=""/>
            <SP HPOS="1233" ID="SP_559.1.3.16" VPOS="499" WIDTH="19"/>
            <String CONTENT="to" HEIGHT="30" HPOS="1252" ID="ST_559.1.3.17" STYLEREFS="Style_3" VPOS="499" WIDTH="35" WC="1.00" CC="00" TAGREFS=""/>
            <SP HPOS="1287" ID="SP_559.1.3.18" VPOS="494" WIDTH="19"/>
            <String CONTENT="the" HEIGHT="35" HPOS="1306" ID="ST_559.1.3.19" STYLEREFS="Style_3" VPOS="494" WIDTH="59" WC="0.90" CC="000" TAGREFS=""/>
          </TextLine>
          <TextLine HEIGHT="46" HPOS="151" ID="TL_559.1.4" VPOS="543" WIDTH="1214">
            <String CONTENT="ultimate" HEIGHT="35" HPOS="151" ID="ST_559.1.4.1" STYLEREFS="Style_3" VPOS="543" WIDTH="161" WC="0.90" CC="00000000" TAGREFS=""/>
            <SP HPOS="312" ID="SP_559.1.4.2" VPOS="544" WIDTH="9"/>
            <String CONTENT="trier" HEIGHT="34" HPOS="321" ID="ST_559.1.4.3" STYLEREFS="Style_3" VPOS="544" WIDTH="82" WC="1.00" CC="00000" TAGREFS=""/>
            <SP HPOS="403" ID="SP_559.1.4.4" VPOS="543" WIDTH="9"/>
            <String CONTENT="of" HEIGHT="35" HPOS="412" ID="ST_559.1.4.5" STYLEREFS="Style_3" VPOS="543" WIDTH="39" WC="1.00" CC="00" TAGREFS=""/>
            <SP HPOS="451" ID="SP_559.1.4.6" VPOS="543" WIDTH="7"/>
            <String CONTENT="fact.”" HEIGHT="35" HPOS="458" ID="ST_559.1.4.7" STYLEREFS="Style_3" VPOS="543" WIDTH="107" WC="0.78" CC="000009" TAGREFS=""/>
            <SP HPOS="565" ID="SP_559.1.4.8" VPOS="544" WIDTH="12"/>
            <String CONTENT="When" HEIGHT="34" HPOS="577" ID="ST_559.1.4.9" STYLEREFS="Style_3" VPOS="544" WIDTH="112" WC="0.79" CC="0000" TAGREFS=""/>
            <SP HPOS="689" ID="SP_559.1.4.10" VPOS="544" WIDTH="10"/>
            <String CONTENT="the" HEIGHT="34" HPOS="699" ID="ST_559.1.4.11" STYLEREFS="Style_3" VPOS="544" WIDTH="60" WC="1.00" CC="000" TAGREFS=""/>
            <SP HPOS="759" ID="SP_559.1.4.12" VPOS="544" WIDTH="8"/>
            <String CONTENT="circuit" HEIGHT="35" HPOS="767" ID="ST_559.1.4.13" STYLEREFS="Style_3" VPOS="544" WIDTH="122" WC="0.98" CC="0000000" TAGREFS=""/>
            <SP HPOS="889" ID="SP_559.1.4.14" VPOS="544" WIDTH="6"/>
            <String CONTENT="judge" HEIGHT="44" HPOS="895" ID="ST_559.1.4.15" STYLEREFS="Style_3" VPOS="544" WIDTH="109" WC="0.97" CC="00000" TAGREFS=""/>
            <SP HPOS="1004" ID="SP_559.1.4.16" VPOS="544" WIDTH="8"/>
            <String CONTENT="accepted" HEIGHT="44" HPOS="1012" ID="ST_559.1.4.17" STYLEREFS="Style_3" VPOS="544" WIDTH="166" WC="0.96" CC="00000000" TAGREFS=""/>
            <SP HPOS="1178" ID="SP_559.1.4.18" VPOS="544" WIDTH="10"/>
            <String CONTENT="the" HEIGHT="35" HPOS="1188" ID="ST_559.1.4.19" STYLEREFS="Style_3" VPOS="544" WIDTH="59" WC="0.94" CC="000" TAGREFS=""/>
            <SP HPOS="1247" ID="SP_559.1.4.20" VPOS="544" WIDTH="8"/>
            <String CONTENT="guilty" HEIGHT="45" HPOS="1255" ID="ST_559.1.4.21" STYLEREFS="Style_3" VPOS="544" WIDTH="110" WC="1.00" CC="000000" TAGREFS=""/>
          </TextLine>
          <TextLine HEIGHT="44" HPOS="152" ID="TL_559.1.5" VPOS="593" WIDTH="1214">
            <String CONTENT="pleas" HEIGHT="44" HPOS="152" ID="ST_559.1.5.1" STYLEREFS="Style_3" VPOS="593" WIDTH="95" WC="1.00" CC="00000" TAGREFS=""/>
            <SP HPOS="247" ID="SP_559.1.5.2" VPOS="593" WIDTH="12"/>
            <String CONTENT="and" HEIGHT="35" HPOS="259" ID="ST_559.1.5.3" STYLEREFS="Style_3" VPOS="593" WIDTH="69" WC="1.00" CC="000" TAGREFS=""/>
            <SP HPOS="328" ID="SP_559.1.5.4" VPOS="594" WIDTH="11"/>
            <String CONTENT="entered" HEIGHT="34" HPOS="339" ID="ST_559.1.5.5" STYLEREFS="Style_3" VPOS="594" WIDTH="139" WC="0.90" CC="0000000" TAGREFS=""/>
            <SP HPOS="478" ID="SP_559.1.5.6" VPOS="593" WIDTH="8"/>
            <String CONTENT="judgment," HEIGHT="44" HPOS="486" ID="ST_559.1.5.7" STYLEREFS="Style_3" VPOS="593" WIDTH="196" WC="0.88" CC="000000000" TAGREFS=""/>
            <SP HPOS="682" ID="SP_559.1.5.8" VPOS="593" WIDTH="12"/>
            <String CONTENT="it" HEIGHT="35" HPOS="694" ID="ST_559.1.5.9" STYLEREFS="Style_3" VPOS="593" WIDTH="27" WC="1.00" CC="00" TAGREFS=""/>
            <SP HPOS="721" ID="SP_559.1.5.10" VPOS="605" WIDTH="10"/>
            <String CONTENT="was" HEIGHT="24" HPOS="731" ID="ST_559.1.5.11" STYLEREFS="Style_3" VPOS="605" WIDTH="70" WC="1.00" CC="000" TAGREFS=""/>
            <SP HPOS="801" ID="SP_559.1.5.12" VPOS="594" WIDTH="11"/>
            <String CONTENT="then" HEIGHT="35" HPOS="812" ID="ST_559.1.5.13" STYLEREFS="Style_3" VPOS="594" WIDTH="82" WC="0.86" CC="0000" TAGREFS=""/>
            <SP HPOS="894" ID="SP_559.1.5.14" VPOS="599" WIDTH="11"/>
            <String CONTENT="too" HEIGHT="30" HPOS="905" ID="ST_559.1.5.15" STYLEREFS="Style_3" VPOS="599" WIDTH="58" WC="0.94" CC="000" TAGREFS=""/>
            <SP HPOS="963" ID="SP_559.1.5.16" VPOS="595" WIDTH="11"/>
            <String CONTENT="late" HEIGHT="34" HPOS="974" ID="ST_559.1.5.17" STYLEREFS="Style_3" VPOS="595" WIDTH="70" WC="1.00" CC="0000" TAGREFS=""/>
            <SP HPOS="1044" ID="SP_559.1.5.18" VPOS="599" WIDTH="10"/>
            <String CONTENT="to" HEIGHT="30" HPOS="1054" ID="ST_559.1.5.19" STYLEREFS="Style_3" VPOS="599" WIDTH="36" WC="1.00" CC="00" TAGREFS=""/>
            <SP HPOS="1090" ID="SP_559.1.5.20" VPOS="599" WIDTH="10"/>
            <String CONTENT="retract." HEIGHT="30" HPOS="1100" ID="ST_559.1.5.21" STYLEREFS="Style_3" VPOS="599" WIDTH="138" WC="0.96" CC="00000000" TAGREFS=""/>
            <SP HPOS="1238" ID="SP_559.1.5.22" VPOS="594" WIDTH="13"/>
            <String CONTENT="While" HEIGHT="35" HPOS="1251" ID="ST_559.1.5.23" STYLEREFS="Style_3" VPOS="594" WIDTH="115" WC="0.80" CC="00000" TAGREFS=""/>
          </TextLine>
          <TextLine HEIGHT="45" HPOS="154" ID="TL_559.1.6" VPOS="642" WIDTH="1211">
            <String CONTENT="§" HEIGHT="43" HPOS="154" ID="ST_559.1.6.1" STYLEREFS="Style_3" VPOS="643" WIDTH="18" WC="0.86" CC="0" TAGREFS=""/>
            <SP HPOS="172" ID="SP_559.1.6.2" VPOS="642" WIDTH="14"/>
            <String CONTENT="41-2606(2)" HEIGHT="44" HPOS="186" ID="ST_559.1.6.3" STYLEREFS="Style_3" VPOS="642" WIDTH="212" WC="0.93" CC="9990009900" TAGREFS=""/>
            <SP HPOS="398" ID="SP_559.1.6.4" VPOS="643" WIDTH="14"/>
            <String CONTENT="provides" HEIGHT="44" HPOS="412" ID="ST_559.1.6.5" STYLEREFS="Style_3" VPOS="643" WIDTH="156" WC="1.00" CC="00000000" TAGREFS=""/>
            <SP HPOS="568" ID="SP_559.1.6.6" VPOS="643" WIDTH="12"/>
            <String CONTENT="that" HEIGHT="35" HPOS="580" ID="ST_559.1.6.7" STYLEREFS="Style_3" VPOS="643" WIDTH="77" WC="0.96" CC="0000" TAGREFS=""/>
            <SP HPOS="657" ID="SP_559.1.6.8" VPOS="649" WIDTH="11"/>
            <String CONTENT="separate" HEIGHT="38" HPOS="668" ID="ST_559.1.6.9" STYLEREFS="Style_3" VPOS="649" WIDTH="159" WC="1.00" CC="00000000" TAGREFS=""/>
            <SP HPOS="827" ID="SP_559.1.6.10" VPOS="649" WIDTH="11"/>
            <String CONTENT="stages" HEIGHT="38" HPOS="838" ID="ST_559.1.6.11" STYLEREFS="Style_3" VPOS="649" WIDTH="114" WC="0.99" CC="000000" TAGREFS=""/>
            <SP HPOS="952" ID="SP_559.1.6.12" VPOS="644" WIDTH="11"/>
            <String CONTENT="of" HEIGHT="35" HPOS="963" ID="ST_559.1.6.13" STYLEREFS="Style_3" VPOS="644" WIDTH="40" WC="0.97" CC="00" TAGREFS=""/>
            <SP HPOS="1003" ID="SP_559.1.6.14" VPOS="644" WIDTH="7"/>
            <String CONTENT="the" HEIGHT="35" HPOS="1010" ID="ST_559.1.6.15" STYLEREFS="Style_3" VPOS="644" WIDTH="60" WC="0.85" CC="000" TAGREFS=""/>
            <SP HPOS="1070" ID="SP_559.1.6.16" VPOS="655" WIDTH="10"/>
            <String CONTENT="same" HEIGHT="24" HPOS="1080" ID="ST_559.1.6.17" STYLEREFS="Style_3" VPOS="655" WIDTH="97" WC="0.97" CC="0000" TAGREFS=""/>
            <SP HPOS="1177" ID="SP_559.1.6.18" VPOS="655" WIDTH="10"/>
            <String CONTENT="case" HEIGHT="24" HPOS="1187" ID="ST_559.1.6.19" STYLEREFS="Style_3" VPOS="655" WIDTH="80" WC="0.96" CC="0000" TAGREFS=""/>
            <SP HPOS="1267" ID="SP_559.1.6.20" VPOS="644" WIDTH="10"/>
            <String CONTENT="shall" HEIGHT="35" HPOS="1277" ID="ST_559.1.6.21" STYLEREFS="Style_3" VPOS="644" WIDTH="88" WC="0.91" CC="00000" TAGREFS=""/>
          </TextLine>
          <TextLine HEIGHT="37" HPOS="153" ID="TL_559.1.7" VPOS="693" WIDTH="1214">
            <String CONTENT="be" HEIGHT="34" HPOS="153" ID="ST_559.1.7.1" STYLEREFS="Style_3" VPOS="694" WIDTH="44" WC="1.00" CC="00" TAGREFS=""/>
            <SP HPOS="197" ID="SP_559.1.7.2" VPOS="693" WIDTH="27"/>
            <String CONTENT="deemed" HEIGHT="35" HPOS="224" ID="ST_559.1.7.3" STYLEREFS="Style_3" VPOS="693" WIDTH="145" WC="1.00" CC="000000" TAGREFS=""/>
            <SP HPOS="369" ID="SP_559.1.7.4" VPOS="698" WIDTH="28"/>
            <String CONTENT="to" HEIGHT="30" HPOS="397" ID="ST_559.1.7.5" STYLEREFS="Style_3" VPOS="698" WIDTH="35" WC="1.00" CC="00" TAGREFS=""/>
            <SP HPOS="432" ID="SP_559.1.7.6" VPOS="694" WIDTH="28"/>
            <String CONTENT="have" HEIGHT="34" HPOS="460" ID="ST_559.1.7.7" STYLEREFS="Style_3" VPOS="694" WIDTH="88" WC="0.95" CC="0000" TAGREFS=""/>
            <SP HPOS="548" ID="SP_559.1.7.8" VPOS="693" WIDTH="28"/>
            <String CONTENT="been" HEIGHT="35" HPOS="576" ID="ST_559.1.7.9" STYLEREFS="Style_3" VPOS="693" WIDTH="87" WC="0.94" CC="0000" TAGREFS=""/>
            <SP HPOS="663" ID="SP_559.1.7.10" VPOS="693" WIDTH="29"/>
            <String CONTENT="made" HEIGHT="36" HPOS="692" ID="ST_559.1.7.11" STYLEREFS="Style_3" VPOS="693" WIDTH="103" WC="0.83" CC="0000" TAGREFS=""/>
            <SP HPOS="795" ID="SP_559.1.7.12" VPOS="694" WIDTH="27"/>
            <String CONTENT="in" HEIGHT="34" HPOS="822" ID="ST_559.1.7.13" STYLEREFS="Style_3" VPOS="694" WIDTH="34" WC="0.75" CC="00" TAGREFS=""/>
            <SP HPOS="856" ID="SP_559.1.7.14" VPOS="694" WIDTH="29"/>
            <String CONTENT="the" HEIGHT="34" HPOS="885" ID="ST_559.1.7.15" STYLEREFS="Style_3" VPOS="694" WIDTH="59" WC="1.00" CC="000" TAGREFS=""/>
            <SP HPOS="944" ID="SP_559.1.7.16" VPOS="705" WIDTH="28"/>
            <String CONTENT="course" HEIGHT="24" HPOS="972" ID="ST_559.1.7.17" STYLEREFS="Style_3" VPOS="705" WIDTH="122" WC="0.96" CC="000000" TAGREFS=""/>
            <SP HPOS="1094" ID="SP_559.1.7.18" VPOS="694" WIDTH="26"/>
            <String CONTENT="of" HEIGHT="35" HPOS="1120" ID="ST_559.1.7.19" STYLEREFS="Style_3" VPOS="694" WIDTH="40" WC="1.00" CC="00" TAGREFS=""/>
            <SP HPOS="1160" ID="SP_559.1.7.20" VPOS="694" WIDTH="24"/>
            <String CONTENT="the" HEIGHT="35" HPOS="1184" ID="ST_559.1.7.21" STYLEREFS="Style_3" VPOS="694" WIDTH="59" WC="0.95" CC="000" TAGREFS=""/>
            <SP HPOS="1243" ID="SP_559.1.7.22" VPOS="705" WIDTH="27"/>
            <String CONTENT="same" HEIGHT="25" HPOS="1270" ID="ST_559.1.7.23" STYLEREFS="Style_3" VPOS="705" WIDTH="97" WC="0.83" CC="0000" TAGREFS=""/>
          </TextLine>
          <TextLine HEIGHT="46" HPOS="152" ID="TL_559.1.8" VPOS="743" WIDTH="1214">
            <String CONTENT="proceeding," HEIGHT="44" HPOS="152" ID="ST_559.1.8.1" STYLEREFS="Style_3" VPOS="743" WIDTH="219" WC="0.97" CC="00000000000" TAGREFS=""/>
            <SP HPOS="371" ID="SP_559.1.8.2" VPOS="755" WIDTH="12"/>
            <String CONTENT="we" HEIGHT="23" HPOS="383" ID="ST_559.1.8.3" STYLEREFS="Style_3" VPOS="755" WIDTH="50" WC="1.00" CC="00" TAGREFS=""/>
            <SP HPOS="433" ID="SP_559.1.8.4" VPOS="744" WIDTH="11"/>
            <String CONTENT="do" HEIGHT="34" HPOS="444" ID="ST_559.1.8.5" STYLEREFS="Style_3" VPOS="744" WIDTH="44" WC="1.00" CC="00" TAGREFS=""/>
            <SP HPOS="488" ID="SP_559.1.8.6" VPOS="749" WIDTH="11"/>
            <String CONTENT="not" HEIGHT="30" HPOS="499" ID="ST_559.1.8.7" STYLEREFS="Style_3" VPOS="749" WIDTH="59" WC="1.00" CC="000" TAGREFS=""/>
            <SP HPOS="558" ID="SP_559.1.8.8" VPOS="743" WIDTH="11"/>
            <String CONTENT="consider" HEIGHT="36" HPOS="569" ID="ST_559.1.8.9" STYLEREFS="Style_3" VPOS="743" WIDTH="158" WC="0.79" CC="00000000" TAGREFS=""/>
            <SP HPOS="727" ID="SP_559.1.8.10" VPOS="744" WIDTH="11"/>
            <String CONTENT="the" HEIGHT="35" HPOS="738" ID="ST_559.1.8.11" STYLEREFS="Style_3" VPOS="744" WIDTH="59" WC="1.00" CC="000" TAGREFS=""/>
            <SP HPOS="797" ID="SP_559.1.8.12" VPOS="744" WIDTH="10"/>
            <String CONTENT="hearing" HEIGHT="44" HPOS="807" ID="ST_559.1.8.13" STYLEREFS="Style_3" VPOS="744" WIDTH="144" WC="0.90" CC="0000000" TAGREFS=""/>
            <SP HPOS="951" ID="SP_559.1.8.14" VPOS="755" WIDTH="10"/>
            <String CONTENT="on" HEIGHT="24" HPOS="961" ID="ST_559.1.8.15" STYLEREFS="Style_3" VPOS="755" WIDTH="45" WC="0.66" CC="00" TAGREFS=""/>
            <SP HPOS="1006" ID="SP_559.1.8.16" VPOS="745" WIDTH="11"/>
            <String CONTENT="plea" HEIGHT="44" HPOS="1017" ID="ST_559.1.8.17" STYLEREFS="Style_3" VPOS="745" WIDTH="77" WC="0.96" CC="0000" TAGREFS=""/>
            <SP HPOS="1094" ID="SP_559.1.8.18" VPOS="744" WIDTH="11"/>
            <String CONTENT="withdrawal" HEIGHT="36" HPOS="1105" ID="ST_559.1.8.19" STYLEREFS="Style_3" VPOS="744" WIDTH="214" WC="0.93" CC="0000000000" TAGREFS=""/>
            <SP HPOS="1319" ID="SP_559.1.8.20" VPOS="750" WIDTH="11"/>
            <String CONTENT="to" HEIGHT="30" HPOS="1330" ID="ST_559.1.8.21" STYLEREFS="Style_3" VPOS="750" WIDTH="36" WC="1.00" CC="00" TAGREFS=""/>
          </TextLine>
          <TextLine HEIGHT="46" HPOS="153" ID="TL_559.1.9" VPOS="793" WIDTH="1213">
            <String CONTENT="be" HEIGHT="35" HPOS="153" ID="ST_559.1.9.1" STYLEREFS="Style_3" VPOS="793" WIDTH="44" WC="1.00" CC="00" TAGREFS=""/>
            <SP HPOS="197" ID="SP_559.1.9.2" VPOS="798" WIDTH="16"/>
            <String CONTENT="part" HEIGHT="39" HPOS="213" ID="ST_559.1.9.3" STYLEREFS="Style_3" VPOS="798" WIDTH="78" WC="1.00" CC="0000" TAGREFS=""/>
            <SP HPOS="291" ID="SP_559.1.9.4" VPOS="793" WIDTH="16"/>
            <String CONTENT="of" HEIGHT="35" HPOS="307" ID="ST_559.1.9.5" STYLEREFS="Style_3" VPOS="793" WIDTH="39" WC="1.00" CC="00" TAGREFS=""/>
            <SP HPOS="346" ID="SP_559.1.9.6" VPOS="793" WIDTH="14"/>
            <String CONTENT="the" HEIGHT="35" HPOS="360" ID="ST_559.1.9.7" STYLEREFS="Style_3" VPOS="793" WIDTH="58" WC="0.92" CC="000" TAGREFS=""/>
            <SP HPOS="418" ID="SP_559.1.9.8" VPOS="804" WIDTH="16"/>
            <String CONTENT="same" HEIGHT="25" HPOS="434" ID="ST_559.1.9.9" STYLEREFS="Style_3" VPOS="804" WIDTH="96" WC="0.98" CC="0000" TAGREFS=""/>
            <SP HPOS="530" ID="SP_559.1.9.10" VPOS="793" WIDTH="16"/>
            <String CONTENT="proceeding" HEIGHT="45" HPOS="546" ID="ST_559.1.9.11" STYLEREFS="Style_3" VPOS="793" WIDTH="207" WC="0.96" CC="0000000000" TAGREFS=""/>
            <SP HPOS="753" ID="SP_559.1.9.12" VPOS="794" WIDTH="17"/>
            <String CONTENT="when" HEIGHT="35" HPOS="770" ID="ST_559.1.9.13" STYLEREFS="Style_3" VPOS="794" WIDTH="98" WC="0.96" CC="0000" TAGREFS=""/>
            <SP HPOS="868" ID="SP_559.1.9.14" VPOS="795" WIDTH="17"/>
            <String CONTENT="the" HEIGHT="34" HPOS="885" ID="ST_559.1.9.15" STYLEREFS="Style_3" VPOS="795" WIDTH="59" WC="0.86" CC="000" TAGREFS=""/>
            <SP HPOS="944" ID="SP_559.1.9.16" VPOS="795" WIDTH="15"/>
            <String CONTENT="previous" HEIGHT="44" HPOS="959" ID="ST_559.1.9.17" STYLEREFS="Style_3" VPOS="795" WIDTH="157" WC="0.93" CC="00000000" TAGREFS=""/>
            <SP HPOS="1116" ID="SP_559.1.9.18" VPOS="796" WIDTH="17"/>
            <String CONTENT="phase" HEIGHT="43" HPOS="1133" ID="ST_559.1.9.19" STYLEREFS="Style_3" VPOS="796" WIDTH="107" WC="0.89" CC="00000" TAGREFS=""/>
            <SP HPOS="1240" ID="SP_559.1.9.20" VPOS="795" WIDTH="16"/>
            <String CONTENT="ended" HEIGHT="36" HPOS="1256" ID="ST_559.1.9.21" STYLEREFS="Style_3" VPOS="795" WIDTH="110" WC="0.92" CC="00000" TAGREFS=""/>
          </TextLine>
          <TextLine HEIGHT="45" HPOS="152" ID="TL_559.1.10" VPOS="843" WIDTH="1214">
            <String CONTENT="with" HEIGHT="35" HPOS="152" ID="ST_559.1.10.1" STYLEREFS="Style_3" VPOS="843" WIDTH="84" WC="0.91" CC="0000" TAGREFS=""/>
            <SP HPOS="236" ID="SP_559.1.10.2" VPOS="844" WIDTH="14"/>
            <String CONTENT="the" HEIGHT="34" HPOS="250" ID="ST_559.1.10.3" STYLEREFS="Style_3" VPOS="844" WIDTH="59" WC="0.84" CC="000" TAGREFS=""/>
            <SP HPOS="309" ID="SP_559.1.10.4" VPOS="849" WIDTH="12"/>
            <String CONTENT="acceptance" HEIGHT="39" HPOS="321" ID="ST_559.1.10.5" STYLEREFS="Style_3" VPOS="849" WIDTH="209" WC="0.94" CC="0000000000" TAGREFS=""/>
            <SP HPOS="530" ID="SP_559.1.10.6" VPOS="844" WIDTH="12"/>
            <String CONTENT="of" HEIGHT="35" HPOS="542" ID="ST_559.1.10.7" STYLEREFS="Style_3" VPOS="844" WIDTH="39" WC="1.00" CC="00" TAGREFS=""/>
            <SP HPOS="581" ID="SP_559.1.10.8" VPOS="844" WIDTH="10"/>
            <String CONTENT="the" HEIGHT="35" HPOS="591" ID="ST_559.1.10.9" STYLEREFS="Style_3" VPOS="844" WIDTH="59" WC="0.94" CC="000" TAGREFS=""/>
            <SP HPOS="650" ID="SP_559.1.10.10" VPOS="844" WIDTH="12"/>
            <String CONTENT="guilty" HEIGHT="44" HPOS="662" ID="ST_559.1.10.11" STYLEREFS="Style_3" VPOS="844" WIDTH="110" WC="0.84" CC="000000" TAGREFS=""/>
            <SP HPOS="772" ID="SP_559.1.10.12" VPOS="844" WIDTH="13"/>
            <String CONTENT="pleas." HEIGHT="44" HPOS="785" ID="ST_559.1.10.13" STYLEREFS="Style_3" VPOS="844" WIDTH="105" WC="0.91" CC="000000" TAGREFS=""/>
            <SP HPOS="890" ID="SP_559.1.10.14" VPOS="845" WIDTH="13"/>
            <String CONTENT="To" HEIGHT="34" HPOS="903" ID="ST_559.1.10.15" STYLEREFS="Style_3" VPOS="845" WIDTH="51" WC="1.00" CC="00" TAGREFS=""/>
            <SP HPOS="954" ID="SP_559.1.10.16" VPOS="844" WIDTH="13"/>
            <String CONTENT="hold" HEIGHT="36" HPOS="967" ID="ST_559.1.10.17" STYLEREFS="Style_3" VPOS="844" WIDTH="81" WC="0.85" CC="0000" TAGREFS=""/>
            <SP HPOS="1048" ID="SP_559.1.10.18" VPOS="845" WIDTH="13"/>
            <String CONTENT="otherwise" HEIGHT="35" HPOS="1061" ID="ST_559.1.10.19" STYLEREFS="Style_3" VPOS="845" WIDTH="181" WC="0.96" CC="000000000" TAGREFS=""/>
            <SP HPOS="1242" ID="SP_559.1.10.20" VPOS="845" WIDTH="11"/>
            <String CONTENT="would" HEIGHT="35" HPOS="1253" ID="ST_559.1.10.21" STYLEREFS="Style_3" VPOS="845" WIDTH="113" WC="0.86" CC="00000" TAGREFS=""/>
          </TextLine>
          <TextLine HEIGHT="45" HPOS="153" ID="TL_559.1.11" VPOS="894" WIDTH="1215">
            <String CONTENT="be" HEIGHT="34" HPOS="153" ID="ST_559.1.11.1" STYLEREFS="Style_3" VPOS="894" WIDTH="44" WC="0.75" CC="00" TAGREFS=""/>
            <SP HPOS="197" ID="SP_559.1.11.2" VPOS="894" WIDTH="25"/>
            <String CONTENT="inconsistent" HEIGHT="35" HPOS="222" ID="ST_559.1.11.3" STYLEREFS="Style_3" VPOS="894" WIDTH="223" WC="0.95" CC="000000000000" TAGREFS=""/>
            <SP HPOS="445" ID="SP_559.1.11.4" VPOS="894" WIDTH="24"/>
            <String CONTENT="with" HEIGHT="35" HPOS="469" ID="ST_559.1.11.5" STYLEREFS="Style_3" VPOS="894" WIDTH="83" WC="0.87" CC="0000" TAGREFS=""/>
            <SP HPOS="552" ID="SP_559.1.11.6" VPOS="894" WIDTH="24"/>
            <String CONTENT="the" HEIGHT="35" HPOS="576" ID="ST_559.1.11.7" STYLEREFS="Style_3" VPOS="894" WIDTH="60" WC="0.93" CC="000" TAGREFS=""/>
            <SP HPOS="636" ID="SP_559.1.11.8" VPOS="905" WIDTH="24"/>
            <String CONTENT="purpose" HEIGHT="34" HPOS="660" ID="ST_559.1.11.9" STYLEREFS="Style_3" VPOS="905" WIDTH="148" WC="0.93" CC="0000000" TAGREFS=""/>
            <SP HPOS="808" ID="SP_559.1.11.10" VPOS="895" WIDTH="23"/>
            <String CONTENT="of" HEIGHT="34" HPOS="831" ID="ST_559.1.11.11" STYLEREFS="Style_3" VPOS="895" WIDTH="39" WC="1.00" CC="00" TAGREFS=""/>
            <SP HPOS="870" ID="SP_559.1.11.12" VPOS="895" WIDTH="21"/>
            <String CONTENT="the" HEIGHT="35" HPOS="891" ID="ST_559.1.11.13" STYLEREFS="Style_3" VPOS="895" WIDTH="59" WC="0.96" CC="000" TAGREFS=""/>
            <SP HPOS="950" ID="SP_559.1.11.14" VPOS="895" WIDTH="23"/>
            <String CONTENT="perjury" HEIGHT="44" HPOS="973" ID="ST_559.1.11.15" STYLEREFS="Style_3" VPOS="895" WIDTH="140" WC="0.95" CC="0000000" TAGREFS=""/>
            <SP HPOS="1113" ID="SP_559.1.11.16" VPOS="900" WIDTH="24"/>
            <String CONTENT="statute." HEIGHT="30" HPOS="1137" ID="ST_559.1.11.17" STYLEREFS="Style_3" VPOS="900" WIDTH="138" WC="0.90" CC="00000000" TAGREFS=""/>
            <SP HPOS="1275" ID="SP_559.1.11.18" VPOS="895" WIDTH="26"/>
            <String CONTENT="See" HEIGHT="35" HPOS="1301" ID="ST_559.1.11.19" STYLEREFS="Style_3" VPOS="895" WIDTH="67" WC="0.89" CC="000" TAGREFS=""/>
          </TextLine>
          <TextLine HEIGHT="45" HPOS="153" ID="TL_559.1.12" VPOS="943" WIDTH="1212">
            <String CONTENT="generally" HEIGHT="44" HPOS="153" ID="ST_559.1.12.1" STYLEREFS="Style_3" VPOS="943" WIDTH="177" WC="0.93" CC="000000000" TAGREFS=""/>
            <SP HPOS="330" ID="SP_559.1.12.2" VPOS="944" WIDTH="13"/>
            <String CONTENT="Commentary" HEIGHT="44" HPOS="343" ID="ST_559.1.12.3" STYLEREFS="Style_3" VPOS="944" WIDTH="250" WC="0.85" CC="0000000000" TAGREFS=""/>
            <SP HPOS="593" ID="SP_559.1.12.4" VPOS="949" WIDTH="13"/>
            <String CONTENT="to" HEIGHT="29" HPOS="606" ID="ST_559.1.12.5" STYLEREFS="Style_3" VPOS="949" WIDTH="36" WC="1.00" CC="00" TAGREFS=""/>
            <SP HPOS="642" ID="SP_559.1.12.6" VPOS="945" WIDTH="14"/>
            <String CONTENT="§" HEIGHT="42" HPOS="656" ID="ST_559.1.12.7" STYLEREFS="Style_3" VPOS="945" WIDTH="18" WC="1.00" CC="0" TAGREFS=""/>
            <SP HPOS="674" ID="SP_559.1.12.8" VPOS="945" WIDTH="16"/>
            <String CONTENT="41-2602" HEIGHT="34" HPOS="690" ID="ST_559.1.12.9" STYLEREFS="Style_3" VPOS="945" WIDTH="154" WC="0.98" CC="0000000" TAGREFS=""/>
            <SP HPOS="844" ID="SP_559.1.12.10" VPOS="944" WIDTH="13"/>
            <String CONTENT="and" HEIGHT="35" HPOS="857" ID="ST_559.1.12.11" STYLEREFS="Style_3" VPOS="944" WIDTH="69" WC="0.80" CC="000" TAGREFS=""/>
            <SP HPOS="926" ID="SP_559.1.12.12" VPOS="956" WIDTH="13"/>
            <String CONTENT="see" HEIGHT="24" HPOS="939" ID="ST_559.1.12.13" STYLEREFS="Style_3" VPOS="956" WIDTH="57" WC="0.96" CC="000" TAGREFS=""/>
            <SP HPOS="996" ID="SP_559.1.12.14" VPOS="945" WIDTH="12"/>
            <String CONTENT="also," HEIGHT="42" HPOS="1008" ID="ST_559.1.12.15" STYLEREFS="Style_3" VPOS="945" WIDTH="84" WC="1.00" CC="00000" TAGREFS=""/>
            <SP HPOS="1092" ID="SP_559.1.12.16" VPOS="945" WIDTH="16"/>
            <String CONTENT="§" HEIGHT="43" HPOS="1108" ID="ST_559.1.12.17" STYLEREFS="Style_3" VPOS="945" WIDTH="17" WC="1.00" CC="0" TAGREFS=""/>
            <SP HPOS="1125" ID="SP_559.1.12.18" VPOS="945" WIDTH="15"/>
            <String CONTENT="41-2606(3)." HEIGHT="43" HPOS="1140" ID="ST_559.1.12.19" STYLEREFS="Style_3" VPOS="945" WIDTH="225" WC="0.97" CC="00000000000" TAGREFS=""/>
          </TextLine>
        </TextBlock>
        <TextBlock HEIGHT="34.0" HPOS="1296.0" ID="BL_559.3" TAGREFS="b559-4" VPOS="254.0" WIDTH="63.0">
          <TextLine HEIGHT="34" HPOS="1296" ID="TL_559.3.1" VPOS="254" WIDTH="63">
            <String CONTENT="521" HEIGHT="34" HPOS="1296" ID="ST_559.3.1.1" STYLEREFS="Style_3" VPOS="254" WIDTH="63" WC="0.80" CC="000" TAGREFS=""/>
          </TextLine>
        </TextBlock>
        <TextBlock HEIGHT="34.0" HPOS="736.0" ID="BL_559.4" TAGREFS="b559-6" VPOS="1035.0" WIDTH="51.0">
          <TextLine HEIGHT="34" HPOS="736" ID="TL_559.4.1" VPOS="1035" WIDTH="51">
            <String CONTENT="Ill" HEIGHT="34" HPOS="736" ID="ST_559.4.1.1" STYLEREFS="Style_3" VPOS="1035" WIDTH="51" WC="1.00" CC="099" TAGREFS=""/>
          </TextLine>
        </TextBlock>
        <TextBlock HEIGHT="143.0" HPOS="154.0" ID="BL_559.5" TAGREFS="b559-7" VPOS="1115.0" WIDTH="1214.0">
          <TextLine HEIGHT="43" HPOS="246" ID="TL_559.5.1" VPOS="1115" WIDTH="1122">
            <String CONTENT="Nor" HEIGHT="34" HPOS="246" ID="ST_559.5.1.1" STYLEREFS="Style_3" VPOS="1115" WIDTH="77" WC="1.00" CC="000" TAGREFS=""/>
            <SP HPOS="323" ID="SP_559.5.1.2" VPOS="1115" WIDTH="8"/>
            <String CONTENT="do" HEIGHT="34" HPOS="331" ID="ST_559.5.1.3" STYLEREFS="Style_3" VPOS="1115" WIDTH="44" WC="1.00" CC="00" TAGREFS=""/>
            <SP HPOS="375" ID="SP_559.5.1.4" VPOS="1126" WIDTH="9"/>
            <String CONTENT="we" HEIGHT="23" HPOS="384" ID="ST_559.5.1.5" STYLEREFS="Style_3" VPOS="1126" WIDTH="50" WC="1.00" CC="00" TAGREFS=""/>
            <SP HPOS="434" ID="SP_559.5.1.6" VPOS="1115" WIDTH="9"/>
            <String CONTENT="find" HEIGHT="34" HPOS="443" ID="ST_559.5.1.7" STYLEREFS="Style_3" VPOS="1115" WIDTH="70" WC="0.95" CC="0000" TAGREFS=""/>
            <SP HPOS="513" ID="SP_559.5.1.8" VPOS="1115" WIDTH="10"/>
            <String CONTENT="merit" HEIGHT="35" HPOS="523" ID="ST_559.5.1.9" STYLEREFS="Style_3" VPOS="1115" WIDTH="103" WC="0.92" CC="00000" TAGREFS=""/>
            <SP HPOS="626" ID="SP_559.5.1.10" VPOS="1116" WIDTH="9"/>
            <String CONTENT="in" HEIGHT="34" HPOS="635" ID="ST_559.5.1.11" STYLEREFS="Style_3" VPOS="1116" WIDTH="34" WC="1.00" CC="00" TAGREFS=""/>
            <SP HPOS="669" ID="SP_559.5.1.12" VPOS="1115" WIDTH="10"/>
            <String CONTENT="the" HEIGHT="35" HPOS="679" ID="ST_559.5.1.13" STYLEREFS="Style_3" VPOS="1115" WIDTH="59" WC="0.90" CC="000" TAGREFS=""/>
            <SP HPOS="738" ID="SP_559.5.1.14" VPOS="1121" WIDTH="8"/>
            <String CONTENT="argument" HEIGHT="37" HPOS="746" ID="ST_559.5.1.15" STYLEREFS="Style_3" VPOS="1121" WIDTH="184" WC="1.00" CC="00000000" TAGREFS=""/>
            <SP HPOS="930" ID="SP_559.5.1.16" VPOS="1117" WIDTH="8"/>
            <String CONTENT="that" HEIGHT="34" HPOS="938" ID="ST_559.5.1.17" STYLEREFS="Style_3" VPOS="1117" WIDTH="78" WC="0.83" CC="0000" TAGREFS=""/>
            <SP HPOS="1016" ID="SP_559.5.1.18" VPOS="1116" WIDTH="8"/>
            <String CONTENT="Uniform" HEIGHT="36" HPOS="1024" ID="ST_559.5.1.19" STYLEREFS="Style_3" VPOS="1116" WIDTH="164" WC="0.82" CC="0000000" TAGREFS=""/>
            <SP HPOS="1188" ID="SP_559.5.1.20" VPOS="1117" WIDTH="9"/>
            <String CONTENT="Evidence" HEIGHT="35" HPOS="1197" ID="ST_559.5.1.21" STYLEREFS="Style_3" VPOS="1117" WIDTH="171" WC="0.90" CC="00000000" TAGREFS=""/>
          </TextLine>
          <TextLine HEIGHT="46" HPOS="154" ID="TL_559.5.2" VPOS="1164" WIDTH="1213">
            <String CONTENT="Rule" HEIGHT="34" HPOS="154" ID="ST_559.5.2.1" STYLEREFS="Style_3" VPOS="1164" WIDTH="92" WC="1.00" CC="0000" TAGREFS=""/>
            <SP HPOS="246" ID="SP_559.5.2.2" VPOS="1165" WIDTH="13"/>
            <String CONTENT="410" HEIGHT="34" HPOS="259" ID="ST_559.5.2.3" STYLEREFS="Style_3" VPOS="1165" WIDTH="69" WC="0.87" CC="000" TAGREFS=""/>
            <SP HPOS="328" ID="SP_559.5.2.4" VPOS="1164" WIDTH="13"/>
            <String CONTENT="and" HEIGHT="35" HPOS="341" ID="ST_559.5.2.5" STYLEREFS="Style_3" VPOS="1164" WIDTH="68" WC="0.82" CC="000" TAGREFS=""/>
            <SP HPOS="409" ID="SP_559.5.2.6" VPOS="1165" WIDTH="13"/>
            <String CONTENT="A.R.Cr.P." HEIGHT="35" HPOS="422" ID="ST_559.5.2.7" STYLEREFS="Style_3" VPOS="1165" WIDTH="193" WC="0.95" CC="000000000" TAGREFS=""/>
            <SP HPOS="615" ID="SP_559.5.2.8" VPOS="1166" WIDTH="16"/>
            <String CONTENT="25.4" HEIGHT="34" HPOS="631" ID="ST_559.5.2.9" STYLEREFS="Style_3" VPOS="1166" WIDTH="80" WC="0.91" CC="0000" TAGREFS=""/>
            <SP HPOS="711" ID="SP_559.5.2.10" VPOS="1165" WIDTH="14"/>
            <String CONTENT="render" HEIGHT="35" HPOS="725" ID="ST_559.5.2.11" STYLEREFS="Style_3" VPOS="1165" WIDTH="122" WC="0.92" CC="000000" TAGREFS=""/>
            <SP HPOS="847" ID="SP_559.5.2.12" VPOS="1166" WIDTH="13"/>
            <String CONTENT="the" HEIGHT="34" HPOS="860" ID="ST_559.5.2.13" STYLEREFS="Style_3" VPOS="1166" WIDTH="59" WC="0.78" CC="000" TAGREFS=""/>
            <SP HPOS="919" ID="SP_559.5.2.14" VPOS="1166" WIDTH="13"/>
            <String CONTENT="appellants’" HEIGHT="44" HPOS="932" ID="ST_559.5.2.15" STYLEREFS="Style_3" VPOS="1166" WIDTH="205" WC="0.75" CC="00000000009" TAGREFS=""/>
            <SP HPOS="1137" ID="SP_559.5.2.16" VPOS="1166" WIDTH="14"/>
            <String CONTENT="guilty" HEIGHT="44" HPOS="1151" ID="ST_559.5.2.17" STYLEREFS="Style_3" VPOS="1166" WIDTH="109" WC="0.93" CC="000000" TAGREFS=""/>
            <SP HPOS="1260" ID="SP_559.5.2.18" VPOS="1166" WIDTH="12"/>
            <String CONTENT="pleas" HEIGHT="44" HPOS="1272" ID="ST_559.5.2.19" STYLEREFS="Style_3" VPOS="1166" WIDTH="95" WC="0.86" CC="00000" TAGREFS=""/>
          </TextLine>
          <TextLine HEIGHT="45" HPOS="154" ID="TL_559.5.3" VPOS="1213" WIDTH="531">
            <String CONTENT="privileged." HEIGHT="45" HPOS="154" ID="ST_559.5.3.1" STYLEREFS="Style_3" VPOS="1213" WIDTH="198" WC="1.00" CC="00000000000" TAGREFS=""/>
            <SP HPOS="352" ID="SP_559.5.3.2" VPOS="1215" WIDTH="23"/>
            <String CONTENT="Rule" HEIGHT="34" HPOS="375" ID="ST_559.5.3.3" STYLEREFS="Style_3" VPOS="1215" WIDTH="89" WC="0.93" CC="0000" TAGREFS=""/>
            <SP HPOS="464" ID="SP_559.5.3.4" VPOS="1215" WIDTH="20"/>
            <String CONTENT="410" HEIGHT="34" HPOS="484" ID="ST_559.5.3.5" STYLEREFS="Style_3" VPOS="1215" WIDTH="69" WC="0.91" CC="099" TAGREFS=""/>
            <SP HPOS="553" ID="SP_559.5.3.6" VPOS="1215" WIDTH="21"/>
            <String CONTENT="reads:" HEIGHT="35" HPOS="574" ID="ST_559.5.3.7" STYLEREFS="Style_3" VPOS="1215" WIDTH="111" WC="0.94" CC="000000" TAGREFS=""/>
          </TextLine>
        </TextBlock>
        <TextBlock HEIGHT="345.0" HPOS="279.0" ID="BL_559.6" TAGREFS="b559-8" VPOS="1295.0" WIDTH="1090.0">
          <TextLine HEIGHT="46" HPOS="280" ID="TL_559.6.1" VPOS="1295" WIDTH="1088">
            <String CONTENT="Evidence" HEIGHT="35" HPOS="280" ID="ST_559.6.1.1" STYLEREFS="Style_3" VPOS="1296" WIDTH="171" WC="0.89" CC="00000000" TAGREFS=""/>
            <SP HPOS="451" ID="SP_559.6.1.2" VPOS="1295" WIDTH="11"/>
            <String CONTENT="of" HEIGHT="36" HPOS="462" ID="ST_559.6.1.3" STYLEREFS="Style_3" VPOS="1295" WIDTH="38" WC="1.00" CC="00" TAGREFS=""/>
            <SP HPOS="500" ID="SP_559.6.1.4" VPOS="1307" WIDTH="9"/>
            <String CONTENT="a" HEIGHT="24" HPOS="509" ID="ST_559.6.1.5" STYLEREFS="Style_3" VPOS="1307" WIDTH="20" WC="0.73" CC="0" TAGREFS=""/>
            <SP HPOS="529" ID="SP_559.6.1.6" VPOS="1297" WIDTH="11"/>
            <String CONTENT="plea" HEIGHT="43" HPOS="540" ID="ST_559.6.1.7" STYLEREFS="Style_3" VPOS="1297" WIDTH="78" WC="0.89" CC="0000" TAGREFS=""/>
            <SP HPOS="618" ID="SP_559.6.1.8" VPOS="1296" WIDTH="11"/>
            <String CONTENT="later" HEIGHT="36" HPOS="629" ID="ST_559.6.1.9" STYLEREFS="Style_3" VPOS="1296" WIDTH="88" WC="1.00" CC="00000" TAGREFS=""/>
            <SP HPOS="717" ID="SP_559.6.1.10" VPOS="1296" WIDTH="11"/>
            <String CONTENT="withdrawn," HEIGHT="42" HPOS="728" ID="ST_559.6.1.11" STYLEREFS="Style_3" VPOS="1296" WIDTH="214" WC="0.78" CC="0000000000" TAGREFS=""/>
            <SP HPOS="942" ID="SP_559.6.1.12" VPOS="1298" WIDTH="11"/>
            <String CONTENT="of" HEIGHT="34" HPOS="953" ID="ST_559.6.1.13" STYLEREFS="Style_3" VPOS="1298" WIDTH="40" WC="1.00" CC="00" TAGREFS=""/>
            <SP HPOS="993" ID="SP_559.6.1.14" VPOS="1298" WIDTH="7"/>
            <String CONTENT="guilty," HEIGHT="43" HPOS="1000" ID="ST_559.6.1.15" STYLEREFS="Style_3" VPOS="1298" WIDTH="120" WC="0.90" CC="0000000" TAGREFS=""/>
            <SP HPOS="1120" ID="SP_559.6.1.16" VPOS="1308" WIDTH="12"/>
            <String CONTENT="or" HEIGHT="24" HPOS="1132" ID="ST_559.6.1.17" STYLEREFS="Style_3" VPOS="1308" WIDTH="38" WC="1.00" CC="00" TAGREFS=""/>
            <SP HPOS="1170" ID="SP_559.6.1.18" VPOS="1297" WIDTH="11"/>
            <String CONTENT="admission" HEIGHT="36" HPOS="1181" ID="ST_559.6.1.19" STYLEREFS="Style_3" VPOS="1297" WIDTH="187" WC="0.86" CC="000000000" TAGREFS=""/>
          </TextLine>
          <TextLine HEIGHT="47" HPOS="279" ID="TL_559.6.2" VPOS="1345" WIDTH="1088">
            <String CONTENT="of" HEIGHT="35" HPOS="279" ID="ST_559.6.2.1" STYLEREFS="Style_3" VPOS="1345" WIDTH="40" WC="1.00" CC="00" TAGREFS=""/>
            <SP HPOS="319" ID="SP_559.6.2.2" VPOS="1346" WIDTH="8"/>
            <String CONTENT="the" HEIGHT="35" HPOS="327" ID="ST_559.6.2.3" STYLEREFS="Style_3" VPOS="1346" WIDTH="59" WC="0.95" CC="000" TAGREFS=""/>
            <SP HPOS="386" ID="SP_559.6.2.4" VPOS="1346" WIDTH="11"/>
            <String CONTENT="charge," HEIGHT="43" HPOS="397" ID="ST_559.6.2.5" STYLEREFS="Style_3" VPOS="1346" WIDTH="137" WC="0.95" CC="0000000" TAGREFS=""/>
            <SP HPOS="534" ID="SP_559.6.2.6" VPOS="1357" WIDTH="13"/>
            <String CONTENT="or" HEIGHT="24" HPOS="547" ID="ST_559.6.2.7" STYLEREFS="Style_3" VPOS="1357" WIDTH="38" WC="1.00" CC="00" TAGREFS=""/>
            <SP HPOS="585" ID="SP_559.6.2.8" VPOS="1347" WIDTH="12"/>
            <String CONTENT="nolo" HEIGHT="34" HPOS="597" ID="ST_559.6.2.9" STYLEREFS="Style_3" VPOS="1347" WIDTH="79" WC="0.93" CC="0000" TAGREFS=""/>
            <SP HPOS="676" ID="SP_559.6.2.10" VPOS="1347" WIDTH="12"/>
            <String CONTENT="contendere," HEIGHT="41" HPOS="688" ID="ST_559.6.2.11" STYLEREFS="Style_3" VPOS="1347" WIDTH="218" WC="0.85" CC="00000000000" TAGREFS=""/>
            <SP HPOS="906" ID="SP_559.6.2.12" VPOS="1358" WIDTH="12"/>
            <String CONTENT="or" HEIGHT="23" HPOS="918" ID="ST_559.6.2.13" STYLEREFS="Style_3" VPOS="1358" WIDTH="38" WC="1.00" CC="00" TAGREFS=""/>
            <SP HPOS="956" ID="SP_559.6.2.14" VPOS="1347" WIDTH="12"/>
            <String CONTENT="of" HEIGHT="35" HPOS="968" ID="ST_559.6.2.15" STYLEREFS="Style_3" VPOS="1347" WIDTH="40" WC="1.00" CC="00" TAGREFS=""/>
            <SP HPOS="1008" ID="SP_559.6.2.16" VPOS="1359" WIDTH="8"/>
            <String CONTENT="an" HEIGHT="23" HPOS="1016" ID="ST_559.6.2.17" STYLEREFS="Style_3" VPOS="1359" WIDTH="44" WC="0.85" CC="00" TAGREFS=""/>
            <SP HPOS="1060" ID="SP_559.6.2.18" VPOS="1347" WIDTH="12"/>
            <String CONTENT="offer" HEIGHT="35" HPOS="1072" ID="ST_559.6.2.19" STYLEREFS="Style_3" VPOS="1347" WIDTH="88" WC="0.69" CC="00000" TAGREFS=""/>
            <SP HPOS="1160" ID="SP_559.6.2.20" VPOS="1358" WIDTH="11"/>
            <String CONTENT="so" HEIGHT="24" HPOS="1171" ID="ST_559.6.2.21" STYLEREFS="Style_3" VPOS="1358" WIDTH="37" WC="0.90" CC="00" TAGREFS=""/>
            <SP HPOS="1208" ID="SP_559.6.2.22" VPOS="1353" WIDTH="11"/>
            <String CONTENT="to" HEIGHT="29" HPOS="1219" ID="ST_559.6.2.23" STYLEREFS="Style_3" VPOS="1353" WIDTH="36" WC="1.00" CC="00" TAGREFS=""/>
            <SP HPOS="1255" ID="SP_559.6.2.24" VPOS="1348" WIDTH="11"/>
            <String CONTENT="plead" HEIGHT="44" HPOS="1266" ID="ST_559.6.2.25" STYLEREFS="Style_3" VPOS="1348" WIDTH="101" WC="0.86" CC="00000" TAGREFS=""/>
          </TextLine>
          <TextLine HEIGHT="44" HPOS="280" ID="TL_559.6.3" VPOS="1396" WIDTH="1088">
            <String CONTENT="to" HEIGHT="30" HPOS="280" ID="ST_559.6.3.1" STYLEREFS="Style_3" VPOS="1400" WIDTH="36" WC="1.00" CC="00" TAGREFS=""/>
            <SP HPOS="316" ID="SP_559.6.3.2" VPOS="1396" WIDTH="13"/>
            <String CONTENT="the" HEIGHT="34" HPOS="329" ID="ST_559.6.3.3" STYLEREFS="Style_3" VPOS="1396" WIDTH="59" WC="0.87" CC="000" TAGREFS=""/>
            <SP HPOS="388" ID="SP_559.6.3.4" VPOS="1396" WIDTH="13"/>
            <String CONTENT="crime" HEIGHT="34" HPOS="401" ID="ST_559.6.3.5" STYLEREFS="Style_3" VPOS="1396" WIDTH="107" WC="1.00" CC="00000" TAGREFS=""/>
            <SP HPOS="508" ID="SP_559.6.3.6" VPOS="1396" WIDTH="13"/>
            <String CONTENT="charged" HEIGHT="43" HPOS="521" ID="ST_559.6.3.7" STYLEREFS="Style_3" VPOS="1396" WIDTH="152" WC="0.93" CC="0000000" TAGREFS=""/>
            <SP HPOS="673" ID="SP_559.6.3.8" VPOS="1407" WIDTH="14"/>
            <String CONTENT="or" HEIGHT="23" HPOS="687" ID="ST_559.6.3.9" STYLEREFS="Style_3" VPOS="1407" WIDTH="38" WC="1.00" CC="00" TAGREFS=""/>
            <SP HPOS="725" ID="SP_559.6.3.10" VPOS="1407" WIDTH="14"/>
            <String CONTENT="any" HEIGHT="33" HPOS="739" ID="ST_559.6.3.11" STYLEREFS="Style_3" VPOS="1407" WIDTH="68" WC="0.99" CC="000" TAGREFS=""/>
            <SP HPOS="807" ID="SP_559.6.3.12" VPOS="1397" WIDTH="13"/>
            <String CONTENT="other" HEIGHT="34" HPOS="820" ID="ST_559.6.3.13" STYLEREFS="Style_3" VPOS="1397" WIDTH="99" WC="0.96" CC="00000" TAGREFS=""/>
            <SP HPOS="919" ID="SP_559.6.3.14" VPOS="1398" WIDTH="13"/>
            <String CONTENT="crime," HEIGHT="40" HPOS="932" ID="ST_559.6.3.15" STYLEREFS="Style_3" VPOS="1398" WIDTH="118" WC="0.88" CC="000000" TAGREFS=""/>
            <SP HPOS="1050" ID="SP_559.6.3.16" VPOS="1408" WIDTH="14"/>
            <String CONTENT="or" HEIGHT="24" HPOS="1064" ID="ST_559.6.3.17" STYLEREFS="Style_3" VPOS="1408" WIDTH="39" WC="0.93" CC="00" TAGREFS=""/>
            <SP HPOS="1103" ID="SP_559.6.3.18" VPOS="1397" WIDTH="13"/>
            <String CONTENT="of" HEIGHT="35" HPOS="1116" ID="ST_559.6.3.19" STYLEREFS="Style_3" VPOS="1397" WIDTH="39" WC="1.00" CC="00" TAGREFS=""/>
            <SP HPOS="1155" ID="SP_559.6.3.20" VPOS="1402" WIDTH="10"/>
            <String CONTENT="statements" HEIGHT="30" HPOS="1165" ID="ST_559.6.3.21" STYLEREFS="Style_3" VPOS="1402" WIDTH="203" WC="0.95" CC="0000000000" TAGREFS=""/>
          </TextLine>
          <TextLine HEIGHT="46" HPOS="279" ID="TL_559.6.4" VPOS="1445" WIDTH="1089">
            <String CONTENT="made" HEIGHT="35" HPOS="279" ID="ST_559.6.4.1" STYLEREFS="Style_3" VPOS="1445" WIDTH="104" WC="0.88" CC="0000" TAGREFS=""/>
            <SP HPOS="383" ID="SP_559.6.4.2" VPOS="1445" WIDTH="14"/>
            <String CONTENT="in" HEIGHT="35" HPOS="397" ID="ST_559.6.4.3" STYLEREFS="Style_3" VPOS="1445" WIDTH="34" WC="1.00" CC="00" TAGREFS=""/>
            <SP HPOS="431" ID="SP_559.6.4.4" VPOS="1446" WIDTH="15"/>
            <String CONTENT="connection" HEIGHT="35" HPOS="446" ID="ST_559.6.4.5" STYLEREFS="Style_3" VPOS="1446" WIDTH="205" WC="0.94" CC="0000000000" TAGREFS=""/>
            <SP HPOS="651" ID="SP_559.6.4.6" VPOS="1446" WIDTH="15"/>
            <String CONTENT="with" HEIGHT="35" HPOS="666" ID="ST_559.6.4.7" STYLEREFS="Style_3" VPOS="1446" WIDTH="83" WC="0.87" CC="0000" TAGREFS=""/>
            <SP HPOS="749" ID="SP_559.6.4.8" VPOS="1457" WIDTH="15"/>
            <String CONTENT="any" HEIGHT="33" HPOS="764" ID="ST_559.6.4.9" STYLEREFS="Style_3" VPOS="1457" WIDTH="68" WC="0.78" CC="000" TAGREFS=""/>
            <SP HPOS="832" ID="SP_559.6.4.10" VPOS="1447" WIDTH="15"/>
            <String CONTENT="of" HEIGHT="34" HPOS="847" ID="ST_559.6.4.11" STYLEREFS="Style_3" VPOS="1447" WIDTH="40" WC="1.00" CC="00" TAGREFS=""/>
            <SP HPOS="887" ID="SP_559.6.4.12" VPOS="1447" WIDTH="11"/>
            <String CONTENT="the" HEIGHT="34" HPOS="898" ID="ST_559.6.4.13" STYLEREFS="Style_3" VPOS="1447" WIDTH="59" WC="0.90" CC="000" TAGREFS=""/>
            <SP HPOS="957" ID="SP_559.6.4.14" VPOS="1447" WIDTH="14"/>
            <String CONTENT="foregoing" HEIGHT="44" HPOS="971" ID="ST_559.6.4.15" STYLEREFS="Style_3" VPOS="1447" WIDTH="180" WC="1.00" CC="000000000" TAGREFS=""/>
            <SP HPOS="1151" ID="SP_559.6.4.16" VPOS="1447" WIDTH="15"/>
            <String CONTENT="withdrawn" HEIGHT="35" HPOS="1166" ID="ST_559.6.4.17" STYLEREFS="Style_3" VPOS="1447" WIDTH="202" WC="0.96" CC="000000000" TAGREFS=""/>
          </TextLine>
          <TextLine HEIGHT="46" HPOS="280" ID="TL_559.6.5" VPOS="1495" WIDTH="1088">
            <String CONTENT="pleas" HEIGHT="43" HPOS="280" ID="ST_559.6.5.1" STYLEREFS="Style_3" VPOS="1496" WIDTH="94" WC="0.87" CC="00000" TAGREFS=""/>
            <SP HPOS="374" ID="SP_559.6.5.2" VPOS="1506" WIDTH="18"/>
            <String CONTENT="or" HEIGHT="24" HPOS="392" ID="ST_559.6.5.3" STYLEREFS="Style_3" VPOS="1506" WIDTH="38" WC="1.00" CC="00" TAGREFS=""/>
            <SP HPOS="430" ID="SP_559.6.5.4" VPOS="1495" WIDTH="17"/>
            <String CONTENT="offers," HEIGHT="43" HPOS="447" ID="ST_559.6.5.5" STYLEREFS="Style_3" VPOS="1495" WIDTH="116" WC="0.77" CC="0000000" TAGREFS=""/>
            <SP HPOS="563" ID="SP_559.6.5.6" VPOS="1496" WIDTH="18"/>
            <String CONTENT="is" HEIGHT="35" HPOS="581" ID="ST_559.6.5.7" STYLEREFS="Style_3" VPOS="1496" WIDTH="28" WC="0.93" CC="00" TAGREFS=""/>
            <SP HPOS="609" ID="SP_559.6.5.8" VPOS="1502" WIDTH="19"/>
            <String CONTENT="not" HEIGHT="29" HPOS="628" ID="ST_559.6.5.9" STYLEREFS="Style_3" VPOS="1502" WIDTH="60" WC="0.94" CC="000" TAGREFS=""/>
            <SP HPOS="688" ID="SP_559.6.5.10" VPOS="1496" WIDTH="18"/>
            <String CONTENT="admissible" HEIGHT="36" HPOS="706" ID="ST_559.6.5.11" STYLEREFS="Style_3" VPOS="1496" WIDTH="199" WC="0.88" CC="0000000000" TAGREFS=""/>
            <SP HPOS="905" ID="SP_559.6.5.12" VPOS="1497" WIDTH="17"/>
            <String CONTENT="in" HEIGHT="34" HPOS="922" ID="ST_559.6.5.13" STYLEREFS="Style_3" VPOS="1497" WIDTH="35" WC="0.86" CC="00" TAGREFS=""/>
            <SP HPOS="957" ID="SP_559.6.5.14" VPOS="1508" WIDTH="18"/>
            <String CONTENT="any" HEIGHT="33" HPOS="975" ID="ST_559.6.5.15" STYLEREFS="Style_3" VPOS="1508" WIDTH="69" WC="0.95" CC="000" TAGREFS=""/>
            <SP HPOS="1044" ID="SP_559.6.5.16" VPOS="1497" WIDTH="16"/>
            <String CONTENT="civil" HEIGHT="35" HPOS="1060" ID="ST_559.6.5.17" STYLEREFS="Style_3" VPOS="1497" WIDTH="78" WC="0.89" CC="00000" TAGREFS=""/>
            <SP HPOS="1138" ID="SP_559.6.5.18" VPOS="1508" WIDTH="18"/>
            <String CONTENT="or" HEIGHT="24" HPOS="1156" ID="ST_559.6.5.19" STYLEREFS="Style_3" VPOS="1508" WIDTH="38" WC="0.98" CC="00" TAGREFS=""/>
            <SP HPOS="1194" ID="SP_559.6.5.20" VPOS="1497" WIDTH="17"/>
            <String CONTENT="criminal" HEIGHT="35" HPOS="1211" ID="ST_559.6.5.21" STYLEREFS="Style_3" VPOS="1497" WIDTH="157" WC="0.89" CC="00000000" TAGREFS=""/>
          </TextLine>
          <TextLine HEIGHT="46" HPOS="280" ID="TL_559.6.6" VPOS="1546" WIDTH="1089">
            <String CONTENT="action," HEIGHT="41" HPOS="280" ID="ST_559.6.6.1" STYLEREFS="Style_3" VPOS="1546" WIDTH="125" WC="0.98" CC="0000000" TAGREFS=""/>
            <SP HPOS="405" ID="SP_559.6.6.2" VPOS="1556" WIDTH="18"/>
            <String CONTENT="case," HEIGHT="31" HPOS="423" ID="ST_559.6.6.3" STYLEREFS="Style_3" VPOS="1556" WIDTH="89" WC="1.00" CC="00000" TAGREFS=""/>
            <SP HPOS="512" ID="SP_559.6.6.4" VPOS="1557" WIDTH="17"/>
            <String CONTENT="or" HEIGHT="24" HPOS="529" ID="ST_559.6.6.5" STYLEREFS="Style_3" VPOS="1557" WIDTH="39" WC="1.00" CC="00" TAGREFS=""/>
            <SP HPOS="568" ID="SP_559.6.6.6" VPOS="1546" WIDTH="16"/>
            <String CONTENT="proceeding" HEIGHT="45" HPOS="584" ID="ST_559.6.6.7" STYLEREFS="Style_3" VPOS="1546" WIDTH="208" WC="0.98" CC="0000000000" TAGREFS=""/>
            <SP HPOS="792" ID="SP_559.6.6.8" VPOS="1547" WIDTH="16"/>
            <String CONTENT="against" HEIGHT="44" HPOS="808" ID="ST_559.6.6.9" STYLEREFS="Style_3" VPOS="1547" WIDTH="136" WC="1.00" CC="0000000" TAGREFS=""/>
            <SP HPOS="944" ID="SP_559.6.6.10" VPOS="1548" WIDTH="16"/>
            <String CONTENT="the" HEIGHT="34" HPOS="960" ID="ST_559.6.6.11" STYLEREFS="Style_3" VPOS="1548" WIDTH="60" WC="0.89" CC="000" TAGREFS=""/>
            <SP HPOS="1020" ID="SP_559.6.6.12" VPOS="1558" WIDTH="15"/>
            <String CONTENT="person" HEIGHT="34" HPOS="1035" ID="ST_559.6.6.13" STYLEREFS="Style_3" VPOS="1558" WIDTH="123" WC="0.86" CC="000000" TAGREFS=""/>
            <SP HPOS="1158" ID="SP_559.6.6.14" VPOS="1547" WIDTH="16"/>
            <String CONTENT="who" HEIGHT="36" HPOS="1174" ID="ST_559.6.6.15" STYLEREFS="Style_3" VPOS="1547" WIDTH="76" WC="0.86" CC="000" TAGREFS=""/>
            <SP HPOS="1250" ID="SP_559.6.6.16" VPOS="1547" WIDTH="16"/>
            <String CONTENT="made" HEIGHT="36" HPOS="1266" ID="ST_559.6.6.17" STYLEREFS="Style_3" VPOS="1547" WIDTH="103" WC="1.00" CC="0000" TAGREFS=""/>
          </TextLine>
          <TextLine HEIGHT="44" HPOS="280" ID="TL_559.6.7" VPOS="1596" WIDTH="331">
            <String CONTENT="the" HEIGHT="35" HPOS="280" ID="ST_559.6.7.1" STYLEREFS="Style_3" VPOS="1596" WIDTH="59" WC="0.91" CC="000" TAGREFS=""/>
            <SP HPOS="339" ID="SP_559.6.7.2" VPOS="1596" WIDTH="20"/>
            <String CONTENT="plea" HEIGHT="44" HPOS="359" ID="ST_559.6.7.3" STYLEREFS="Style_3" VPOS="1596" WIDTH="76" WC="0.96" CC="0000" TAGREFS=""/>
            <SP HPOS="435" ID="SP_559.6.7.4" VPOS="1607" WIDTH="21"/>
            <String CONTENT="or" HEIGHT="24" HPOS="456" ID="ST_559.6.7.5" STYLEREFS="Style_3" VPOS="1607" WIDTH="38" WC="0.78" CC="00" TAGREFS=""/>
            <SP HPOS="494" ID="SP_559.6.7.6" VPOS="1597" WIDTH="20"/>
            <String CONTENT="offer." HEIGHT="35" HPOS="514" ID="ST_559.6.7.7" STYLEREFS="Style_3" VPOS="1597" WIDTH="97" WC="0.69" CC="000000" TAGREFS=""/>
          </TextLine>
        </TextBlock>
        <TextBlock HEIGHT="531.0" HPOS="154.0" ID="BL_559.7" TAGREFS="b559-9" VPOS="1678.0" WIDTH="1216.0">
          <TextLine HEIGHT="47" HPOS="247" ID="TL_559.7.1" VPOS="1678" WIDTH="1121">
            <String CONTENT="The" HEIGHT="34" HPOS="339" ID="ST_559.7.1.3" STYLEREFS="Style_3" VPOS="1679" WIDTH="74" WC="0.94" CC="000" TAGREFS=""/>
            <SP HPOS="413" ID="SP_559.7.1.4" VPOS="1679" WIDTH="9"/>
            <String CONTENT="simple" HEIGHT="43" HPOS="422" ID="ST_559.7.1.5" STYLEREFS="Style_3" VPOS="1679" WIDTH="123" WC="0.89" CC="000000" TAGREFS=""/>
            <SP HPOS="545" ID="SP_559.7.1.6" VPOS="1689" WIDTH="8"/>
            <String CONTENT="answer" HEIGHT="25" HPOS="553" ID="ST_559.7.1.7" STYLEREFS="Style_3" VPOS="1689" WIDTH="133" WC="0.76" CC="000000" TAGREFS=""/>
            <SP HPOS="686" ID="SP_559.7.1.8" VPOS="1679" WIDTH="10"/>
            <String CONTENT="is" HEIGHT="34" HPOS="696" ID="ST_559.7.1.9" STYLEREFS="Style_3" VPOS="1679" WIDTH="28" WC="0.62" CC="00" TAGREFS=""/>
            <SP HPOS="724" ID="SP_559.7.1.10" VPOS="1679" WIDTH="8"/>
            <String CONTENT="that" HEIGHT="35" HPOS="732" ID="ST_559.7.1.11" STYLEREFS="Style_3" VPOS="1679" WIDTH="78" WC="0.98" CC="0000" TAGREFS=""/>
            <SP HPOS="810" ID="SP_559.7.1.12" VPOS="1690" WIDTH="7"/>
            <String CONTENT="an" HEIGHT="24" HPOS="817" ID="ST_559.7.1.13" STYLEREFS="Style_4" VPOS="1690" WIDTH="46" WC="1.00" CC="00" TAGREFS=""/>
            <SP HPOS="863" ID="SP_559.7.1.14" VPOS="1685" WIDTH="8"/>
            <String CONTENT="attempt" HEIGHT="39" HPOS="871" ID="ST_559.7.1.15" STYLEREFS="Style_4" VPOS="1685" WIDTH="150" WC="0.98" CC="0000000" TAGREFS=""/>
            <SP HPOS="1021" ID="SP_559.7.1.16" VPOS="1685" WIDTH="8"/>
            <String CONTENT="to" HEIGHT="29" HPOS="1029" ID="ST_559.7.1.17" STYLEREFS="Style_3" VPOS="1685" WIDTH="36" WC="0.93" CC="00" TAGREFS=""/>
            <SP HPOS="1065" ID="SP_559.7.1.18" VPOS="1680" WIDTH="8"/>
            <String CONTENT="withdraw" HEIGHT="35" HPOS="1073" ID="ST_559.7.1.19" STYLEREFS="Style_3" VPOS="1680" WIDTH="178" WC="0.66" CC="00000000" TAGREFS=""/>
            <SP HPOS="1251" ID="SP_559.7.1.20" VPOS="1692" WIDTH="10"/>
            <String CONTENT="a" HEIGHT="23" HPOS="1261" ID="ST_559.7.1.21" STYLEREFS="Style_3" VPOS="1692" WIDTH="21" WC="1.00" CC="0" TAGREFS=""/>
            <SP HPOS="1282" ID="SP_559.7.1.22" VPOS="1680" WIDTH="8"/>
            <String CONTENT="plea" HEIGHT="45" HPOS="1290" ID="ST_559.7.1.23" STYLEREFS="Style_3" VPOS="1680" WIDTH="78" WC="0.62" CC="0000" TAGREFS=""/>
          </TextLine>
          <TextLine HEIGHT="46" HPOS="155" ID="TL_559.7.2" VPOS="1727" WIDTH="1213">
            <String CONTENT="of" HEIGHT="35" HPOS="155" ID="ST_559.7.2.1" STYLEREFS="Style_3" VPOS="1727" WIDTH="40" WC="0.92" CC="00" TAGREFS=""/>
            <SP HPOS="195" ID="SP_559.7.2.2" VPOS="1728" WIDTH="10"/>
            <String CONTENT="guilty" HEIGHT="43" HPOS="205" ID="ST_559.7.2.3" STYLEREFS="Style_3" VPOS="1728" WIDTH="111" WC="0.94" CC="000000" TAGREFS=""/>
            <SP HPOS="316" ID="SP_559.7.2.4" VPOS="1728" WIDTH="14"/>
            <String CONTENT="does" HEIGHT="34" HPOS="330" ID="ST_559.7.2.5" STYLEREFS="Style_3" VPOS="1728" WIDTH="80" WC="1.00" CC="0000" TAGREFS=""/>
            <SP HPOS="410" ID="SP_559.7.2.6" VPOS="1734" WIDTH="15"/>
            <String CONTENT="not" HEIGHT="29" HPOS="425" ID="ST_559.7.2.7" STYLEREFS="Style_3" VPOS="1734" WIDTH="59" WC="0.95" CC="000" TAGREFS=""/>
            <SP HPOS="484" ID="SP_559.7.2.8" VPOS="1733" WIDTH="13"/>
            <String CONTENT="operate" HEIGHT="39" HPOS="497" ID="ST_559.7.2.9" STYLEREFS="Style_3" VPOS="1733" WIDTH="142" WC="1.00" CC="0000000" TAGREFS=""/>
            <SP HPOS="639" ID="SP_559.7.2.10" VPOS="1739" WIDTH="14"/>
            <String CONTENT="as" HEIGHT="24" HPOS="653" ID="ST_559.7.2.11" STYLEREFS="Style_3" VPOS="1739" WIDTH="38" WC="0.92" CC="00" TAGREFS=""/>
            <SP HPOS="691" ID="SP_559.7.2.12" VPOS="1739" WIDTH="14"/>
            <String CONTENT="a" HEIGHT="24" HPOS="705" ID="ST_559.7.2.13" STYLEREFS="Style_3" VPOS="1739" WIDTH="21" WC="1.00" CC="0" TAGREFS=""/>
            <SP HPOS="726" ID="SP_559.7.2.14" VPOS="1729" WIDTH="14"/>
            <String CONTENT="withdrawal," HEIGHT="41" HPOS="740" ID="ST_559.7.2.15" STYLEREFS="Style_3" VPOS="1729" WIDTH="225" WC="0.94" CC="00000000000" TAGREFS=""/>
            <SP HPOS="965" ID="SP_559.7.2.16" VPOS="1729" WIDTH="14"/>
            <String CONTENT="which" HEIGHT="35" HPOS="979" ID="ST_559.7.2.17" STYLEREFS="Style_3" VPOS="1729" WIDTH="113" WC="0.88" CC="00000" TAGREFS=""/>
            <SP HPOS="1092" ID="SP_559.7.2.18" VPOS="1730" WIDTH="14"/>
            <String CONTENT="only" HEIGHT="43" HPOS="1106" ID="ST_559.7.2.19" STYLEREFS="Style_3" VPOS="1730" WIDTH="79" WC="0.83" CC="0000" TAGREFS=""/>
            <SP HPOS="1185" ID="SP_559.7.2.20" VPOS="1730" WIDTH="14"/>
            <String CONTENT="the" HEIGHT="34" HPOS="1199" ID="ST_559.7.2.21" STYLEREFS="Style_3" VPOS="1730" WIDTH="58" WC="0.88" CC="000" TAGREFS=""/>
            <SP HPOS="1257" ID="SP_559.7.2.22" VPOS="1735" WIDTH="13"/>
            <String CONTENT="court" HEIGHT="30" HPOS="1270" ID="ST_559.7.2.23" STYLEREFS="Style_3" VPOS="1735" WIDTH="98" WC="0.88" CC="00000" TAGREFS=""/>
          </TextLine>
          <TextLine HEIGHT="46" HPOS="154" ID="TL_559.7.3" VPOS="1777" WIDTH="1213">
            <String CONTENT="can" HEIGHT="24" HPOS="154" ID="ST_559.7.3.1" STYLEREFS="Style_3" VPOS="1787" WIDTH="66" WC="0.83" CC="000" TAGREFS=""/>
            <SP HPOS="220" ID="SP_559.7.3.2" VPOS="1782" WIDTH="22"/>
            <String CONTENT="grant," HEIGHT="38" HPOS="242" ID="ST_559.7.3.3" STYLEREFS="Style_3" VPOS="1782" WIDTH="113" WC="0.93" CC="000000" TAGREFS=""/>
            <SP HPOS="355" ID="SP_559.7.3.4" VPOS="1777" WIDTH="21"/>
            <String CONTENT="and" HEIGHT="34" HPOS="376" ID="ST_559.7.3.5" STYLEREFS="Style_3" VPOS="1777" WIDTH="67" WC="0.74" CC="000" TAGREFS=""/>
            <SP HPOS="443" ID="SP_559.7.3.6" VPOS="1778" WIDTH="22"/>
            <String CONTENT="hence," HEIGHT="41" HPOS="465" ID="ST_559.7.3.7" STYLEREFS="Style_3" VPOS="1778" WIDTH="120" WC="0.80" CC="000000" TAGREFS=""/>
            <SP HPOS="585" ID="SP_559.7.3.8" VPOS="1778" WIDTH="21"/>
            <String CONTENT="the" HEIGHT="34" HPOS="606" ID="ST_559.7.3.9" STYLEREFS="Style_3" VPOS="1778" WIDTH="59" WC="0.98" CC="000" TAGREFS=""/>
            <SP HPOS="665" ID="SP_559.7.3.10" VPOS="1778" WIDTH="21"/>
            <String CONTENT="rule" HEIGHT="34" HPOS="686" ID="ST_559.7.3.11" STYLEREFS="Style_3" VPOS="1778" WIDTH="74" WC="0.88" CC="0000" TAGREFS=""/>
            <SP HPOS="760" ID="SP_559.7.3.12" VPOS="1777" WIDTH="19"/>
            <String CONTENT="does" HEIGHT="35" HPOS="779" ID="ST_559.7.3.13" STYLEREFS="Style_3" VPOS="1777" WIDTH="82" WC="1.00" CC="0000" TAGREFS=""/>
            <SP HPOS="861" ID="SP_559.7.3.14" VPOS="1784" WIDTH="20"/>
            <String CONTENT="not" HEIGHT="29" HPOS="881" ID="ST_559.7.3.15" STYLEREFS="Style_3" VPOS="1784" WIDTH="60" WC="0.74" CC="000" TAGREFS=""/>
            <SP HPOS="941" ID="SP_559.7.3.16" VPOS="1789" WIDTH="21"/>
            <String CONTENT="come" HEIGHT="24" HPOS="962" ID="ST_559.7.3.17" STYLEREFS="Style_3" VPOS="1789" WIDTH="99" WC="0.75" CC="0000" TAGREFS=""/>
            <SP HPOS="1061" ID="SP_559.7.3.18" VPOS="1780" WIDTH="20"/>
            <String CONTENT="into" HEIGHT="33" HPOS="1081" ID="ST_559.7.3.19" STYLEREFS="Style_3" VPOS="1780" WIDTH="72" WC="0.73" CC="0000" TAGREFS=""/>
            <SP HPOS="1153" ID="SP_559.7.3.20" VPOS="1779" WIDTH="20"/>
            <String CONTENT="play." HEIGHT="44" HPOS="1173" ID="ST_559.7.3.21" STYLEREFS="Style_3" VPOS="1779" WIDTH="91" WC="0.89" CC="00000" TAGREFS=""/>
            <SP HPOS="1264" ID="SP_559.7.3.22" VPOS="1779" WIDTH="20"/>
            <String CONTENT="This" HEIGHT="35" HPOS="1284" ID="ST_559.7.3.23" STYLEREFS="Style_3" VPOS="1779" WIDTH="83" WC="0.86" CC="0000" TAGREFS=""/>
          </TextLine>
          <TextLine HEIGHT="45" HPOS="155" ID="TL_559.7.4" VPOS="1826" WIDTH="1212">
            <String CONTENT="provision" HEIGHT="43" HPOS="155" ID="ST_559.7.4.1" STYLEREFS="Style_3" VPOS="1826" WIDTH="172" WC="0.95" CC="000000000" TAGREFS=""/>
            <SP HPOS="327" ID="SP_559.7.4.2" VPOS="1826" WIDTH="13"/>
            <String CONTENT="is" HEIGHT="34" HPOS="340" ID="ST_559.7.4.3" STYLEREFS="Style_3" VPOS="1826" WIDTH="27" WC="0.83" CC="00" TAGREFS=""/>
            <SP HPOS="367" ID="SP_559.7.4.4" VPOS="1826" WIDTH="13"/>
            <String CONTENT="intended" HEIGHT="34" HPOS="380" ID="ST_559.7.4.5" STYLEREFS="Style_3" VPOS="1826" WIDTH="162" WC="0.90" CC="00000000" TAGREFS=""/>
            <SP HPOS="542" ID="SP_559.7.4.6" VPOS="1832" WIDTH="13"/>
            <String CONTENT="to" HEIGHT="29" HPOS="555" ID="ST_559.7.4.7" STYLEREFS="Style_3" VPOS="1832" WIDTH="36" WC="1.00" CC="00" TAGREFS=""/>
            <SP HPOS="591" ID="SP_559.7.4.8" VPOS="1832" WIDTH="12"/>
            <String CONTENT="protect" HEIGHT="37" HPOS="603" ID="ST_559.7.4.9" STYLEREFS="Style_3" VPOS="1832" WIDTH="134" WC="1.00" CC="0000000" TAGREFS=""/>
            <SP HPOS="737" ID="SP_559.7.4.10" VPOS="1838" WIDTH="12"/>
            <String CONTENT="an" HEIGHT="23" HPOS="749" ID="ST_559.7.4.11" STYLEREFS="Style_3" VPOS="1838" WIDTH="44" WC="0.78" CC="00" TAGREFS=""/>
            <SP HPOS="793" ID="SP_559.7.4.12" VPOS="1827" WIDTH="13"/>
            <String CONTENT="accused" HEIGHT="34" HPOS="806" ID="ST_559.7.4.13" STYLEREFS="Style_3" VPOS="1827" WIDTH="147" WC="0.98" CC="0000000" TAGREFS=""/>
            <SP HPOS="953" ID="SP_559.7.4.14" VPOS="1828" WIDTH="13"/>
            <String CONTENT="who" HEIGHT="33" HPOS="966" ID="ST_559.7.4.15" STYLEREFS="Style_3" VPOS="1828" WIDTH="77" WC="0.79" CC="000" TAGREFS=""/>
            <SP HPOS="1043" ID="SP_559.7.4.16" VPOS="1828" WIDTH="11"/>
            <String CONTENT="has" HEIGHT="34" HPOS="1054" ID="ST_559.7.4.17" STYLEREFS="Style_3" VPOS="1828" WIDTH="63" WC="0.88" CC="000" TAGREFS=""/>
            <SP HPOS="1117" ID="SP_559.7.4.18" VPOS="1828" WIDTH="13"/>
            <String CONTENT="been" HEIGHT="34" HPOS="1130" ID="ST_559.7.4.19" STYLEREFS="Style_3" VPOS="1828" WIDTH="86" WC="0.87" CC="0000" TAGREFS=""/>
            <SP HPOS="1216" ID="SP_559.7.4.20" VPOS="1829" WIDTH="12"/>
            <String CONTENT="permit­" HEIGHT="42" HPOS="1228" ID="ST_559.7.4.21" STYLEREFS="Style_3" VPOS="1829" WIDTH="139" WC="1.0" CC="0000000" TAGREFS=""/>
          </TextLine>
          <TextLine HEIGHT="44" HPOS="154" ID="TL_559.7.5" VPOS="1874" WIDTH="1212">
            <String CONTENT="ted" HEIGHT="34" HPOS="154" ID="ST_559.7.5.1" STYLEREFS="Style_3" VPOS="1874" WIDTH="59" WC="1.00" CC="000" TAGREFS=""/>
            <SP HPOS="213" ID="SP_559.7.5.2" VPOS="1880" WIDTH="12"/>
            <String CONTENT="to" HEIGHT="28" HPOS="225" ID="ST_559.7.5.3" STYLEREFS="Style_3" VPOS="1880" WIDTH="36" WC="1.00" CC="00" TAGREFS=""/>
            <SP HPOS="261" ID="SP_559.7.5.4" VPOS="1875" WIDTH="11"/>
            <String CONTENT="withdraw" HEIGHT="34" HPOS="272" ID="ST_559.7.5.5" STYLEREFS="Style_3" VPOS="1875" WIDTH="178" WC="0.95" CC="00000000" TAGREFS=""/>
            <SP HPOS="450" ID="SP_559.7.5.6" VPOS="1887" WIDTH="13"/>
            <String CONTENT="a" HEIGHT="22" HPOS="463" ID="ST_559.7.5.7" STYLEREFS="Style_3" VPOS="1887" WIDTH="20" WC="1.00" CC="0" TAGREFS=""/>
            <SP HPOS="483" ID="SP_559.7.5.8" VPOS="1875" WIDTH="12"/>
            <String CONTENT="plea" HEIGHT="43" HPOS="495" ID="ST_559.7.5.9" STYLEREFS="Style_3" VPOS="1875" WIDTH="77" WC="1.00" CC="0000" TAGREFS=""/>
            <SP HPOS="572" ID="SP_559.7.5.10" VPOS="1875" WIDTH="13"/>
            <String CONTENT="of" HEIGHT="34" HPOS="585" ID="ST_559.7.5.11" STYLEREFS="Style_3" VPOS="1875" WIDTH="39" WC="1.00" CC="00" TAGREFS=""/>
            <SP HPOS="624" ID="SP_559.7.5.12" VPOS="1875" WIDTH="8"/>
            <String CONTENT="guilty" HEIGHT="43" HPOS="632" ID="ST_559.7.5.13" STYLEREFS="Style_3" VPOS="1875" WIDTH="110" WC="0.87" CC="000000" TAGREFS=""/>
            <SP HPOS="742" ID="SP_559.7.5.14" VPOS="1876" WIDTH="11"/>
            <String CONTENT="in" HEIGHT="34" HPOS="753" ID="ST_559.7.5.15" STYLEREFS="Style_3" VPOS="1876" WIDTH="35" WC="0.88" CC="00" TAGREFS=""/>
            <SP HPOS="788" ID="SP_559.7.5.16" VPOS="1876" WIDTH="12"/>
            <String CONTENT="accordance" HEIGHT="34" HPOS="800" ID="ST_559.7.5.17" STYLEREFS="Style_3" VPOS="1876" WIDTH="214" WC="0.98" CC="0000000000" TAGREFS=""/>
            <SP HPOS="1014" ID="SP_559.7.5.18" VPOS="1877" WIDTH="10"/>
            <String CONTENT="with" HEIGHT="34" HPOS="1024" ID="ST_559.7.5.19" STYLEREFS="Style_3" VPOS="1877" WIDTH="83" WC="0.81" CC="0000" TAGREFS=""/>
            <SP HPOS="1107" ID="SP_559.7.5.20" VPOS="1877" WIDTH="11"/>
            <String CONTENT="A.R.Cr.P." HEIGHT="34" HPOS="1118" ID="ST_559.7.5.21" STYLEREFS="Style_3" VPOS="1877" WIDTH="192" WC="0.93" CC="000000000" TAGREFS=""/>
            <SP HPOS="1310" ID="SP_559.7.5.22" VPOS="1878" WIDTH="13"/>
            <String CONTENT="25" HEIGHT="33" HPOS="1323" ID="ST_559.7.5.23" STYLEREFS="Style_3" VPOS="1878" WIDTH="43" WC="0.93" CC="00" TAGREFS=""/>
          </TextLine>
          <TextLine HEIGHT="46" HPOS="155" ID="TL_559.7.6" VPOS="1923" WIDTH="1214">
            <String CONTENT="from" HEIGHT="35" HPOS="155" ID="ST_559.7.6.1" STYLEREFS="Style_3" VPOS="1923" WIDTH="92" WC="0.91" CC="0000" TAGREFS=""/>
            <SP HPOS="247" ID="SP_559.7.6.2" VPOS="1924" WIDTH="20"/>
            <String CONTENT="having" HEIGHT="44" HPOS="267" ID="ST_559.7.6.3" STYLEREFS="Style_3" VPOS="1924" WIDTH="126" WC="0.89" CC="000000" TAGREFS=""/>
            <SP HPOS="393" ID="SP_559.7.6.4" VPOS="1924" WIDTH="19"/>
            <String CONTENT="his" HEIGHT="35" HPOS="412" ID="ST_559.7.6.5" STYLEREFS="Style_3" VPOS="1924" WIDTH="52" WC="0.84" CC="000" TAGREFS=""/>
            <SP HPOS="464" ID="SP_559.7.6.6" VPOS="1924" WIDTH="19"/>
            <String CONTENT="guilty" HEIGHT="45" HPOS="483" ID="ST_559.7.6.7" STYLEREFS="Style_3" VPOS="1924" WIDTH="111" WC="1.00" CC="000000" TAGREFS=""/>
            <SP HPOS="594" ID="SP_559.7.6.8" VPOS="1925" WIDTH="19"/>
            <String CONTENT="plea" HEIGHT="44" HPOS="613" ID="ST_559.7.6.9" STYLEREFS="Style_3" VPOS="1925" WIDTH="77" WC="0.96" CC="0000" TAGREFS=""/>
            <SP HPOS="690" ID="SP_559.7.6.10" VPOS="1924" WIDTH="20"/>
            <String CONTENT="used" HEIGHT="36" HPOS="710" ID="ST_559.7.6.11" STYLEREFS="Style_3" VPOS="1924" WIDTH="84" WC="0.81" CC="0000" TAGREFS=""/>
            <SP HPOS="794" ID="SP_559.7.6.12" VPOS="1926" WIDTH="20"/>
            <String CONTENT="against" HEIGHT="42" HPOS="814" ID="ST_559.7.6.13" STYLEREFS="Style_3" VPOS="1926" WIDTH="135" WC="0.89" CC="0000000" TAGREFS=""/>
            <SP HPOS="949" ID="SP_559.7.6.14" VPOS="1925" WIDTH="19"/>
            <String CONTENT="him" HEIGHT="35" HPOS="968" ID="ST_559.7.6.15" STYLEREFS="Style_3" VPOS="1925" WIDTH="74" WC="0.92" CC="000" TAGREFS=""/>
            <SP HPOS="1042" ID="SP_559.7.6.16" VPOS="1937" WIDTH="19"/>
            <String CONTENT="as" HEIGHT="24" HPOS="1061" ID="ST_559.7.6.17" STYLEREFS="Style_3" VPOS="1937" WIDTH="37" WC="1.00" CC="00" TAGREFS=""/>
            <SP HPOS="1098" ID="SP_559.7.6.18" VPOS="1937" WIDTH="20"/>
            <String CONTENT="an" HEIGHT="24" HPOS="1118" ID="ST_559.7.6.19" STYLEREFS="Style_3" VPOS="1937" WIDTH="44" WC="0.72" CC="00" TAGREFS=""/>
            <SP HPOS="1162" ID="SP_559.7.6.20" VPOS="1925" WIDTH="20"/>
            <String CONTENT="admission" HEIGHT="36" HPOS="1182" ID="ST_559.7.6.21" STYLEREFS="Style_3" VPOS="1925" WIDTH="187" WC="0.90" CC="000000000" TAGREFS=""/>
          </TextLine>
          <TextLine HEIGHT="46" HPOS="155" ID="TL_559.7.7" VPOS="1974" WIDTH="1213">
            <String CONTENT="against" HEIGHT="43" HPOS="155" ID="ST_559.7.7.1" STYLEREFS="Style_3" VPOS="1974" WIDTH="138" WC="0.97" CC="0000000" TAGREFS=""/>
            <SP HPOS="293" ID="SP_559.7.7.2" VPOS="1974" WIDTH="12"/>
            <String CONTENT="interest" HEIGHT="36" HPOS="305" ID="ST_559.7.7.3" STYLEREFS="Style_3" VPOS="1974" WIDTH="141" WC="0.88" CC="00000000" TAGREFS=""/>
            <SP HPOS="446" ID="SP_559.7.7.4" VPOS="1975" WIDTH="11"/>
            <String CONTENT="when" HEIGHT="35" HPOS="457" ID="ST_559.7.7.5" STYLEREFS="Style_3" VPOS="1975" WIDTH="99" WC="0.83" CC="0000" TAGREFS=""/>
            <SP HPOS="556" ID="SP_559.7.7.6" VPOS="1975" WIDTH="13"/>
            <String CONTENT="he" HEIGHT="35" HPOS="569" ID="ST_559.7.7.7" STYLEREFS="Style_3" VPOS="1975" WIDTH="44" WC="0.91" CC="00" TAGREFS=""/>
            <SP HPOS="613" ID="SP_559.7.7.8" VPOS="1975" WIDTH="12"/>
            <String CONTENT="is" HEIGHT="35" HPOS="625" ID="ST_559.7.7.9" STYLEREFS="Style_3" VPOS="1975" WIDTH="27" WC="1.00" CC="00" TAGREFS=""/>
            <SP HPOS="652" ID="SP_559.7.7.10" VPOS="1975" WIDTH="13"/>
            <String CONTENT="tried" HEIGHT="35" HPOS="665" ID="ST_559.7.7.11" STYLEREFS="Style_3" VPOS="1975" WIDTH="88" WC="0.99" CC="00000" TAGREFS=""/>
            <SP HPOS="753" ID="SP_559.7.7.12" VPOS="1986" WIDTH="12"/>
            <String CONTENT="on" HEIGHT="24" HPOS="765" ID="ST_559.7.7.13" STYLEREFS="Style_3" VPOS="1986" WIDTH="44" WC="0.70" CC="00" TAGREFS=""/>
            <SP HPOS="809" ID="SP_559.7.7.14" VPOS="1976" WIDTH="12"/>
            <String CONTENT="those" HEIGHT="35" HPOS="821" ID="ST_559.7.7.15" STYLEREFS="Style_3" VPOS="1976" WIDTH="98" WC="0.96" CC="00000" TAGREFS=""/>
            <SP HPOS="919" ID="SP_559.7.7.16" VPOS="1987" WIDTH="12"/>
            <String CONTENT="same" HEIGHT="24" HPOS="931" ID="ST_559.7.7.17" STYLEREFS="Style_3" VPOS="1987" WIDTH="97" WC="0.97" CC="0000" TAGREFS=""/>
            <SP HPOS="1028" ID="SP_559.7.7.18" VPOS="1976" WIDTH="10"/>
            <String CONTENT="charges." HEIGHT="44" HPOS="1038" ID="ST_559.7.7.19" STYLEREFS="Style_3" VPOS="1976" WIDTH="155" WC="0.94" CC="00000000" TAGREFS=""/>
            <SP HPOS="1193" ID="SP_559.7.7.20" VPOS="1977" WIDTH="15"/>
            <String CONTENT="It" HEIGHT="34" HPOS="1208" ID="ST_559.7.7.21" STYLEREFS="Style_3" VPOS="1977" WIDTH="31" WC="1.00" CC="00" TAGREFS=""/>
            <SP HPOS="1239" ID="SP_559.7.7.22" VPOS="1976" WIDTH="11"/>
            <String CONTENT="has" HEIGHT="36" HPOS="1250" ID="ST_559.7.7.23" STYLEREFS="Style_3" VPOS="1976" WIDTH="62" WC="0.91" CC="000" TAGREFS=""/>
            <SP HPOS="1312" ID="SP_559.7.7.24" VPOS="1988" WIDTH="12"/>
            <String CONTENT="no" HEIGHT="24" HPOS="1324" ID="ST_559.7.7.25" STYLEREFS="Style_3" VPOS="1988" WIDTH="44" WC="1.00" CC="00" TAGREFS=""/>
          </TextLine>
          <TextLine HEIGHT="46" HPOS="155" ID="TL_559.7.8" VPOS="2024" WIDTH="1214">
            <String CONTENT="relevance" HEIGHT="35" HPOS="155" ID="ST_559.7.8.1" STYLEREFS="Style_3" VPOS="2024" WIDTH="181" WC="1.00" CC="000000000" TAGREFS=""/>
            <SP HPOS="336" ID="SP_559.7.8.2" VPOS="2030" WIDTH="21"/>
            <String CONTENT="to" HEIGHT="30" HPOS="357" ID="ST_559.7.8.3" STYLEREFS="Style_3" VPOS="2030" WIDTH="35" WC="0.83" CC="00" TAGREFS=""/>
            <SP HPOS="392" ID="SP_559.7.8.4" VPOS="2025" WIDTH="22"/>
            <String CONTENT="this" HEIGHT="35" HPOS="414" ID="ST_559.7.8.5" STYLEREFS="Style_3" VPOS="2025" WIDTH="67" WC="1.00" CC="0000" TAGREFS=""/>
            <SP HPOS="481" ID="SP_559.7.8.6" VPOS="2036" WIDTH="23"/>
            <String CONTENT="case." HEIGHT="24" HPOS="504" ID="ST_559.7.8.7" STYLEREFS="Style_3" VPOS="2036" WIDTH="89" WC="0.96" CC="00000" TAGREFS=""/>
            <SP HPOS="593" ID="SP_559.7.8.8" VPOS="2026" WIDTH="24"/>
            <String CONTENT="As" HEIGHT="34" HPOS="617" ID="ST_559.7.8.9" STYLEREFS="Style_3" VPOS="2026" WIDTH="51" WC="1.00" CC="00" TAGREFS=""/>
            <SP HPOS="668" ID="SP_559.7.8.10" VPOS="2026" WIDTH="22"/>
            <String CONTENT="appellants" HEIGHT="44" HPOS="690" ID="ST_559.7.8.11" STYLEREFS="Style_3" VPOS="2026" WIDTH="193" WC="0.94" CC="0000000000" TAGREFS=""/>
            <SP HPOS="883" ID="SP_559.7.8.12" VPOS="2026" WIDTH="22"/>
            <String CONTENT="tacitly" HEIGHT="44" HPOS="905" ID="ST_559.7.8.13" STYLEREFS="Style_3" VPOS="2026" WIDTH="122" WC="0.97" CC="0000000" TAGREFS=""/>
            <SP HPOS="1027" ID="SP_559.7.8.14" VPOS="2026" WIDTH="21"/>
            <String CONTENT="concede," HEIGHT="42" HPOS="1048" ID="ST_559.7.8.15" STYLEREFS="Style_3" VPOS="2026" WIDTH="161" WC="0.92" CC="00000000" TAGREFS=""/>
            <SP HPOS="1209" ID="SP_559.7.8.16" VPOS="2027" WIDTH="23"/>
            <String CONTENT="if" HEIGHT="34" HPOS="1232" ID="ST_559.7.8.17" STYLEREFS="Style_3" VPOS="2027" WIDTH="30" WC="0.93" CC="00" TAGREFS=""/>
            <SP HPOS="1262" ID="SP_559.7.8.18" VPOS="2027" WIDTH="18"/>
            <String CONTENT="their" HEIGHT="35" HPOS="1280" ID="ST_559.7.8.19" STYLEREFS="Style_3" VPOS="2027" WIDTH="89" WC="0.80" CC="00000" TAGREFS=""/>
          </TextLine>
          <TextLine HEIGHT="47" HPOS="155" ID="TL_559.7.9" VPOS="2074" WIDTH="1213">
            <String CONTENT="proposition" HEIGHT="44" HPOS="155" ID="ST_559.7.9.1" STYLEREFS="Style_3" VPOS="2074" WIDTH="212" WC="0.96" CC="00000000000" TAGREFS=""/>
            <SP HPOS="367" ID="SP_559.7.9.2" VPOS="2086" WIDTH="18"/>
            <String CONTENT="were" HEIGHT="24" HPOS="385" ID="ST_559.7.9.3" STYLEREFS="Style_3" VPOS="2086" WIDTH="89" WC="0.93" CC="0000" TAGREFS=""/>
            <SP HPOS="474" ID="SP_559.7.9.4" VPOS="2080" WIDTH="18"/>
            <String CONTENT="to" HEIGHT="30" HPOS="492" ID="ST_559.7.9.5" STYLEREFS="Style_3" VPOS="2080" WIDTH="36" WC="1.00" CC="00" TAGREFS=""/>
            <SP HPOS="528" ID="SP_559.7.9.6" VPOS="2076" WIDTH="19"/>
            <String CONTENT="prevail," HEIGHT="43" HPOS="547" ID="ST_559.7.9.7" STYLEREFS="Style_3" VPOS="2076" WIDTH="140" WC="0.97" CC="00000000" TAGREFS=""/>
            <SP HPOS="687" ID="SP_559.7.9.8" VPOS="2076" WIDTH="20"/>
            <String CONTENT="there" HEIGHT="34" HPOS="707" ID="ST_559.7.9.9" STYLEREFS="Style_3" VPOS="2076" WIDTH="98" WC="0.90" CC="00000" TAGREFS=""/>
            <SP HPOS="805" ID="SP_559.7.9.10" VPOS="2076" WIDTH="18"/>
            <String CONTENT="could" HEIGHT="35" HPOS="823" ID="ST_559.7.9.11" STYLEREFS="Style_3" VPOS="2076" WIDTH="101" WC="0.93" CC="00000" TAGREFS=""/>
            <SP HPOS="924" ID="SP_559.7.9.12" VPOS="2076" WIDTH="19"/>
            <String CONTENT="be" HEIGHT="35" HPOS="943" ID="ST_559.7.9.13" STYLEREFS="Style_3" VPOS="2076" WIDTH="43" WC="1.00" CC="00" TAGREFS=""/>
            <SP HPOS="986" ID="SP_559.7.9.14" VPOS="2087" WIDTH="19"/>
            <String CONTENT="no" HEIGHT="24" HPOS="1005" ID="ST_559.7.9.15" STYLEREFS="Style_3" VPOS="2087" WIDTH="44" WC="0.67" CC="00" TAGREFS=""/>
            <SP HPOS="1049" ID="SP_559.7.9.16" VPOS="2077" WIDTH="19"/>
            <String CONTENT="perjury" HEIGHT="44" HPOS="1068" ID="ST_559.7.9.17" STYLEREFS="Style_3" VPOS="2077" WIDTH="139" WC="0.95" CC="0000000" TAGREFS=""/>
            <SP HPOS="1207" ID="SP_559.7.9.18" VPOS="2077" WIDTH="17"/>
            <String CONTENT="charges" HEIGHT="43" HPOS="1224" ID="ST_559.7.9.19" STYLEREFS="Style_3" VPOS="2077" WIDTH="144" WC="0.91" CC="0000000" TAGREFS=""/>
          </TextLine>
          <TextLine HEIGHT="47" HPOS="155" ID="TL_559.7.10" VPOS="2123" WIDTH="1215">
            <String CONTENT="dependent" HEIGHT="44" HPOS="155" ID="ST_559.7.10.1" STYLEREFS="Style_3" VPOS="2123" WIDTH="197" WC="0.86" CC="000000000" TAGREFS=""/>
            <SP HPOS="352" ID="SP_559.7.10.2" VPOS="2135" WIDTH="10"/>
            <String CONTENT="on" HEIGHT="24" HPOS="362" ID="ST_559.7.10.3" STYLEREFS="Style_3" VPOS="2135" WIDTH="43" WC="1.00" CC="00" TAGREFS=""/>
            <SP HPOS="405" ID="SP_559.7.10.4" VPOS="2124" WIDTH="10"/>
            <String CONTENT="testimony" HEIGHT="45" HPOS="415" ID="ST_559.7.10.5" STYLEREFS="Style_3" VPOS="2124" WIDTH="187" WC="0.88" CC="000000000" TAGREFS=""/>
            <SP HPOS="602" ID="SP_559.7.10.6" VPOS="2130" WIDTH="9"/>
            <String CONTENT="at" HEIGHT="30" HPOS="611" ID="ST_559.7.10.7" STYLEREFS="Style_3" VPOS="2130" WIDTH="36" WC="1.00" CC="00" TAGREFS=""/>
            <SP HPOS="647" ID="SP_559.7.10.8" VPOS="2136" WIDTH="10"/>
            <String CONTENT="a" HEIGHT="24" HPOS="657" ID="ST_559.7.10.9" STYLEREFS="Style_3" VPOS="2136" WIDTH="21" WC="0.79" CC="0" TAGREFS=""/>
            <SP HPOS="678" ID="SP_559.7.10.10" VPOS="2126" WIDTH="10"/>
            <String CONTENT="guilty" HEIGHT="44" HPOS="688" ID="ST_559.7.10.11" STYLEREFS="Style_3" VPOS="2126" WIDTH="110" WC="0.97" CC="000000" TAGREFS=""/>
            <SP HPOS="798" ID="SP_559.7.10.12" VPOS="2126" WIDTH="10"/>
            <String CONTENT="plea" HEIGHT="43" HPOS="808" ID="ST_559.7.10.13" STYLEREFS="Style_3" VPOS="2126" WIDTH="77" WC="0.95" CC="0000" TAGREFS=""/>
            <SP HPOS="885" ID="SP_559.7.10.14" VPOS="2126" WIDTH="10"/>
            <String CONTENT="hearing." HEIGHT="43" HPOS="895" ID="ST_559.7.10.15" STYLEREFS="Style_3" VPOS="2126" WIDTH="154" WC="0.85" CC="00000000" TAGREFS=""/>
            <SP HPOS="1049" ID="SP_559.7.10.16" VPOS="2126" WIDTH="11"/>
            <String CONTENT="That" HEIGHT="35" HPOS="1060" ID="ST_559.7.10.17" STYLEREFS="Style_3" VPOS="2126" WIDTH="92" WC="0.84" CC="0000" TAGREFS=""/>
            <SP HPOS="1152" ID="SP_559.7.10.18" VPOS="2137" WIDTH="10"/>
            <String CONTENT="was" HEIGHT="24" HPOS="1162" ID="ST_559.7.10.19" STYLEREFS="Style_3" VPOS="2137" WIDTH="69" WC="1.00" CC="000" TAGREFS=""/>
            <SP HPOS="1231" ID="SP_559.7.10.20" VPOS="2132" WIDTH="11"/>
            <String CONTENT="not" HEIGHT="30" HPOS="1242" ID="ST_559.7.10.21" STYLEREFS="Style_3" VPOS="2132" WIDTH="59" WC="1.00" CC="000" TAGREFS=""/>
            <SP HPOS="1301" ID="SP_559.7.10.22" VPOS="2126" WIDTH="9"/>
            <String CONTENT="the" HEIGHT="35" HPOS="1310" ID="ST_559.7.10.23" STYLEREFS="Style_3" VPOS="2126" WIDTH="60" WC="0.98" CC="000" TAGREFS=""/>
          </TextLine>
          <TextLine HEIGHT="35" HPOS="155" ID="TL_559.7.11" VPOS="2174" WIDTH="377">
            <String CONTENT="intent" HEIGHT="34" HPOS="155" ID="ST_559.7.11.1" STYLEREFS="Style_3" VPOS="2174" WIDTH="112" WC="0.78" CC="000000" TAGREFS=""/>
            <SP HPOS="267" ID="SP_559.7.11.2" VPOS="2174" WIDTH="20"/>
            <String CONTENT="of" HEIGHT="34" HPOS="287" ID="ST_559.7.11.3" STYLEREFS="Style_3" VPOS="2174" WIDTH="40" WC="1.00" CC="00" TAGREFS=""/>
            <SP HPOS="327" ID="SP_559.7.11.4" VPOS="2174" WIDTH="16"/>
            <String CONTENT="Rule" HEIGHT="34" HPOS="343" ID="ST_559.7.11.5" STYLEREFS="Style_3" VPOS="2174" WIDTH="90" WC="1.00" CC="0000" TAGREFS=""/>
            <SP HPOS="433" ID="SP_559.7.11.6" VPOS="2175" WIDTH="20"/>
            <String CONTENT="410." HEIGHT="34" HPOS="453" ID="ST_559.7.11.7" STYLEREFS="Style_3" VPOS="2175" WIDTH="79" WC="0.73" CC="9990" TAGREFS=""/>
          </TextLine>
        </TextBlock>
        <TextBlock HEIGHT="34.0" HPOS="740.0" ID="BL_559.8" TAGREFS="b559-10" VPOS="2266.0" WIDTH="48.0">
          <TextLine HEIGHT="34" HPOS="740" ID="TL_559.8.1" VPOS="2266" WIDTH="48">
            <String CONTENT="IV" HEIGHT="34" HPOS="740" ID="ST_559.8.1.1" STYLEREFS="Style_3" VPOS="2266" WIDTH="48" WC="1.00" CC="00" TAGREFS=""/>
          </TextLine>
        </TextBlock>
        <TextBlock HEIGHT="95.0" HPOS="153.0" ID="BL_559.9" TAGREFS="b559-11" VPOS="2346.0" WIDTH="1219.0">
          <TextLine HEIGHT="45" HPOS="249" ID="TL_559.9.1" VPOS="2346" WIDTH="1122">
            <String CONTENT="Appellants" HEIGHT="44" HPOS="341" ID="ST_559.9.1.3" STYLEREFS="Style_3" VPOS="2347" WIDTH="205" WC="1.00" CC="0000000000" TAGREFS=""/>
            <SP HPOS="546" ID="SP_559.9.1.4" VPOS="2352" WIDTH="14"/>
            <String CONTENT="next" HEIGHT="30" HPOS="560" ID="ST_559.9.1.5" STYLEREFS="Style_3" VPOS="2352" WIDTH="81" WC="0.92" CC="0000" TAGREFS=""/>
            <SP HPOS="641" ID="SP_559.9.1.6" VPOS="2346" WIDTH="12"/>
            <String CONTENT="contend" HEIGHT="36" HPOS="653" ID="ST_559.9.1.7" STYLEREFS="Style_3" VPOS="2346" WIDTH="149" WC="0.93" CC="0000000" TAGREFS=""/>
            <SP HPOS="802" ID="SP_559.9.1.8" VPOS="2347" WIDTH="13"/>
            <String CONTENT="the" HEIGHT="35" HPOS="815" ID="ST_559.9.1.9" STYLEREFS="Style_3" VPOS="2347" WIDTH="59" WC="0.94" CC="000" TAGREFS=""/>
            <SP HPOS="874" ID="SP_559.9.1.10" VPOS="2348" WIDTH="11"/>
            <String CONTENT="trial" HEIGHT="34" HPOS="885" ID="ST_559.9.1.11" STYLEREFS="Style_3" VPOS="2348" WIDTH="80" WC="0.99" CC="00000" TAGREFS=""/>
            <SP HPOS="965" ID="SP_559.9.1.12" VPOS="2353" WIDTH="13"/>
            <String CONTENT="court" HEIGHT="30" HPOS="978" ID="ST_559.9.1.13" STYLEREFS="Style_3" VPOS="2353" WIDTH="99" WC="0.99" CC="00000" TAGREFS=""/>
            <SP HPOS="1077" ID="SP_559.9.1.14" VPOS="2348" WIDTH="12"/>
            <String CONTENT="erred" HEIGHT="35" HPOS="1089" ID="ST_559.9.1.15" STYLEREFS="Style_3" VPOS="2348" WIDTH="99" WC="0.92" CC="00000" TAGREFS=""/>
            <SP HPOS="1188" ID="SP_559.9.1.16" VPOS="2348" WIDTH="12"/>
            <String CONTENT="when" HEIGHT="35" HPOS="1200" ID="ST_559.9.1.17" STYLEREFS="Style_3" VPOS="2348" WIDTH="99" WC="0.79" CC="0000" TAGREFS=""/>
            <SP HPOS="1299" ID="SP_559.9.1.18" VPOS="2348" WIDTH="12"/>
            <String CONTENT="the" HEIGHT="35" HPOS="1311" ID="ST_559.9.1.19" STYLEREFS="Style_3" VPOS="2348" WIDTH="60" WC="1.00" CC="000" TAGREFS=""/>
          </TextLine>
          <TextLine HEIGHT="44" HPOS="153" ID="TL_559.9.2" VPOS="2397" WIDTH="1219">
            <String CONTENT="jury" HEIGHT="43" HPOS="153" ID="ST_559.9.2.1" STYLEREFS="Style_3" VPOS="2397" WIDTH="81" WC="0.59" CC="0000" TAGREFS=""/>
            <SP HPOS="234" ID="SP_559.9.2.2" VPOS="2401" WIDTH="12"/>
            <String CONTENT="sent" HEIGHT="30" HPOS="246" ID="ST_559.9.2.3" STYLEREFS="Style_3" VPOS="2401" WIDTH="76" WC="0.77" CC="0000" TAGREFS=""/>
            <SP HPOS="322" ID="SP_559.9.2.4" VPOS="2408" WIDTH="12"/>
            <String CONTENT="a" HEIGHT="23" HPOS="334" ID="ST_559.9.2.5" STYLEREFS="Style_3" VPOS="2408" WIDTH="21" WC="1.00" CC="0" TAGREFS=""/>
            <SP HPOS="355" ID="SP_559.9.2.6" VPOS="2402" WIDTH="11"/>
            <String CONTENT="note" HEIGHT="29" HPOS="366" ID="ST_559.9.2.7" STYLEREFS="Style_3" VPOS="2402" WIDTH="81" WC="0.61" CC="0000" TAGREFS=""/>
            <SP HPOS="447" ID="SP_559.9.2.8" VPOS="2397" WIDTH="12"/>
            <String CONTENT="from" HEIGHT="35" HPOS="459" ID="ST_559.9.2.9" STYLEREFS="Style_3" VPOS="2397" WIDTH="91" WC="0.56" CC="0000" TAGREFS=""/>
            <SP HPOS="550" ID="SP_559.9.2.10" VPOS="2398" WIDTH="11"/>
            <String CONTENT="the" HEIGHT="34" HPOS="561" ID="ST_559.9.2.11" STYLEREFS="Style_3" VPOS="2398" WIDTH="60" WC="0.63" CC="000" TAGREFS=""/>
            <SP HPOS="621" ID="SP_559.9.2.12" VPOS="2397" WIDTH="7"/>
            <String CONTENT="jury" HEIGHT="44" HPOS="628" ID="ST_559.9.2.13" STYLEREFS="Style_3" VPOS="2397" WIDTH="80" WC="0.60" CC="0000" TAGREFS=""/>
            <SP HPOS="708" ID="SP_559.9.2.14" VPOS="2408" WIDTH="12"/>
            <String CONTENT="room" HEIGHT="24" HPOS="720" ID="ST_559.9.2.15" STYLEREFS="Style_3" VPOS="2408" WIDTH="98" WC="0.53" CC="0000" TAGREFS=""/>
            <SP HPOS="818" ID="SP_559.9.2.16" VPOS="2397" WIDTH="11"/>
            <String CONTENT="asking," HEIGHT="44" HPOS="829" ID="ST_559.9.2.17" STYLEREFS="Style_3" VPOS="2397" WIDTH="133" WC="0.84" CC="0000000" TAGREFS=""/>
            <SP HPOS="962" ID="SP_559.9.2.18" VPOS="2397" WIDTH="13"/>
            <String CONTENT="“[D]uring" HEIGHT="44" HPOS="975" ID="ST_559.9.2.19" STYLEREFS="Style_3" VPOS="2397" WIDTH="195" WC="0.52" CC="990900000" TAGREFS=""/>
            <SP HPOS="1170" ID="SP_559.9.2.20" VPOS="2398" WIDTH="12"/>
            <String CONTENT="what" HEIGHT="35" HPOS="1182" ID="ST_559.9.2.21" STYLEREFS="Style_3" VPOS="2398" WIDTH="94" WC="0.83" CC="0000" TAGREFS=""/>
            <SP HPOS="1276" ID="SP_559.9.2.22" VPOS="2398" WIDTH="10"/>
            <String CONTENT="time" HEIGHT="35" HPOS="1286" ID="ST_559.9.2.23" STYLEREFS="Style_3" VPOS="2398" WIDTH="86" WC="0.74" CC="0000" TAGREFS=""/>
          </TextLine>
        </TextBlock>
      </PrintSpace>
    </Page>
  </Layout>
</alto>
