1671 2702
146 406 128 30 matter
297 402 52 34 for
368 402 78 44 jury
468 402 279 35 determination.
770 403 74 34 The
865 408 186 38 argument
1071 404 63 34 has
1156 403 112 41 merit,
1290 403 69 35 and

147 451 231 44 accordingly,
402 463 51 23 we
476 463 135 24 reverse
634 452 68 35 and
726 453 145 34 instruct
894 453 60 34 the
976 453 80 34 trial
1079 458 99 30 court
1201 459 35 29 to
1259 458 101 39 grant

142 501 186 43 judgment
349 501 33 35 in
403 501 97 36 favor
519 501 40 36 of
576 502 60 35 the
655 503 186 43 appellant.

1290 263 66 34 613

372 577 128 35 ARCP
520 578 91 35 Rule
632 579 44 34 36
697 578 156 44 provides
873 579 35 34 in
928 578 173 45 pertinent
1121 584 88 39 part:

275 653 52 43 (a)
345 655 155 43 Request
506 654 66 44 for
585 654 216 36 Admission.
816 656 34 33 A
865 660 101 39 party
980 666 82 33 may
1076 666 96 24 serve
1186 666 91 34 upon
1292 666 68 34 any

273 703 98 36 other
382 709 99 39 party
492 704 137 35 written
640 711 138 37 request
789 704 53 35 for
853 706 58 34 the
922 705 199 42 admission,
1133 705 54 35 for
1198 717 162 33 purposes

272 754 40 34 of
318 754 59 34 the
386 754 149 43 pending
545 755 127 40 action,
681 754 40 35 of
727 755 60 34 the
794 756 96 34 truth
899 755 39 34 of
944 766 68 33 any
1021 761 145 29 matters
1174 755 120 35 within
1302 756 60 34 the

273 814 102 32 scope
389 804 39 34 of
440 804 90 34 Rule
545 804 103 43 26(b)
666 809 51 29 set
732 804 92 35 forth
839 805 34 34 in
889 805 59 34 the
962 810 138 38 request
1114 805 77 35 that
1205 805 107 35 relate
1326 811 36 29 to

273 858 203 30 statements
496 864 38 24 or
554 854 157 43 opinions
732 854 39 34 of
788 853 82 42 fact,
893 881 111 8 ....

365 1004 95 34 Each
473 1009 128 30 matter
612 1005 40 34 of
660 1005 113 34 which
785 1015 44 24 an
841 1005 188 35 admission
1042 1005 28 34 is
1082 1005 181 44 requested
1275 1005 87 36 shall

274 1053 43 34 be
337 1053 193 44 separately
550 1058 52 29 set
622 1053 104 35 forth.
752 1052 70 35 The
842 1059 130 29 matter
990 1056 31 31 is
1040 1053 176 35 admitted
1234 1054 126 39 unless,

274 1101 121 35 within
407 1102 44 34 30
464 1101 87 44 days
564 1102 93 43 after
668 1105 129 32 service
809 1103 45 43 of
860 1103 57 35 the
929 1109 150 38 request,
1093 1114 41 24 or
1144 1103 121 35 within
1275 1103 86 35 such

274 1151 139 35 shorter
422 1162 41 24 or
473 1151 121 45 longer
604 1155 84 32 time
699 1163 40 24 as
750 1151 58 36 the
819 1159 99 28 court
929 1164 82 32 may
1022 1153 115 41 allow,
1148 1153 59 35 the
1218 1158 100 40 party
1328 1159 35 30 to

274 1201 114 35 whom
397 1202 59 34 the
464 1207 138 39 request
612 1202 27 34 is
649 1201 153 36 directed
811 1213 111 24 serves
932 1213 93 34 upon
1034 1203 59 35 the
1101 1208 101 40 party
1211 1209 151 38 request-

275 1251 58 43 ing
346 1251 59 34 the
417 1251 187 35 admission
617 1263 20 23 a
650 1252 136 35 written
799 1263 132 24 answer
943 1263 38 24 or
993 1253 173 43 objection
1178 1253 185 35 addressed

275 1306 36 29 to
330 1301 59 34 the
409 1306 137 37 matter,
570 1329 110 7 ....

277 1452 55 43 (b)
348 1453 113 35 Effect
476 1453 38 35 of
526 1453 212 36 Admission.
753 1456 81 42 Any
847 1460 128 30 matter
989 1455 171 35 admitted
1174 1455 108 35 under
1296 1456 68 35 this

275 1502 74 35 rule
362 1502 27 35 is
402 1503 230 44 conclusively
645 1504 209 35 established
867 1504 114 35 unless
994 1504 60 35 the
1066 1510 99 30 court
1177 1516 43 24 on
1233 1506 130 35 motion

275 1553 142 43 permits
437 1553 216 35 withdrawal
672 1564 39 23 or
731 1554 224 34 amendment
974 1553 40 36 of
1031 1554 60 34 the
1110 1554 197 35 admission.

152 1703 201 44 (Emphasis
374 1704 140 44 added.)

383 1781 128 34 ARCP
523 1781 91 34 Rule
626 1780 140 44 6(b)(2)
781 1782 156 43 provides
949 1782 145 44 broadly
1106 1782 53 35 for
1171 1783 194 34 extensions

151 1830 40 34 of
200 1830 86 35 time
298 1835 35 30 to
346 1830 146 44 respond
505 1831 34 34 in
553 1830 173 35 instances
738 1831 40 35 of
787 1831 184 36 excusable
983 1832 145 42 neglect.
1144 1832 31 34 It
1187 1832 130 44 applies
1330 1838 35 29 to

151 1885 156 38 requests
333 1879 53 34 for
411 1879 216 35 admissions.
653 1882 145 33 Barnett
822 1883 217 33 Restaurant
1063 1881 148 44 Supply,
1238 1883 68 33 Inc.
1332 1893 31 23 v.

156 1930 123 39 Vance,
292 1930 68 33 279
371 1930 84 33 Ark.
469 1930 160 41 222, 650
640 1930 144 34 S.W.2d
797 1931 65 33 568
877 1930 137 43 (1983).
1028 1931 193 34 Excusable
1231 1931 135 43 neglect

151 1988 71 24 was
233 1978 134 35 neither
378 1978 145 44 pleaded
535 1989 62 24 nor
608 1990 127 33 proven
747 1980 35 34 in
793 1980 67 34 this
871 1991 90 30 case,
973 1980 70 35 and
1054 1980 60 35 the
1124 1991 160 33 response
1295 1991 69 25 was

151 2033 61 29 not
226 2028 121 43 timely
360 2028 91 35 filed.
467 2029 40 34 In
522 2029 85 35 such
622 2040 97 24 cases
733 2041 51 23 we
798 2029 87 36 have
899 2030 224 45 consistently
1136 2030 80 35 held
1230 2030 77 36 that
1321 2041 45 25 an

151 2078 170 44 untimely
331 2089 161 33 response
501 2079 123 35 results
635 2080 35 34 in
680 2090 44 24 an
735 2080 198 35 admission.
945 2081 39 34 In
999 2080 168 36 Womack
1174 2092 30 23 v.
1215 2082 149 39 Horton,

152 2129 66 34 283
242 2129 85 34 Ark.
349 2129 79 40 227,
449 2129 68 34 674
537 2129 145 35 S.W.2d
703 2130 67 34 935
793 2129 138 43 (1984),
951 2141 53 24 we
1022 2130 193 44 explained:

367 2204 74 34 The
453 2204 112 43 policy
576 2204 40 34 of
624 2204 68 34 this
704 2210 99 29 court
815 2205 149 42 through
976 2206 59 33 the
1047 2216 98 32 years
1158 2205 62 35 has
1232 2206 86 33 been
1330 2211 35 29 to

276 2253 137 42 require
430 2254 216 42 compliance
662 2253 83 34 with
763 2253 60 35 the
839 2255 75 33 rule
931 2254 186 43 governing
1136 2265 176 33 responses
1331 2260 35 29 to

277 2307 154 37 requests
445 2301 54 35 for
513 2302 216 35 admissions.
744 2305 145 33 Barnett
901 2304 218 34 Restaurant
1131 2303 148 44 Supply,
1294 2305 69 33 Inc.

276 2363 30 23 v.
330 2353 122 39 Vance,
472 2353 67 34 279
560 2352 85 41 Ark,
665 2353 80 40 222,
764 2353 69 34 650
851 2353 144 34 S.W.2d
1015 2354 65 33 568
1102 2353 139 43 (1983),
1259 2353 107 44 citing

276 2401 152 35 Stocker
442 2412 30 24 v.
489 2401 100 42 Hall,
608 2403 68 34 269
694 2403 84 34 Ark.
797 2403 79 41 468,
895 2403 67 34 602
980 2403 143 35 S.W.2d
1141 2403 68 35 662
1228 2403 138 44 (1980);
