1632 2696
1259 275 63 33 147

257 414 288 35 STEVENSON
567 426 27 23 v.
618 415 100 34 Lillie
739 415 94 34 Belle
853 415 112 35 Wood
986 415 194 34 BARNES

112 491 132 33 85-184

1004 492 69 33 702
1093 491 143 35 S.W.2d
1257 492 66 33 787

441 566 171 44 Supreme
632 567 111 34 Court
763 566 38 35 of
818 567 179 34 Arkansas

366 616 151 44 Opinion
538 616 172 35 delivered
732 617 175 43 February
929 618 30 40 3,
985 617 88 34 1986

207 1593 123 33 James
349 1594 31 32 J.
405 1592 191 43 Calloway,
618 1592 53 34 for
692 1593 186 43 appellant.

207 1668 73 34 J.S.
302 1667 147 42 Brooks,
471 1667 53 35 for
545 1668 166 44 appellee.

208 1744 161 35 George
381 1745 99 34 Rose
492 1744 132 42 Smith,
637 1745 141 34 Justice.

792 1746 39 33 In
847 1746 88 34 1984
946 1745 59 35 the
1016 1746 155 44 appellee
1181 1746 149 43 brought

116 1794 68 34 this
197 1794 69 34 suit
278 1799 36 29 to
326 1795 118 34 cancel
456 1806 20 23 a
494 1796 87 33 1976
595 1795 45 34 oil
653 1795 69 35 and
734 1806 61 32 gas
808 1796 91 34 lease
911 1806 44 24 on
968 1796 59 34 the
1038 1796 134 43 ground
1184 1796 76 35 that
1271 1797 59 34 the

116 1844 178 42 appellant
311 1844 199 40 Stevenson,
527 1845 60 33 the
603 1845 108 34 lessee
727 1845 45 43 by
788 1845 223 42 assignment,
1029 1846 62 34 has
1106 1846 150 34 violated
1271 1846 60 34 the

117 1892 142 43 implied
269 1898 168 29 covenant
446 1898 35 29 to
491 1893 143 44 develop
643 1894 60 34 the
712 1894 174 34 leasehold
895 1894 54 34 for
958 1895 60 33 the
1026 1895 205 43 production
1240 1895 39 34 of
1285 1895 45 34 oil

117 1942 69 34 and
213 1952 72 33 gas.
313 1942 189 35 Stevenson
529 1948 127 29 asserts
683 1943 76 35 that
786 1944 43 34 he
855 1944 62 34 has
944 1944 101 34 acted
1072 1955 38 23 as
1137 1955 20 23 a
1184 1944 147 44 prudent

117 1997 171 38 operator.
300 1992 75 34 The
386 1992 81 35 land
478 1993 145 34 covered
635 1993 45 44 by
691 1993 60 35 the
762 1993 92 35 lease
864 1993 145 35 consists
1020 1993 40 35 of
1068 1994 97 34 three
1176 1994 154 43 contigu-

116 2052 62 24 ous
200 2043 143 33 40-acre
363 2048 106 29 tracts
490 2043 93 43 lying
605 2043 34 34 in
660 2054 20 24 a
701 2044 220 34 north-south
942 2044 78 34 line.
1042 2044 74 35 The
1136 2044 195 35 chancellor

117 2092 164 35 canceled
294 2092 59 35 the
366 2093 91 34 lease
469 2104 38 24 as
520 2098 36 30 to
569 2093 45 35 all
628 2093 204 35 formations
846 2094 108 34 below
967 2094 59 35 the
1038 2094 185 35 Nacatoch
1236 2094 95 35 Sand

117 2142 69 34 and
198 2142 73 35 also
282 2154 37 23 as
331 2148 35 29 to
377 2143 45 34 all
434 2143 205 34 formations
650 2143 100 35 down
761 2149 36 29 to
808 2144 59 34 the
876 2144 185 34 Nacatoch
1073 2144 96 34 Sand
1180 2144 82 35 with
1273 2145 59 34 the

117 2192 181 43 exception
318 2192 40 34 of
374 2192 65 34 five
463 2194 139 32 10-acre
621 2198 107 29 tracts
749 2194 77 33 that
845 2204 89 23 were
954 2193 109 35 found
1083 2199 35 29 to
1138 2194 87 34 have
1245 2194 87 34 been

116 2241 209 43 sufficiently
340 2241 186 44 developed
543 2242 76 34 that
636 2242 54 34 far
706 2242 110 34 down.
834 2243 74 33 The
924 2243 176 43 appellant
1116 2254 123 31 argues
1255 2243 77 34 that

117 2301 90 23 none
221 2290 40 34 of
272 2290 59 34 the
346 2291 91 33 lease
452 2291 123 34 should
590 2291 87 34 have
692 2291 87 34 been
794 2291 173 35 canceled.
984 2292 75 34 Our
1070 2292 219 43 jurisdiction
1304 2292 28 34 is

117 2339 110 34 under
248 2340 91 34 Rule
359 2340 175 43 29(l)(n).

210 2416 65 34 We
286 2416 74 34 first
370 2416 159 34 examine
539 2416 93 35 what
643 2416 190 35 Stevenson
844 2417 62 34 has
917 2416 90 35 done
1017 2416 120 36 before
1146 2417 140 43 turning
1297 2422 36 30 to
