1648 2696
1303 293 18 33 5

294 438 277 44 “Malpractice”
582 438 28 33 is
620 436 138 35 defined
767 436 45 44 by
822 435 210 44 Regulation
1043 436 21 33 2
1074 434 39 35 of
1119 434 60 35 the
1187 434 136 34 Arkan­

108 500 56 24 sas
183 489 101 35 State
303 488 154 35 Medical
478 487 114 35 Board
610 492 37 29 to
665 486 139 35 include
822 486 91 43 “any
932 484 227 45 professional
1178 484 146 34 miscon­

108 539 95 41 duct,
218 538 251 35 unreasonable
482 538 79 34 lack
574 536 39 35 of
624 536 77 35 skill
715 547 39 23 or
766 535 132 44 fidelity
911 535 35 34 in
960 533 227 45 professional
1200 533 124 41 duties,

109 589 65 34 evil
196 588 163 44 practice,
379 598 38 24 or
438 587 115 43 illegal
573 597 38 24 or
632 586 161 34 immoral
813 584 150 35 conduct
983 584 35 35 in
1038 584 60 34 the
1118 583 152 45 practice
1290 582 39 35 of

110 638 172 35 medicine
302 637 69 35 and
391 636 176 44 surgery.”

201 715 76 34 The
292 714 176 44 appellant
483 724 125 33 argues
623 713 78 34 that
716 713 61 34 her
792 712 150 34 conduct
956 711 83 35 does
1055 716 60 29 not
1130 710 62 35 fall
1207 709 119 36 within

110 765 60 34 the
181 770 164 38 category
357 763 136 36 defined
505 763 35 35 in
552 763 60 35 the
624 762 204 44 regulation.
842 762 71 34 She
924 766 107 30 states
1043 761 77 34 that
1132 771 84 24 even
1228 760 30 35 if
1267 760 60 34 her

110 814 152 35 conduct
273 813 102 36 could
388 814 42 34 be
442 812 202 36 considered
657 813 68 34 “an
737 811 253 36 unreasonable
1001 811 79 35 lack
1091 810 39 35 of
1139 810 99 35 skill”
1251 810 77 35 that

111 865 69 35 this
202 863 179 36 definition
403 864 28 34 is
453 863 80 44 only
555 863 54 35 for
632 862 270 44 “malpractice”
925 861 69 35 and
1017 866 60 30 not
1099 860 53 35 for
1175 860 154 44 “grossly

111 914 199 44 negligent”
331 925 38 24 or
390 914 184 43 “ignorant
594 912 259 45 malpractice.”

344 991 180 43 Although
540 1000 51 25 we
607 990 88 34 have
710 995 60 29 not
785 989 193 44 previously
994 987 137 36 defined
1147 988 183 43 “ignorant

112 1041 249 45 malpractice”
383 1041 67 34 this
471 1045 99 30 court
590 1040 63 35 has
674 1039 202 35 considered
896 1039 60 34 the
975 1038 159 44 question
1155 1037 39 35 of
1212 1037 117 44 “gross

113 1091 224 44 negligence”
354 1091 34 34 in
403 1091 99 34 other
516 1095 168 30 contexts.
701 1090 66 34 We
781 1089 87 35 have
883 1088 114 35 stated
1012 1099 63 24 our
1090 1088 240 35 commitment

114 1142 59 35 “to
186 1142 60 35 the
258 1141 162 44 majority
433 1141 74 35 rule
519 1140 77 36 that
608 1140 123 35 willful
744 1139 68 35 and
825 1144 139 30 wanton
977 1138 217 35 misconduct
1206 1138 39 41 is,
1259 1148 37 24 as
1309 1148 21 24 a

114 1197 129 30 matter
254 1191 39 35 of
302 1192 75 40 law,
390 1191 121 43 higher
523 1191 35 34 in
570 1191 126 43 degree
706 1190 86 35 than
803 1200 95 33 gross
910 1189 236 44 negligence”,
1157 1189 53 34 St.
1223 1190 108 33 Louis

112 1241 94 36 S.W.
225 1243 65 41 Ry.
311 1242 60 34 Co.
389 1252 31 23 v.
440 1240 174 40 Clemons,
634 1247 76 33 etc.,
729 1241 68 33 242
814 1240 85 33 Ark.
918 1240 80 40 707,
1016 1239 67 34 415
1102 1238 143 34 S.W.2d
1263 1239 67 33 332

116 1291 139 43 (1967).
273 1291 75 34 The
363 1290 84 35 U.S.
465 1290 146 34 District
628 1290 122 40 Court,
768 1289 160 34 Western
945 1288 156 41 District,
1120 1289 81 33 Fort
1217 1287 114 35 Smith

115 1340 168 41 Division,
306 1340 62 34 has
389 1339 113 35 stated
523 1340 78 34 that
623 1339 155 43 “[g]ross
799 1339 202 42 negligence
1021 1338 28 34 is
1071 1338 59 34 the
1151 1337 125 35 failure
1296 1342 36 29 to

115 1391 143 34 observe
277 1401 84 24 even
380 1390 104 44 slight
503 1400 92 30 care;
614 1389 27 35 it
660 1389 28 35 is
707 1389 226 35 carelessness
953 1399 38 24 or
1010 1387 228 35 recklessness
1257 1392 36 30 to
1312 1397 20 25 a

115 1441 127 43 degree
250 1441 78 35 that
336 1440 110 35 shows
455 1445 93 30 utter
557 1439 226 36 indifference
791 1444 36 30 to
835 1439 60 35 the
903 1449 254 33 consequences
1166 1438 77 34 that
1252 1448 80 33 may

116 1490 142 42 result,”
274 1490 181 35 Robinson
468 1491 69 34 Ins.
557 1491 31 33 &
604 1489 93 35 Real
710 1490 124 34 Estate
847 1490 70 33 Inc.
932 1500 31 23 v.
978 1488 264 35 Southwestern
1256 1486 78 36 Bell

120 1541 70 35 Tel.
215 1542 74 40 Co.,
311 1541 66 34 366
399 1541 35 34 F.
455 1540 108 44 Supp.
586 1541 66 34 307
675 1538 138 44 (1973).
833 1539 75 34 The
927 1538 135 35 district
1081 1542 99 31 court
1199 1537 134 35 further

116 1590 184 45 explained
326 1590 76 35 that
427 1590 59 35 the
511 1590 151 35 element
688 1589 39 35 of
749 1588 201 36 willfulness
976 1589 28 35 is
1030 1588 122 35 absent
1178 1586 35 37 in
1238 1598 95 33 gross

117 1642 212 43 negligence.
350 1640 51 36 Id.

210 1718 194 36 California
427 1718 62 35 has
512 1729 21 24 a
555 1718 133 35 similar
710 1717 149 35 medical
881 1717 167 43 licensing
1071 1721 130 30 statute
1222 1716 113 34 which

118 1768 156 35 includes
286 1769 118 43 “gross
417 1768 223 44 negligence”
653 1779 38 23 as
703 1779 21 23 a
736 1767 91 35 form
838 1767 40 35 of
886 1766 277 45 unprofessional
1174 1766 159 35 conduct.

118 1819 78 34 Cal.
212 1819 81 34 Bus.
312 1819 33 34 &
361 1818 91 34 Prof.
468 1818 99 34 Code
581 1818 18 42 §
616 1817 150 43 2234(b)
785 1817 168 43 (Deering
971 1816 117 43 1985).
1105 1816 230 44 Interpreting

118 1868 69 35 this
199 1873 142 36 statute,
355 1868 181 44 (formerly
550 1868 18 43 §
583 1867 108 43 2361)
704 1867 60 35 the
776 1866 194 36 California
983 1866 111 35 Court
1105 1866 39 34 of
1152 1866 137 44 Appeal
1301 1865 34 35 in

120 1919 93 35 Gore
223 1930 31 23 v.
266 1917 121 36 Board
395 1918 46 44 of
445 1917 161 36 Medical
617 1917 147 44 Quality
774 1919 136 39 Assur.,
927 1917 64 34 110
1004 1916 77 35 Cal.
1093 1917 92 43 App.
1200 1915 43 35 3d
1259 1916 76 40 184,

123 1969 64 34 167
206 1968 78 35 Cal.
303 1969 98 43 Rptr.
421 1969 63 34 881
507 1967 139 44 (1980),
664 1968 73 34 also
754 1967 136 35 defined
907 1977 96 33 gross
1020 1966 201 43 negligence
1237 1977 37 23 as
1292 1965 44 35 “a

119 2023 94 29 want
225 2018 40 34 of
275 2029 84 23 even
372 2018 104 43 slight
488 2028 92 30 care,
594 2018 63 33 but
670 2022 60 29 not
742 2017 208 42 necessarily
962 2016 173 42 involving
1147 2020 138 30 wanton
1298 2026 39 23 or

119 2067 122 34 willful
259 2067 227 40 misconduct;
503 2069 36 32 in
555 2066 102 35 other
672 2065 124 41 words,
814 2076 44 24 an
875 2071 154 29 extreme
1044 2065 186 43 departure
1246 2064 91 34 from

119 2117 60 33 the
191 2116 163 43 ordinary
367 2115 165 35 standard
545 2115 40 34 of
593 2115 116 34 care.”
723 2116 39 33 In
774 2115 132 42 finding
918 2115 60 33 the
989 2114 121 34 doctor
1122 2114 35 34 in
1169 2114 77 34 that
1257 2124 80 23 case

120 2165 205 35 committed
345 2175 95 33 gross
460 2165 212 43 negligence,
693 2164 60 35 the
772 2169 98 29 court
890 2163 91 35 held:

246 2242 217 35 Substantial
479 2241 163 36 evidence
658 2241 111 35 shows
785 2241 77 35 that
878 2241 44 34 he
937 2240 108 35 failed
1061 2245 36 30 to
1113 2239 150 36 exercise
1279 2239 59 35 the

246 2292 166 36 standard
429 2292 40 35 of
483 2303 81 24 care
580 2292 35 35 in
633 2291 185 45 diagnosis,
837 2291 209 44 monitoring
1064 2290 69 36 and
1151 2295 187 31 treatment

246 2343 78 35 that
332 2343 28 34 is
369 2343 166 44 basically
544 2342 70 35 and
623 2342 171 44 routinely
802 2342 124 43 taught
935 2347 36 29 to
980 2340 157 36 students
1146 2341 35 34 in
1190 2340 148 35 medical

247 2392 127 35 school.
390 2392 106 41 Thus,
512 2397 247 38 management
774 2391 39 35 of
825 2391 52 34 his
893 2391 133 44 patient
1041 2402 70 23 was
1126 2401 45 24 an
1186 2395 154 29 extreme

247 2442 186 44 departure
451 2441 91 35 from
561 2442 59 34 the
639 2441 166 34 standard
824 2440 39 35 of
879 2440 150 34 medical
1047 2450 91 30 care,
1157 2439 113 34 which
1289 2450 51 23 we
