<?xml version='1.0' encoding='utf-8'?>
<alto xmlns="http://www.loc.gov/standards/alto/ns-v3#">
  <!--Created by Innodata R.E.D. RLI tool: 2017-04-25 06:27:36.303030-->
  <Description>
    <MeasurementUnit>pixel</MeasurementUnit>
    <sourceImageInformation>
      <fileName>32044078577194_00281_0.tif</fileName>
    </sourceImageInformation>
    <OCRProcessing ID="OP_1">
      <ocrProcessingStep>
        <processingStepDescription>Alto coordinates refer to the deskewed TIFF file. 
		To convert point (x, y) to original image (TIFF or JP2) apply transformation matrix T=(m00, m01, m10, m11, b0, b1) using the rule:
			T * (x,y) = (m00 * x + m01 * y + b0), (m10 * x + m11 * y + b1)</processingStepDescription>
        <processingStepSettings>RED.transform=(0.9999680001706663, -0.007999914666939733, 0.007999914666939733, 0.9999680001706663, -0.2480000000000473, -13.591999999999903)</processingStepSettings>
      </ocrProcessingStep>
    </OCRProcessing>
  </Description>
  <Styles>
    <TextStyle FONTFAMILY="Times New Roman" FONTSIZE="10.50" FONTSTYLE="bold smallcaps" FONTTYPE="serif" FONTWIDTH="proportional" ID="Style_3"/>
    <TextStyle FONTFAMILY="Times New Roman" FONTSIZE="11.00" FONTTYPE="serif" FONTWIDTH="proportional" ID="Style_4"/>
    <TextStyle FONTFAMILY="Times New Roman" FONTSIZE="11.00" FONTSTYLE="italics" FONTTYPE="serif" FONTWIDTH="proportional" ID="Style_5"/>
  </Styles>
  <Tags>
    <StructureTag ID="A8hz" LABEL="pagelabel"/>
    <StructureTag ID="b561-6" LABEL="attorneys"/>
    <StructureTag ID="b561-7" LABEL="attorneys"/>
    <StructureTag ID="b561-8" LABEL="author"/>
    <StructureTag ID="A_6" LABEL="p"/>
    <StructureTag ID="b561-9" LABEL="p"/>
  </Tags>
  <Layout>
    <Page HEIGHT="2702" ID="PG_561" PHYSICAL_IMG_NR="561" WIDTH="1670">
      <PrintSpace HEIGHT="2702" HPOS="0" ID="PS_561" VPOS="0" WIDTH="1670">
        <TextBlock HEIGHT="33.0" HPOS="1286.0" ID="BL_561.3" TAGREFS="A8hz" VPOS="264.0" WIDTH="65.0">
          <TextLine HEIGHT="33" HPOS="1286" ID="TL_561.3.1" VPOS="264" WIDTH="65">
            <String CONTENT="523" HEIGHT="33" HPOS="1286" ID="ST_561.3.1.1" STYLEREFS="Style_3" VPOS="264" WIDTH="65" WC="0.99" CC="000" TAGREFS=""/>
          </TextLine>
        </TextBlock>
        <TextBlock HEIGHT="45.0" HPOS="233.0" ID="BL_561.8" TAGREFS="b561-6" VPOS="1021.0" WIDTH="1030.0">
          <TextLine HEIGHT="45" HPOS="233" ID="TL_561.8.1" VPOS="1021" WIDTH="1030">
            <String CONTENT="Darrell" HEIGHT="35" HPOS="233" ID="ST_561.8.1.1" STYLEREFS="Style_5" VPOS="1021" WIDTH="143" WC="1.00" CC="0000000" TAGREFS=""/>
            <SP HPOS="376" ID="SP_561.8.1.2" VPOS="1023" WIDTH="17"/>
            <String CONTENT="F." HEIGHT="33" HPOS="393" ID="ST_561.8.1.3" STYLEREFS="Style_5" VPOS="1023" WIDTH="36" WC="1.00" CC="00" TAGREFS=""/>
            <SP HPOS="429" ID="SP_561.8.1.4" VPOS="1023" WIDTH="22"/>
            <String CONTENT="Brown" HEIGHT="33" HPOS="451" ID="ST_561.8.1.5" STYLEREFS="Style_5" VPOS="1023" WIDTH="125" WC="0.92" CC="00000" TAGREFS=""/>
            <SP HPOS="576" ID="SP_561.8.1.6" VPOS="1023" WIDTH="22"/>
            <String CONTENT="&amp;" HEIGHT="33" HPOS="598" ID="ST_561.8.1.7" STYLEREFS="Style_5" VPOS="1023" WIDTH="31" WC="1.00" CC="0" TAGREFS=""/>
            <SP HPOS="629" ID="SP_561.8.1.8" VPOS="1022" WIDTH="22"/>
            <String CONTENT="Associates," HEIGHT="39" HPOS="651" ID="ST_561.8.1.9" STYLEREFS="Style_5" VPOS="1022" WIDTH="214" WC="0.88" CC="00000000000" TAGREFS=""/>
            <SP HPOS="865" ID="SP_561.8.1.10" VPOS="1023" WIDTH="21"/>
            <String CONTENT="P.A.," HEIGHT="40" HPOS="886" ID="ST_561.8.1.11" STYLEREFS="Style_5" VPOS="1023" WIDTH="95" WC="0.65" CC="00000" TAGREFS=""/>
            <SP HPOS="981" ID="SP_561.8.1.12" VPOS="1021" WIDTH="22"/>
            <String CONTENT="for" HEIGHT="35" HPOS="1003" ID="ST_561.8.1.13" STYLEREFS="Style_4" VPOS="1021" WIDTH="53" WC="0.99" CC="000" TAGREFS=""/>
            <SP HPOS="1056" ID="SP_561.8.1.14" VPOS="1022" WIDTH="20"/>
            <String CONTENT="appellant." HEIGHT="44" HPOS="1076" ID="ST_561.8.1.15" STYLEREFS="Style_4" VPOS="1022" WIDTH="187" WC="0.83" CC="0000000000" TAGREFS=""/>
          </TextLine>
        </TextBlock>
        <TextBlock HEIGHT="44.0" HPOS="234.0" ID="BL_561.9" TAGREFS="b561-7" VPOS="1101.0" WIDTH="847.0">
          <TextLine HEIGHT="44" HPOS="234" ID="TL_561.9.1" VPOS="1101" WIDTH="847">
            <String CONTENT="Laser," HEIGHT="38" HPOS="234" ID="ST_561.9.1.1" STYLEREFS="Style_5" VPOS="1102" WIDTH="116" WC="0.99" CC="000000" TAGREFS=""/>
            <SP HPOS="350" ID="SP_561.9.1.2" VPOS="1101" WIDTH="21"/>
            <String CONTENT="Sharp" HEIGHT="43" HPOS="371" ID="ST_561.9.1.3" STYLEREFS="Style_5" VPOS="1101" WIDTH="119" WC="1.00" CC="00000" TAGREFS=""/>
            <SP HPOS="490" ID="SP_561.9.1.4" VPOS="1103" WIDTH="23"/>
            <String CONTENT="&amp;" HEIGHT="33" HPOS="513" ID="ST_561.9.1.5" STYLEREFS="Style_5" VPOS="1103" WIDTH="30" WC="1.00" CC="0" TAGREFS=""/>
            <SP HPOS="543" ID="SP_561.9.1.6" VPOS="1102" WIDTH="23"/>
            <String CONTENT="Mayes," HEIGHT="42" HPOS="566" ID="ST_561.9.1.7" STYLEREFS="Style_5" VPOS="1102" WIDTH="138" WC="1.00" CC="000000" TAGREFS=""/>
            <SP HPOS="704" ID="SP_561.9.1.8" VPOS="1102" WIDTH="22"/>
            <String CONTENT="P.A.," HEIGHT="40" HPOS="726" ID="ST_561.9.1.9" STYLEREFS="Style_5" VPOS="1102" WIDTH="94" WC="0.86" CC="00000" TAGREFS=""/>
            <SP HPOS="820" ID="SP_561.9.1.10" VPOS="1101" WIDTH="21"/>
            <String CONTENT="for" HEIGHT="35" HPOS="841" ID="ST_561.9.1.11" STYLEREFS="Style_4" VPOS="1101" WIDTH="54" WC="1.00" CC="000" TAGREFS=""/>
            <SP HPOS="895" ID="SP_561.9.1.12" VPOS="1101" WIDTH="20"/>
            <String CONTENT="appellee." HEIGHT="44" HPOS="915" ID="ST_561.9.1.13" STYLEREFS="Style_4" VPOS="1101" WIDTH="166" WC="0.99" CC="000000000" TAGREFS=""/>
          </TextLine>
        </TextBlock>
        <TextBlock HEIGHT="42.0" HPOS="235.0" ID="BL_561.10" TAGREFS="b561-8" VPOS="1180.0" WIDTH="509.0">
          <TextLine HEIGHT="42" HPOS="235" ID="TL_561.10.1" VPOS="1180" WIDTH="509">
            <String CONTENT="David" HEIGHT="34" HPOS="235" ID="ST_561.10.1.1" STYLEREFS="Style_3" VPOS="1181" WIDTH="125" WC="0.81" CC="00000" TAGREFS=""/>
            <SP HPOS="360" ID="SP_561.10.1.2" VPOS="1181" WIDTH="17"/>
            <String CONTENT="Newbern," HEIGHT="41" HPOS="377" ID="ST_561.10.1.3" STYLEREFS="Style_3" VPOS="1181" WIDTH="208" WC="0.99" CC="00000000" TAGREFS=""/>
            <SP HPOS="585" ID="SP_561.10.1.4" VPOS="1180" WIDTH="18"/>
            <String CONTENT="Justice." HEIGHT="35" HPOS="603" ID="ST_561.10.1.5" STYLEREFS="Style_4" VPOS="1180" WIDTH="141" WC="1.00" CC="00000000" TAGREFS=""/>
          </TextLine>
        </TextBlock>
        <TextBlock HEIGHT="46.0" HPOS="762.0" ID="BL_561.11" TAGREFS="A_6" VPOS="1180.0" WIDTH="598.0">
          <TextLine HEIGHT="46" HPOS="762" ID="TL_561.11.1" VPOS="1180" WIDTH="598">
            <String CONTENT="The" HEIGHT="36" HPOS="762" ID="ST_561.11.1.1" STYLEREFS="Style_4" VPOS="1180" WIDTH="74" WC="0.89" CC="000" TAGREFS=""/>
            <SP HPOS="836" ID="SP_561.11.1.2" VPOS="1181" WIDTH="16"/>
            <String CONTENT="appellant" HEIGHT="45" HPOS="852" ID="ST_561.11.1.3" STYLEREFS="Style_4" VPOS="1181" WIDTH="177" WC="0.99" CC="000000000" TAGREFS=""/>
            <SP HPOS="1029" ID="SP_561.11.1.4" VPOS="1192" WIDTH="16"/>
            <String CONTENT="was" HEIGHT="24" HPOS="1045" ID="ST_561.11.1.5" STYLEREFS="Style_4" VPOS="1192" WIDTH="70" WC="1.00" CC="000" TAGREFS=""/>
            <SP HPOS="1115" ID="SP_561.11.1.6" VPOS="1181" WIDTH="17"/>
            <String CONTENT="the" HEIGHT="35" HPOS="1132" ID="ST_561.11.1.7" STYLEREFS="Style_4" VPOS="1181" WIDTH="59" WC="0.91" CC="000" TAGREFS=""/>
            <SP HPOS="1191" ID="SP_561.11.1.8" VPOS="1181" WIDTH="15"/>
            <String CONTENT="plaintiff" HEIGHT="44" HPOS="1206" ID="ST_561.11.1.9" STYLEREFS="Style_4" VPOS="1181" WIDTH="154" WC="0.96" CC="000000000" TAGREFS=""/>
          </TextLine>
        </TextBlock>
        <TextBlock HEIGHT="343.0" HPOS="138.0" ID="BL_561.12" TAGREFS="A_6" VPOS="1230.0" WIDTH="1219.0">
          <TextLine HEIGHT="46" HPOS="142" ID="TL_561.12.1" VPOS="1230" WIDTH="1214">
            <String CONTENT="below." HEIGHT="35" HPOS="142" ID="ST_561.12.1.1" STYLEREFS="Style_4" VPOS="1230" WIDTH="120" WC="0.94" CC="000000" TAGREFS=""/>
            <SP HPOS="262" ID="SP_561.12.1.2" VPOS="1230" WIDTH="11"/>
            <String CONTENT="She" HEIGHT="35" HPOS="273" ID="ST_561.12.1.3" STYLEREFS="Style_4" VPOS="1230" WIDTH="71" WC="0.89" CC="000" TAGREFS=""/>
            <SP HPOS="344" ID="SP_561.12.1.4" VPOS="1241" WIDTH="8"/>
            <String CONTENT="was" HEIGHT="24" HPOS="352" ID="ST_561.12.1.5" STYLEREFS="Style_4" VPOS="1241" WIDTH="69" WC="1.00" CC="000" TAGREFS=""/>
            <SP HPOS="421" ID="SP_561.12.1.6" VPOS="1230" WIDTH="9"/>
            <String CONTENT="injured" HEIGHT="43" HPOS="430" ID="ST_561.12.1.7" STYLEREFS="Style_4" VPOS="1230" WIDTH="136" WC="0.94" CC="0000000" TAGREFS=""/>
            <SP HPOS="566" ID="SP_561.12.1.8" VPOS="1230" WIDTH="9"/>
            <String CONTENT="in" HEIGHT="35" HPOS="575" ID="ST_561.12.1.9" STYLEREFS="Style_4" VPOS="1230" WIDTH="34" WC="1.00" CC="00" TAGREFS=""/>
            <SP HPOS="609" ID="SP_561.12.1.10" VPOS="1241" WIDTH="10"/>
            <String CONTENT="an" HEIGHT="24" HPOS="619" ID="ST_561.12.1.11" STYLEREFS="Style_4" VPOS="1241" WIDTH="45" WC="0.64" CC="00" TAGREFS=""/>
            <SP HPOS="664" ID="SP_561.12.1.12" VPOS="1231" WIDTH="9"/>
            <String CONTENT="accident" HEIGHT="35" HPOS="673" ID="ST_561.12.1.13" STYLEREFS="Style_4" VPOS="1231" WIDTH="159" WC="0.86" CC="00000000" TAGREFS=""/>
            <SP HPOS="832" ID="SP_561.12.1.14" VPOS="1231" WIDTH="8"/>
            <String CONTENT="while" HEIGHT="35" HPOS="840" ID="ST_561.12.1.15" STYLEREFS="Style_4" VPOS="1231" WIDTH="101" WC="0.98" CC="00000" TAGREFS=""/>
            <SP HPOS="941" ID="SP_561.12.1.16" VPOS="1232" WIDTH="9"/>
            <String CONTENT="she" HEIGHT="34" HPOS="950" ID="ST_561.12.1.17" STYLEREFS="Style_4" VPOS="1232" WIDTH="61" WC="0.97" CC="000" TAGREFS=""/>
            <SP HPOS="1011" ID="SP_561.12.1.18" VPOS="1242" WIDTH="8"/>
            <String CONTENT="was" HEIGHT="24" HPOS="1019" ID="ST_561.12.1.19" STYLEREFS="Style_4" VPOS="1242" WIDTH="70" WC="0.97" CC="000" TAGREFS=""/>
            <SP HPOS="1089" ID="SP_561.12.1.20" VPOS="1243" WIDTH="10"/>
            <String CONTENT="a" HEIGHT="23" HPOS="1099" ID="ST_561.12.1.21" STYLEREFS="Style_4" VPOS="1243" WIDTH="20" WC="1.00" CC="0" TAGREFS=""/>
            <SP HPOS="1119" ID="SP_561.12.1.22" VPOS="1242" WIDTH="9"/>
            <String CONTENT="passenger" HEIGHT="34" HPOS="1128" ID="ST_561.12.1.23" STYLEREFS="Style_4" VPOS="1242" WIDTH="184" WC="0.96" CC="000000000" TAGREFS=""/>
            <SP HPOS="1312" ID="SP_561.12.1.24" VPOS="1232" WIDTH="9"/>
            <String CONTENT="in" HEIGHT="34" HPOS="1321" ID="ST_561.12.1.25" STYLEREFS="Style_4" VPOS="1232" WIDTH="35" WC="1.00" CC="00" TAGREFS=""/>
          </TextLine>
          <TextLine HEIGHT="47" HPOS="142" ID="TL_561.12.2" VPOS="1279" WIDTH="1215">
            <String CONTENT="a" HEIGHT="23" HPOS="142" ID="ST_561.12.2.1" STYLEREFS="Style_4" VPOS="1291" WIDTH="21" WC="1.00" CC="0" TAGREFS=""/>
            <SP HPOS="163" ID="SP_561.12.2.2" VPOS="1279" WIDTH="13"/>
            <String CONTENT="bus" HEIGHT="35" HPOS="176" ID="ST_561.12.2.3" STYLEREFS="Style_4" VPOS="1279" WIDTH="65" WC="0.58" CC="000" TAGREFS=""/>
            <SP HPOS="241" ID="SP_561.12.2.4" VPOS="1280" WIDTH="13"/>
            <String CONTENT="operated" HEIGHT="44" HPOS="254" ID="ST_561.12.2.5" STYLEREFS="Style_4" VPOS="1280" WIDTH="164" WC="0.95" CC="00000000" TAGREFS=""/>
            <SP HPOS="418" ID="SP_561.12.2.6" VPOS="1280" WIDTH="12"/>
            <String CONTENT="by" HEIGHT="44" HPOS="430" ID="ST_561.12.2.7" STYLEREFS="Style_4" VPOS="1280" WIDTH="46" WC="0.66" CC="00" TAGREFS=""/>
            <SP HPOS="476" ID="SP_561.12.2.8" VPOS="1281" WIDTH="13"/>
            <String CONTENT="Mr." HEIGHT="34" HPOS="489" ID="ST_561.12.2.9" STYLEREFS="Style_4" VPOS="1281" WIDTH="71" WC="1.00" CC="000" TAGREFS=""/>
            <SP HPOS="560" ID="SP_561.12.2.10" VPOS="1280" WIDTH="15"/>
            <String CONTENT="Godley," HEIGHT="44" HPOS="575" ID="ST_561.12.2.11" STYLEREFS="Style_4" VPOS="1280" WIDTH="146" WC="0.92" CC="0000000" TAGREFS=""/>
            <SP HPOS="721" ID="SP_561.12.2.12" VPOS="1292" WIDTH="15"/>
            <String CONTENT="an" HEIGHT="23" HPOS="736" ID="ST_561.12.2.13" STYLEREFS="Style_4" VPOS="1292" WIDTH="44" WC="0.83" CC="00" TAGREFS=""/>
            <SP HPOS="780" ID="SP_561.12.2.14" VPOS="1282" WIDTH="13"/>
            <String CONTENT="employee" HEIGHT="43" HPOS="793" ID="ST_561.12.2.15" STYLEREFS="Style_4" VPOS="1282" WIDTH="178" WC="0.96" CC="00000000" TAGREFS=""/>
            <SP HPOS="971" ID="SP_561.12.2.16" VPOS="1281" WIDTH="12"/>
            <String CONTENT="of" HEIGHT="35" HPOS="983" ID="ST_561.12.2.17" STYLEREFS="Style_4" VPOS="1281" WIDTH="39" WC="1.00" CC="00" TAGREFS=""/>
            <SP HPOS="1022" ID="SP_561.12.2.18" VPOS="1281" WIDTH="10"/>
            <String CONTENT="the" HEIGHT="35" HPOS="1032" ID="ST_561.12.2.19" STYLEREFS="Style_4" VPOS="1281" WIDTH="60" WC="0.76" CC="000" TAGREFS=""/>
            <SP HPOS="1092" ID="SP_561.12.2.20" VPOS="1282" WIDTH="13"/>
            <String CONTENT="appellee." HEIGHT="44" HPOS="1105" ID="ST_561.12.2.21" STYLEREFS="Style_4" VPOS="1282" WIDTH="164" WC="0.90" CC="000000000" TAGREFS=""/>
            <SP HPOS="1269" ID="SP_561.12.2.22" VPOS="1282" WIDTH="13"/>
            <String CONTENT="The" HEIGHT="35" HPOS="1282" ID="ST_561.12.2.23" STYLEREFS="Style_4" VPOS="1282" WIDTH="75" WC="0.82" CC="000" TAGREFS=""/>
          </TextLine>
          <TextLine HEIGHT="45" HPOS="138" ID="TL_561.12.3" VPOS="1330" WIDTH="1219">
            <String CONTENT="jury" HEIGHT="43" HPOS="138" ID="ST_561.12.3.1" STYLEREFS="Style_4" VPOS="1330" WIDTH="82" WC="0.89" CC="0000" TAGREFS=""/>
            <SP HPOS="220" ID="SP_561.12.3.2" VPOS="1330" WIDTH="9"/>
            <String CONTENT="returned" HEIGHT="34" HPOS="229" ID="ST_561.12.3.3" STYLEREFS="Style_4" VPOS="1330" WIDTH="162" WC="0.87" CC="00000000" TAGREFS=""/>
            <SP HPOS="391" ID="SP_561.12.3.4" VPOS="1341" WIDTH="9"/>
            <String CONTENT="a" HEIGHT="24" HPOS="400" ID="ST_561.12.3.5" STYLEREFS="Style_4" VPOS="1341" WIDTH="20" WC="0.83" CC="0" TAGREFS=""/>
            <SP HPOS="420" ID="SP_561.12.3.6" VPOS="1330" WIDTH="9"/>
            <String CONTENT="verdict" HEIGHT="35" HPOS="429" ID="ST_561.12.3.7" STYLEREFS="Style_4" VPOS="1330" WIDTH="131" WC="1.00" CC="0000000" TAGREFS=""/>
            <SP HPOS="560" ID="SP_561.12.3.8" VPOS="1330" WIDTH="9"/>
            <String CONTENT="for" HEIGHT="35" HPOS="569" ID="ST_561.12.3.9" STYLEREFS="Style_4" VPOS="1330" WIDTH="54" WC="0.89" CC="000" TAGREFS=""/>
            <SP HPOS="623" ID="SP_561.12.3.10" VPOS="1331" WIDTH="9"/>
            <String CONTENT="the" HEIGHT="34" HPOS="632" ID="ST_561.12.3.11" STYLEREFS="Style_4" VPOS="1331" WIDTH="60" WC="0.99" CC="000" TAGREFS=""/>
            <SP HPOS="692" ID="SP_561.12.3.12" VPOS="1331" WIDTH="8"/>
            <String CONTENT="appellee." HEIGHT="43" HPOS="700" ID="ST_561.12.3.13" STYLEREFS="Style_4" VPOS="1331" WIDTH="164" WC="1.00" CC="000000000" TAGREFS=""/>
            <SP HPOS="864" ID="SP_561.12.3.14" VPOS="1331" WIDTH="11"/>
            <String CONTENT="The" HEIGHT="34" HPOS="875" ID="ST_561.12.3.15" STYLEREFS="Style_4" VPOS="1331" WIDTH="75" WC="0.96" CC="000" TAGREFS=""/>
            <SP HPOS="950" ID="SP_561.12.3.16" VPOS="1331" WIDTH="8"/>
            <String CONTENT="appellant’s" HEIGHT="44" HPOS="958" ID="ST_561.12.3.17" STYLEREFS="Style_4" VPOS="1331" WIDTH="205" WC="0.94" CC="00000000000" TAGREFS=""/>
            <SP HPOS="1163" ID="SP_561.12.3.18" VPOS="1332" WIDTH="10"/>
            <String CONTENT="only" HEIGHT="43" HPOS="1173" ID="ST_561.12.3.19" STYLEREFS="Style_4" VPOS="1332" WIDTH="79" WC="0.67" CC="0000" TAGREFS=""/>
            <SP HPOS="1252" ID="SP_561.12.3.20" VPOS="1332" WIDTH="9"/>
            <String CONTENT="point" HEIGHT="43" HPOS="1261" ID="ST_561.12.3.21" STYLEREFS="Style_4" VPOS="1332" WIDTH="96" WC="0.92" CC="00000" TAGREFS=""/>
          </TextLine>
          <TextLine HEIGHT="45" HPOS="141" ID="TL_561.12.4" VPOS="1379" WIDTH="1216">
            <String CONTENT="on" HEIGHT="24" HPOS="141" ID="ST_561.12.4.1" STYLEREFS="Style_4" VPOS="1390" WIDTH="45" WC="1.00" CC="00" TAGREFS=""/>
            <SP HPOS="186" ID="SP_561.12.4.2" VPOS="1379" WIDTH="12"/>
            <String CONTENT="appeal" HEIGHT="44" HPOS="198" ID="ST_561.12.4.3" STYLEREFS="Style_4" VPOS="1379" WIDTH="124" WC="0.94" CC="000000" TAGREFS=""/>
            <SP HPOS="322" ID="SP_561.12.4.4" VPOS="1379" WIDTH="12"/>
            <String CONTENT="is:" HEIGHT="35" HPOS="334" ID="ST_561.12.4.5" STYLEREFS="Style_4" VPOS="1379" WIDTH="38" WC="0.85" CC="000" TAGREFS=""/>
            <SP HPOS="372" ID="SP_561.12.4.6" VPOS="1380" WIDTH="13"/>
            <String CONTENT="“The" HEIGHT="34" HPOS="385" ID="ST_561.12.4.7" STYLEREFS="Style_4" VPOS="1380" WIDTH="97" WC="0.70" CC="9000" TAGREFS=""/>
            <SP HPOS="482" ID="SP_561.12.4.8" VPOS="1379" WIDTH="11"/>
            <String CONTENT="evidence" HEIGHT="35" HPOS="493" ID="ST_561.12.4.9" STYLEREFS="Style_4" VPOS="1379" WIDTH="163" WC="0.96" CC="00000000" TAGREFS=""/>
            <SP HPOS="656" ID="SP_561.12.4.10" VPOS="1391" WIDTH="10"/>
            <String CONTENT="was" HEIGHT="23" HPOS="666" ID="ST_561.12.4.11" STYLEREFS="Style_4" VPOS="1391" WIDTH="70" WC="1.00" CC="000" TAGREFS=""/>
            <SP HPOS="736" ID="SP_561.12.4.12" VPOS="1380" WIDTH="12"/>
            <String CONTENT="sufficient" HEIGHT="35" HPOS="748" ID="ST_561.12.4.13" STYLEREFS="Style_4" VPOS="1380" WIDTH="171" WC="0.85" CC="0000000000" TAGREFS=""/>
            <SP HPOS="919" ID="SP_561.12.4.14" VPOS="1385" WIDTH="10"/>
            <String CONTENT="to" HEIGHT="30" HPOS="929" ID="ST_561.12.4.15" STYLEREFS="Style_4" VPOS="1385" WIDTH="36" WC="0.79" CC="00" TAGREFS=""/>
            <SP HPOS="965" ID="SP_561.12.4.16" VPOS="1386" WIDTH="11"/>
            <String CONTENT="support" HEIGHT="38" HPOS="976" ID="ST_561.12.4.17" STYLEREFS="Style_4" VPOS="1386" WIDTH="144" WC="1.00" CC="0000000" TAGREFS=""/>
            <SP HPOS="1120" ID="SP_561.12.4.18" VPOS="1391" WIDTH="10"/>
            <String CONTENT="a" HEIGHT="24" HPOS="1130" ID="ST_561.12.4.19" STYLEREFS="Style_4" VPOS="1391" WIDTH="21" WC="1.00" CC="0" TAGREFS=""/>
            <SP HPOS="1151" ID="SP_561.12.4.20" VPOS="1381" WIDTH="10"/>
            <String CONTENT="verdict" HEIGHT="34" HPOS="1161" ID="ST_561.12.4.21" STYLEREFS="Style_4" VPOS="1381" WIDTH="132" WC="0.73" CC="0000000" TAGREFS=""/>
            <SP HPOS="1293" ID="SP_561.12.4.22" VPOS="1381" WIDTH="11"/>
            <String CONTENT="for" HEIGHT="35" HPOS="1304" ID="ST_561.12.4.23" STYLEREFS="Style_4" VPOS="1381" WIDTH="53" WC="0.78" CC="000" TAGREFS=""/>
          </TextLine>
          <TextLine HEIGHT="46" HPOS="142" ID="TL_561.12.5" VPOS="1429" WIDTH="1215">
            <String CONTENT="the" HEIGHT="35" HPOS="142" ID="ST_561.12.5.1" STYLEREFS="Style_4" VPOS="1429" WIDTH="60" WC="0.96" CC="000" TAGREFS=""/>
            <SP HPOS="202" ID="SP_561.12.5.2" VPOS="1429" WIDTH="13"/>
            <String CONTENT="plaintiff" HEIGHT="44" HPOS="215" ID="ST_561.12.5.3" STYLEREFS="Style_4" VPOS="1429" WIDTH="154" WC="0.88" CC="000000000" TAGREFS=""/>
            <SP HPOS="369" ID="SP_561.12.5.4" VPOS="1429" WIDTH="11"/>
            <String CONTENT="(appellant).”" HEIGHT="44" HPOS="380" ID="ST_561.12.5.5" STYLEREFS="Style_4" VPOS="1429" WIDTH="246" WC="0.85" CC="0000000000999" TAGREFS=""/>
            <SP HPOS="626" ID="SP_561.12.5.6" VPOS="1430" WIDTH="15"/>
            <String CONTENT="However," HEIGHT="40" HPOS="641" ID="ST_561.12.5.7" STYLEREFS="Style_4" VPOS="1430" WIDTH="179" WC="0.85" CC="00000000" TAGREFS=""/>
            <SP HPOS="820" ID="SP_561.12.5.8" VPOS="1430" WIDTH="13"/>
            <String CONTENT="the" HEIGHT="35" HPOS="833" ID="ST_561.12.5.9" STYLEREFS="Style_4" VPOS="1430" WIDTH="60" WC="1.00" CC="000" TAGREFS=""/>
            <SP HPOS="893" ID="SP_561.12.5.10" VPOS="1436" WIDTH="12"/>
            <String CONTENT="argument" HEIGHT="38" HPOS="905" ID="ST_561.12.5.11" STYLEREFS="Style_4" VPOS="1436" WIDTH="184" WC="0.94" CC="00000000" TAGREFS=""/>
            <SP HPOS="1089" ID="SP_561.12.5.12" VPOS="1431" WIDTH="13"/>
            <String CONTENT="portion" HEIGHT="44" HPOS="1102" ID="ST_561.12.5.13" STYLEREFS="Style_4" VPOS="1431" WIDTH="135" WC="0.91" CC="0000000" TAGREFS=""/>
            <SP HPOS="1237" ID="SP_561.12.5.14" VPOS="1430" WIDTH="12"/>
            <String CONTENT="of" HEIGHT="35" HPOS="1249" ID="ST_561.12.5.15" STYLEREFS="Style_4" VPOS="1430" WIDTH="40" WC="0.86" CC="00" TAGREFS=""/>
            <SP HPOS="1289" ID="SP_561.12.5.16" VPOS="1431" WIDTH="9"/>
            <String CONTENT="the" HEIGHT="34" HPOS="1298" ID="ST_561.12.5.17" STYLEREFS="Style_4" VPOS="1431" WIDTH="59" WC="1.00" CC="000" TAGREFS=""/>
          </TextLine>
          <TextLine HEIGHT="44" HPOS="142" ID="TL_561.12.6" VPOS="1479" WIDTH="1215">
            <String CONTENT="appellant’s" HEIGHT="44" HPOS="142" ID="ST_561.12.6.1" STYLEREFS="Style_4" VPOS="1479" WIDTH="207" WC="0.96" CC="00000000000" TAGREFS=""/>
            <SP HPOS="349" ID="SP_561.12.6.2" VPOS="1479" WIDTH="16"/>
            <String CONTENT="brief" HEIGHT="35" HPOS="365" ID="ST_561.12.6.3" STYLEREFS="Style_4" VPOS="1479" WIDTH="92" WC="1.00" CC="00000" TAGREFS=""/>
            <SP HPOS="457" ID="SP_561.12.6.4" VPOS="1480" WIDTH="13"/>
            <String CONTENT="shows" HEIGHT="34" HPOS="470" ID="ST_561.12.6.5" STYLEREFS="Style_4" VPOS="1480" WIDTH="111" WC="1.00" CC="00000" TAGREFS=""/>
            <SP HPOS="581" ID="SP_561.12.6.6" VPOS="1480" WIDTH="16"/>
            <String CONTENT="her" HEIGHT="34" HPOS="597" ID="ST_561.12.6.7" STYLEREFS="Style_4" VPOS="1480" WIDTH="62" WC="0.89" CC="000" TAGREFS=""/>
            <SP HPOS="659" ID="SP_561.12.6.8" VPOS="1480" WIDTH="16"/>
            <String CONTENT="point" HEIGHT="43" HPOS="675" ID="ST_561.12.6.9" STYLEREFS="Style_4" VPOS="1480" WIDTH="96" WC="0.86" CC="00000" TAGREFS=""/>
            <SP HPOS="771" ID="SP_561.12.6.10" VPOS="1485" WIDTH="17"/>
            <String CONTENT="to" HEIGHT="30" HPOS="788" ID="ST_561.12.6.11" STYLEREFS="Style_4" VPOS="1485" WIDTH="35" WC="1.00" CC="00" TAGREFS=""/>
            <SP HPOS="823" ID="SP_561.12.6.12" VPOS="1480" WIDTH="16"/>
            <String CONTENT="be" HEIGHT="35" HPOS="839" ID="ST_561.12.6.13" STYLEREFS="Style_4" VPOS="1480" WIDTH="43" WC="1.00" CC="00" TAGREFS=""/>
            <SP HPOS="882" ID="SP_561.12.6.14" VPOS="1480" WIDTH="15"/>
            <String CONTENT="that" HEIGHT="35" HPOS="897" ID="ST_561.12.6.15" STYLEREFS="Style_4" VPOS="1480" WIDTH="77" WC="0.96" CC="0000" TAGREFS=""/>
            <SP HPOS="974" ID="SP_561.12.6.16" VPOS="1480" WIDTH="17"/>
            <String CONTENT="the" HEIGHT="35" HPOS="991" ID="ST_561.12.6.17" STYLEREFS="Style_4" VPOS="1480" WIDTH="59" WC="0.90" CC="000" TAGREFS=""/>
            <SP HPOS="1050" ID="SP_561.12.6.18" VPOS="1480" WIDTH="15"/>
            <String CONTENT="verdict" HEIGHT="35" HPOS="1065" ID="ST_561.12.6.19" STYLEREFS="Style_4" VPOS="1480" WIDTH="131" WC="0.94" CC="0000000" TAGREFS=""/>
            <SP HPOS="1196" ID="SP_561.12.6.20" VPOS="1491" WIDTH="16"/>
            <String CONTENT="was" HEIGHT="24" HPOS="1212" ID="ST_561.12.6.21" STYLEREFS="Style_4" VPOS="1491" WIDTH="69" WC="0.90" CC="000" TAGREFS=""/>
            <SP HPOS="1281" ID="SP_561.12.6.22" VPOS="1481" WIDTH="16"/>
            <String CONTENT="the" HEIGHT="34" HPOS="1297" ID="ST_561.12.6.23" STYLEREFS="Style_4" VPOS="1481" WIDTH="60" WC="0.95" CC="000" TAGREFS=""/>
          </TextLine>
          <TextLine HEIGHT="45" HPOS="143" ID="TL_561.12.7" VPOS="1528" WIDTH="929">
            <String CONTENT="result" HEIGHT="35" HPOS="143" ID="ST_561.12.7.1" STYLEREFS="Style_4" VPOS="1529" WIDTH="107" WC="0.89" CC="000000" TAGREFS=""/>
            <SP HPOS="250" ID="SP_561.12.7.2" VPOS="1528" WIDTH="20"/>
            <String CONTENT="of" HEIGHT="36" HPOS="270" ID="ST_561.12.7.3" STYLEREFS="Style_4" VPOS="1528" WIDTH="40" WC="1.00" CC="00" TAGREFS=""/>
            <SP HPOS="310" ID="SP_561.12.7.4" VPOS="1530" WIDTH="17"/>
            <String CONTENT="passion" HEIGHT="43" HPOS="327" ID="ST_561.12.7.5" STYLEREFS="Style_4" VPOS="1530" WIDTH="136" WC="0.97" CC="0000000" TAGREFS=""/>
            <SP HPOS="463" ID="SP_561.12.7.6" VPOS="1540" WIDTH="20"/>
            <String CONTENT="or" HEIGHT="24" HPOS="483" ID="ST_561.12.7.7" STYLEREFS="Style_4" VPOS="1540" WIDTH="38" WC="1.00" CC="00" TAGREFS=""/>
            <SP HPOS="521" ID="SP_561.12.7.8" VPOS="1529" WIDTH="20"/>
            <String CONTENT="prejudice." HEIGHT="44" HPOS="541" ID="ST_561.12.7.9" STYLEREFS="Style_4" VPOS="1529" WIDTH="187" WC="0.94" CC="0000000000" TAGREFS=""/>
            <SP HPOS="728" ID="SP_561.12.7.10" VPOS="1530" WIDTH="23"/>
            <String CONTENT="We" HEIGHT="35" HPOS="751" ID="ST_561.12.7.11" STYLEREFS="Style_4" VPOS="1530" WIDTH="65" WC="1.00" CC="00" TAGREFS=""/>
            <SP HPOS="816" ID="SP_561.12.7.12" VPOS="1535" WIDTH="19"/>
            <String CONTENT="must" HEIGHT="30" HPOS="835" ID="ST_561.12.7.13" STYLEREFS="Style_4" VPOS="1535" WIDTH="93" WC="0.80" CC="0000" TAGREFS=""/>
            <SP HPOS="928" ID="SP_561.12.7.14" VPOS="1531" WIDTH="20"/>
            <String CONTENT="affirm." HEIGHT="35" HPOS="948" ID="ST_561.12.7.15" STYLEREFS="Style_4" VPOS="1531" WIDTH="124" WC="0.93" CC="0000000" TAGREFS=""/>
          </TextLine>
        </TextBlock>
        <TextBlock HEIGHT="839.0" HPOS="141.0" ID="BL_561.13" TAGREFS="b561-9" VPOS="1609.0" WIDTH="1219.0">
          <TextLine HEIGHT="45" HPOS="234" ID="TL_561.13.1" VPOS="1609" WIDTH="1122">
            <String CONTENT="The" HEIGHT="35" HPOS="234" ID="ST_561.13.1.1" STYLEREFS="Style_4" VPOS="1609" WIDTH="74" WC="1.00" CC="000" TAGREFS=""/>
            <SP HPOS="308" ID="SP_561.13.1.2" VPOS="1609" WIDTH="29"/>
            <String CONTENT="evidence" HEIGHT="35" HPOS="337" ID="ST_561.13.1.3" STYLEREFS="Style_4" VPOS="1609" WIDTH="161" WC="0.97" CC="00000000" TAGREFS=""/>
            <SP HPOS="498" ID="SP_561.13.1.4" VPOS="1609" WIDTH="28"/>
            <String CONTENT="before" HEIGHT="35" HPOS="526" ID="ST_561.13.1.5" STYLEREFS="Style_4" VPOS="1609" WIDTH="120" WC="1.00" CC="000000" TAGREFS=""/>
            <SP HPOS="646" ID="SP_561.13.1.6" VPOS="1609" WIDTH="28"/>
            <String CONTENT="the" HEIGHT="35" HPOS="674" ID="ST_561.13.1.7" STYLEREFS="Style_4" VPOS="1609" WIDTH="59" WC="1.00" CC="000" TAGREFS=""/>
            <SP HPOS="733" ID="SP_561.13.1.8" VPOS="1610" WIDTH="25"/>
            <String CONTENT="jury" HEIGHT="43" HPOS="758" ID="ST_561.13.1.9" STYLEREFS="Style_4" VPOS="1610" WIDTH="80" WC="1.00" CC="0000" TAGREFS=""/>
            <SP HPOS="838" ID="SP_561.13.1.10" VPOS="1621" WIDTH="28"/>
            <String CONTENT="on" HEIGHT="24" HPOS="866" ID="ST_561.13.1.11" STYLEREFS="Style_4" VPOS="1621" WIDTH="44" WC="0.67" CC="00" TAGREFS=""/>
            <SP HPOS="910" ID="SP_561.13.1.12" VPOS="1610" WIDTH="29"/>
            <String CONTENT="the" HEIGHT="35" HPOS="939" ID="ST_561.13.1.13" STYLEREFS="Style_4" VPOS="1610" WIDTH="59" WC="1.00" CC="000" TAGREFS=""/>
            <SP HPOS="998" ID="SP_561.13.1.14" VPOS="1610" WIDTH="29"/>
            <String CONTENT="issue" HEIGHT="35" HPOS="1027" ID="ST_561.13.1.15" STYLEREFS="Style_4" VPOS="1610" WIDTH="91" WC="0.99" CC="00000" TAGREFS=""/>
            <SP HPOS="1118" ID="SP_561.13.1.16" VPOS="1610" WIDTH="28"/>
            <String CONTENT="of" HEIGHT="34" HPOS="1146" ID="ST_561.13.1.17" STYLEREFS="Style_4" VPOS="1610" WIDTH="39" WC="1.00" CC="00" TAGREFS=""/>
            <SP HPOS="1185" ID="SP_561.13.1.18" VPOS="1610" WIDTH="25"/>
            <String CONTENT="liability" HEIGHT="44" HPOS="1210" ID="ST_561.13.1.19" STYLEREFS="Style_4" VPOS="1610" WIDTH="146" WC="0.94" CC="000000000" TAGREFS=""/>
          </TextLine>
          <TextLine HEIGHT="45" HPOS="142" ID="TL_561.13.2" VPOS="1658" WIDTH="1215">
            <String CONTENT="consisted" HEIGHT="34" HPOS="142" ID="ST_561.13.2.1" STYLEREFS="Style_4" VPOS="1658" WIDTH="174" WC="1.00" CC="000000000" TAGREFS=""/>
            <SP HPOS="316" ID="SP_561.13.2.2" VPOS="1658" WIDTH="10"/>
            <String CONTENT="of" HEIGHT="34" HPOS="326" ID="ST_561.13.2.3" STYLEREFS="Style_4" VPOS="1658" WIDTH="40" WC="0.99" CC="00" TAGREFS=""/>
            <SP HPOS="366" ID="SP_561.13.2.4" VPOS="1658" WIDTH="6"/>
            <String CONTENT="testimony" HEIGHT="44" HPOS="372" ID="ST_561.13.2.5" STYLEREFS="Style_4" VPOS="1658" WIDTH="185" WC="0.91" CC="000000000" TAGREFS=""/>
            <SP HPOS="557" ID="SP_561.13.2.6" VPOS="1659" WIDTH="11"/>
            <String CONTENT="from" HEIGHT="34" HPOS="568" ID="ST_561.13.2.7" STYLEREFS="Style_4" VPOS="1659" WIDTH="91" WC="1.00" CC="0000" TAGREFS=""/>
            <SP HPOS="659" ID="SP_561.13.2.8" VPOS="1659" WIDTH="11"/>
            <String CONTENT="the" HEIGHT="34" HPOS="670" ID="ST_561.13.2.9" STYLEREFS="Style_4" VPOS="1659" WIDTH="59" WC="0.98" CC="000" TAGREFS=""/>
            <SP HPOS="729" ID="SP_561.13.2.10" VPOS="1664" WIDTH="10"/>
            <String CONTENT="state" HEIGHT="30" HPOS="739" ID="ST_561.13.2.11" STYLEREFS="Style_4" VPOS="1664" WIDTH="90" WC="0.99" CC="00000" TAGREFS=""/>
            <SP HPOS="829" ID="SP_561.13.2.12" VPOS="1659" WIDTH="9"/>
            <String CONTENT="policeman" HEIGHT="44" HPOS="838" ID="ST_561.13.2.13" STYLEREFS="Style_4" VPOS="1659" WIDTH="194" WC="0.94" CC="000000000" TAGREFS=""/>
            <SP HPOS="1032" ID="SP_561.13.2.14" VPOS="1660" WIDTH="11"/>
            <String CONTENT="who" HEIGHT="34" HPOS="1043" ID="ST_561.13.2.15" STYLEREFS="Style_4" VPOS="1660" WIDTH="77" WC="0.89" CC="000" TAGREFS=""/>
            <SP HPOS="1120" ID="SP_561.13.2.16" VPOS="1660" WIDTH="10"/>
            <String CONTENT="investigated" HEIGHT="42" HPOS="1130" ID="ST_561.13.2.17" STYLEREFS="Style_4" VPOS="1660" WIDTH="227" WC="1.00" CC="000000000000" TAGREFS=""/>
          </TextLine>
          <TextLine HEIGHT="44" HPOS="142" ID="TL_561.13.3" VPOS="1707" WIDTH="1218">
            <String CONTENT="the" HEIGHT="34" HPOS="142" ID="ST_561.13.3.1" STYLEREFS="Style_4" VPOS="1708" WIDTH="60" WC="0.89" CC="000" TAGREFS=""/>
            <SP HPOS="202" ID="SP_561.13.3.2" VPOS="1707" WIDTH="9"/>
            <String CONTENT="accident" HEIGHT="35" HPOS="211" ID="ST_561.13.3.3" STYLEREFS="Style_4" VPOS="1707" WIDTH="160" WC="0.93" CC="00000000" TAGREFS=""/>
            <SP HPOS="371" ID="SP_561.13.3.4" VPOS="1707" WIDTH="9"/>
            <String CONTENT="and" HEIGHT="35" HPOS="380" ID="ST_561.13.3.5" STYLEREFS="Style_4" VPOS="1707" WIDTH="68" WC="0.81" CC="000" TAGREFS=""/>
            <SP HPOS="448" ID="SP_561.13.3.6" VPOS="1708" WIDTH="10"/>
            <String CONTENT="other" HEIGHT="35" HPOS="458" ID="ST_561.13.3.7" STYLEREFS="Style_4" VPOS="1708" WIDTH="98" WC="1.00" CC="00000" TAGREFS=""/>
            <SP HPOS="556" ID="SP_561.13.3.8" VPOS="1718" WIDTH="10"/>
            <String CONTENT="persons" HEIGHT="33" HPOS="566" ID="ST_561.13.3.9" STYLEREFS="Style_4" VPOS="1718" WIDTH="141" WC="0.94" CC="0000000" TAGREFS=""/>
            <SP HPOS="707" ID="SP_561.13.3.10" VPOS="1709" WIDTH="10"/>
            <String CONTENT="who" HEIGHT="34" HPOS="717" ID="ST_561.13.3.11" STYLEREFS="Style_4" VPOS="1709" WIDTH="77" WC="0.84" CC="000" TAGREFS=""/>
            <SP HPOS="794" ID="SP_561.13.3.12" VPOS="1720" WIDTH="9"/>
            <String CONTENT="were" HEIGHT="23" HPOS="803" ID="ST_561.13.3.13" STYLEREFS="Style_4" VPOS="1720" WIDTH="89" WC="1.00" CC="0000" TAGREFS=""/>
            <SP HPOS="892" ID="SP_561.13.3.14" VPOS="1719" WIDTH="9"/>
            <String CONTENT="passengers" HEIGHT="32" HPOS="901" ID="ST_561.13.3.15" STYLEREFS="Style_4" VPOS="1719" WIDTH="202" WC="0.93" CC="0000000000" TAGREFS=""/>
            <SP HPOS="1103" ID="SP_561.13.3.16" VPOS="1714" WIDTH="10"/>
            <String CONTENT="at" HEIGHT="30" HPOS="1113" ID="ST_561.13.3.17" STYLEREFS="Style_4" VPOS="1714" WIDTH="37" WC="1.00" CC="00" TAGREFS=""/>
            <SP HPOS="1150" ID="SP_561.13.3.18" VPOS="1709" WIDTH="9"/>
            <String CONTENT="the" HEIGHT="34" HPOS="1159" ID="ST_561.13.3.19" STYLEREFS="Style_4" VPOS="1709" WIDTH="59" WC="0.96" CC="000" TAGREFS=""/>
            <SP HPOS="1218" ID="SP_561.13.3.20" VPOS="1710" WIDTH="9"/>
            <String CONTENT="time" HEIGHT="33" HPOS="1227" ID="ST_561.13.3.21" STYLEREFS="Style_4" VPOS="1710" WIDTH="85" WC="0.95" CC="0000" TAGREFS=""/>
            <SP HPOS="1312" ID="SP_561.13.3.22" VPOS="1709" WIDTH="8"/>
            <String CONTENT="of" HEIGHT="34" HPOS="1320" ID="ST_561.13.3.23" STYLEREFS="Style_4" VPOS="1709" WIDTH="40" WC="1.00" CC="00" TAGREFS=""/>
          </TextLine>
          <TextLine HEIGHT="43" HPOS="141" ID="TL_561.13.4" VPOS="1757" WIDTH="1215">
            <String CONTENT="the" HEIGHT="33" HPOS="141" ID="ST_561.13.4.1" STYLEREFS="Style_4" VPOS="1757" WIDTH="61" WC="0.93" CC="000" TAGREFS=""/>
            <SP HPOS="202" ID="SP_561.13.4.2" VPOS="1757" WIDTH="20"/>
            <String CONTENT="wreck" HEIGHT="34" HPOS="222" ID="ST_561.13.4.3" STYLEREFS="Style_4" VPOS="1757" WIDTH="116" WC="0.93" CC="00000" TAGREFS=""/>
            <SP HPOS="338" ID="SP_561.13.4.4" VPOS="1767" WIDTH="20"/>
            <String CONTENT="as" HEIGHT="24" HPOS="358" ID="ST_561.13.4.5" STYLEREFS="Style_4" VPOS="1767" WIDTH="38" WC="0.87" CC="00" TAGREFS=""/>
            <SP HPOS="396" ID="SP_561.13.4.6" VPOS="1757" WIDTH="20"/>
            <String CONTENT="well" HEIGHT="34" HPOS="416" ID="ST_561.13.4.7" STYLEREFS="Style_4" VPOS="1757" WIDTH="76" WC="0.66" CC="0000" TAGREFS=""/>
            <SP HPOS="492" ID="SP_561.13.4.8" VPOS="1768" WIDTH="22"/>
            <String CONTENT="as" HEIGHT="23" HPOS="514" ID="ST_561.13.4.9" STYLEREFS="Style_4" VPOS="1768" WIDTH="38" WC="0.98" CC="00" TAGREFS=""/>
            <SP HPOS="552" ID="SP_561.13.4.10" VPOS="1757" WIDTH="22"/>
            <String CONTENT="the" HEIGHT="34" HPOS="574" ID="ST_561.13.4.11" STYLEREFS="Style_4" VPOS="1757" WIDTH="60" WC="0.80" CC="000" TAGREFS=""/>
            <SP HPOS="634" ID="SP_561.13.4.12" VPOS="1757" WIDTH="21"/>
            <String CONTENT="deposition" HEIGHT="43" HPOS="655" ID="ST_561.13.4.13" STYLEREFS="Style_4" VPOS="1757" WIDTH="192" WC="0.93" CC="0000000000" TAGREFS=""/>
            <SP HPOS="847" ID="SP_561.13.4.14" VPOS="1757" WIDTH="21"/>
            <String CONTENT="of" HEIGHT="35" HPOS="868" ID="ST_561.13.4.15" STYLEREFS="Style_4" VPOS="1757" WIDTH="39" WC="1.00" CC="00" TAGREFS=""/>
            <SP HPOS="907" ID="SP_561.13.4.16" VPOS="1759" WIDTH="19"/>
            <String CONTENT="Mr." HEIGHT="33" HPOS="926" ID="ST_561.13.4.17" STYLEREFS="Style_4" VPOS="1759" WIDTH="71" WC="0.99" CC="000" TAGREFS=""/>
            <SP HPOS="997" ID="SP_561.13.4.18" VPOS="1758" WIDTH="24"/>
            <String CONTENT="Godley," HEIGHT="42" HPOS="1021" ID="ST_561.13.4.19" STYLEREFS="Style_4" VPOS="1758" WIDTH="146" WC="0.84" CC="0000000" TAGREFS=""/>
            <SP HPOS="1167" ID="SP_561.13.4.20" VPOS="1759" WIDTH="22"/>
            <String CONTENT="who" HEIGHT="33" HPOS="1189" ID="ST_561.13.4.21" STYLEREFS="Style_4" VPOS="1759" WIDTH="77" WC="0.73" CC="000" TAGREFS=""/>
            <SP HPOS="1266" ID="SP_561.13.4.22" VPOS="1769" WIDTH="20"/>
            <String CONTENT="was" HEIGHT="23" HPOS="1286" ID="ST_561.13.4.23" STYLEREFS="Style_4" VPOS="1769" WIDTH="70" WC="0.96" CC="000" TAGREFS=""/>
          </TextLine>
          <TextLine HEIGHT="37" HPOS="142" ID="TL_561.13.5" VPOS="1805" WIDTH="1214">
            <String CONTENT="deceased" HEIGHT="34" HPOS="142" ID="ST_561.13.5.1" STYLEREFS="Style_4" VPOS="1805" WIDTH="169" WC="0.98" CC="00000000" TAGREFS=""/>
            <SP HPOS="311" ID="SP_561.13.5.2" VPOS="1810" WIDTH="10"/>
            <String CONTENT="at" HEIGHT="29" HPOS="321" ID="ST_561.13.5.3" STYLEREFS="Style_4" VPOS="1810" WIDTH="36" WC="1.00" CC="00" TAGREFS=""/>
            <SP HPOS="357" ID="SP_561.13.5.4" VPOS="1806" WIDTH="9"/>
            <String CONTENT="the" HEIGHT="34" HPOS="366" ID="ST_561.13.5.5" STYLEREFS="Style_4" VPOS="1806" WIDTH="59" WC="1.00" CC="000" TAGREFS=""/>
            <SP HPOS="425" ID="SP_561.13.5.6" VPOS="1806" WIDTH="8"/>
            <String CONTENT="time" HEIGHT="34" HPOS="433" ID="ST_561.13.5.7" STYLEREFS="Style_4" VPOS="1806" WIDTH="84" WC="1.00" CC="0000" TAGREFS=""/>
            <SP HPOS="517" ID="SP_561.13.5.8" VPOS="1805" WIDTH="8"/>
            <String CONTENT="of" HEIGHT="35" HPOS="525" ID="ST_561.13.5.9" STYLEREFS="Style_4" VPOS="1805" WIDTH="40" WC="0.94" CC="00" TAGREFS=""/>
            <SP HPOS="565" ID="SP_561.13.5.10" VPOS="1806" WIDTH="6"/>
            <String CONTENT="the" HEIGHT="34" HPOS="571" ID="ST_561.13.5.11" STYLEREFS="Style_4" VPOS="1806" WIDTH="59" WC="0.86" CC="000" TAGREFS=""/>
            <SP HPOS="630" ID="SP_561.13.5.12" VPOS="1806" WIDTH="9"/>
            <String CONTENT="trial." HEIGHT="34" HPOS="639" ID="ST_561.13.5.13" STYLEREFS="Style_4" VPOS="1806" WIDTH="90" WC="0.97" CC="000000" TAGREFS=""/>
            <SP HPOS="729" ID="SP_561.13.5.14" VPOS="1806" WIDTH="10"/>
            <String CONTENT="The" HEIGHT="34" HPOS="739" ID="ST_561.13.5.15" STYLEREFS="Style_4" VPOS="1806" WIDTH="75" WC="0.85" CC="000" TAGREFS=""/>
            <SP HPOS="814" ID="SP_561.13.5.16" VPOS="1807" WIDTH="8"/>
            <String CONTENT="evidence" HEIGHT="34" HPOS="822" ID="ST_561.13.5.17" STYLEREFS="Style_4" VPOS="1807" WIDTH="163" WC="0.95" CC="00000000" TAGREFS=""/>
            <SP HPOS="985" ID="SP_561.13.5.18" VPOS="1806" WIDTH="7"/>
            <String CONTENT="showed" HEIGHT="35" HPOS="992" ID="ST_561.13.5.19" STYLEREFS="Style_4" VPOS="1806" WIDTH="139" WC="0.91" CC="000000" TAGREFS=""/>
            <SP HPOS="1131" ID="SP_561.13.5.20" VPOS="1807" WIDTH="9"/>
            <String CONTENT="that" HEIGHT="34" HPOS="1140" ID="ST_561.13.5.21" STYLEREFS="Style_4" VPOS="1807" WIDTH="77" WC="1.00" CC="0000" TAGREFS=""/>
            <SP HPOS="1217" ID="SP_561.13.5.22" VPOS="1808" WIDTH="9"/>
            <String CONTENT="the" HEIGHT="33" HPOS="1226" ID="ST_561.13.5.23" STYLEREFS="Style_4" VPOS="1808" WIDTH="58" WC="0.87" CC="000" TAGREFS=""/>
            <SP HPOS="1284" ID="SP_561.13.5.24" VPOS="1807" WIDTH="9"/>
            <String CONTENT="bus" HEIGHT="35" HPOS="1293" ID="ST_561.13.5.25" STYLEREFS="Style_4" VPOS="1807" WIDTH="63" WC="1.00" CC="000" TAGREFS=""/>
          </TextLine>
          <TextLine HEIGHT="47" HPOS="142" ID="TL_561.13.6" VPOS="1853" WIDTH="1217">
            <String CONTENT="left" HEIGHT="35" HPOS="142" ID="ST_561.13.6.1" STYLEREFS="Style_4" VPOS="1853" WIDTH="63" WC="0.94" CC="0000" TAGREFS=""/>
            <SP HPOS="205" ID="SP_561.13.6.2" VPOS="1854" WIDTH="13"/>
            <String CONTENT="the" HEIGHT="35" HPOS="218" ID="ST_561.13.6.3" STYLEREFS="Style_4" VPOS="1854" WIDTH="60" WC="0.95" CC="000" TAGREFS=""/>
            <SP HPOS="278" ID="SP_561.13.6.4" VPOS="1854" WIDTH="12"/>
            <String CONTENT="road" HEIGHT="35" HPOS="290" ID="ST_561.13.6.5" STYLEREFS="Style_4" VPOS="1854" WIDTH="84" WC="0.84" CC="0000" TAGREFS=""/>
            <SP HPOS="374" ID="SP_561.13.6.6" VPOS="1854" WIDTH="14"/>
            <String CONTENT="after" HEIGHT="35" HPOS="388" ID="ST_561.13.6.7" STYLEREFS="Style_4" VPOS="1854" WIDTH="90" WC="1.00" CC="00000" TAGREFS=""/>
            <SP HPOS="478" ID="SP_561.13.6.8" VPOS="1855" WIDTH="13"/>
            <String CONTENT="another" HEIGHT="34" HPOS="491" ID="ST_561.13.6.9" STYLEREFS="Style_4" VPOS="1855" WIDTH="145" WC="0.83" CC="0000000" TAGREFS=""/>
            <SP HPOS="636" ID="SP_561.13.6.10" VPOS="1855" WIDTH="12"/>
            <String CONTENT="vehicle" HEIGHT="35" HPOS="648" ID="ST_561.13.6.11" STYLEREFS="Style_4" VPOS="1855" WIDTH="133" WC="0.90" CC="0000000" TAGREFS=""/>
            <SP HPOS="781" ID="SP_561.13.6.12" VPOS="1855" WIDTH="13"/>
            <String CONTENT="had" HEIGHT="35" HPOS="794" ID="ST_561.13.6.13" STYLEREFS="Style_4" VPOS="1855" WIDTH="69" WC="0.82" CC="000" TAGREFS=""/>
            <SP HPOS="863" ID="SP_561.13.6.14" VPOS="1856" WIDTH="13"/>
            <String CONTENT="passed" HEIGHT="44" HPOS="876" ID="ST_561.13.6.15" STYLEREFS="Style_4" VPOS="1856" WIDTH="124" WC="0.97" CC="000000" TAGREFS=""/>
            <SP HPOS="1000" ID="SP_561.13.6.16" VPOS="1856" WIDTH="13"/>
            <String CONTENT="and" HEIGHT="34" HPOS="1013" ID="ST_561.13.6.17" STYLEREFS="Style_4" VPOS="1856" WIDTH="70" WC="0.71" CC="000" TAGREFS=""/>
            <SP HPOS="1083" ID="SP_561.13.6.18" VPOS="1861" WIDTH="11"/>
            <String CONTENT="cut" HEIGHT="30" HPOS="1094" ID="ST_561.13.6.19" STYLEREFS="Style_4" VPOS="1861" WIDTH="61" WC="0.65" CC="000" TAGREFS=""/>
            <SP HPOS="1155" ID="SP_561.13.6.20" VPOS="1856" WIDTH="12"/>
            <String CONTENT="in" HEIGHT="35" HPOS="1167" ID="ST_561.13.6.21" STYLEREFS="Style_4" VPOS="1856" WIDTH="35" WC="0.59" CC="00" TAGREFS=""/>
            <SP HPOS="1202" ID="SP_561.13.6.22" VPOS="1856" WIDTH="14"/>
            <String CONTENT="front" HEIGHT="35" HPOS="1216" ID="ST_561.13.6.23" STYLEREFS="Style_4" VPOS="1856" WIDTH="93" WC="0.68" CC="00000" TAGREFS=""/>
            <SP HPOS="1309" ID="SP_561.13.6.24" VPOS="1856" WIDTH="11"/>
            <String CONTENT="of" HEIGHT="35" HPOS="1320" ID="ST_561.13.6.25" STYLEREFS="Style_4" VPOS="1856" WIDTH="39" WC="0.97" CC="00" TAGREFS=""/>
          </TextLine>
          <TextLine HEIGHT="46" HPOS="142" ID="TL_561.13.7" VPOS="1904" WIDTH="1215">
            <String CONTENT="the" HEIGHT="35" HPOS="142" ID="ST_561.13.7.1" STYLEREFS="Style_4" VPOS="1904" WIDTH="60" WC="1.00" CC="000" TAGREFS=""/>
            <SP HPOS="202" ID="SP_561.13.7.2" VPOS="1904" WIDTH="18"/>
            <String CONTENT="bus" HEIGHT="35" HPOS="220" ID="ST_561.13.7.3" STYLEREFS="Style_4" VPOS="1904" WIDTH="63" WC="0.94" CC="000" TAGREFS=""/>
            <SP HPOS="283" ID="SP_561.13.7.4" VPOS="1904" WIDTH="18"/>
            <String CONTENT="in" HEIGHT="35" HPOS="301" ID="ST_561.13.7.5" STYLEREFS="Style_4" VPOS="1904" WIDTH="34" WC="0.68" CC="00" TAGREFS=""/>
            <SP HPOS="335" ID="SP_561.13.7.6" VPOS="1905" WIDTH="18"/>
            <String CONTENT="heavy" HEIGHT="44" HPOS="353" ID="ST_561.13.7.7" STYLEREFS="Style_4" VPOS="1905" WIDTH="109" WC="0.98" CC="00000" TAGREFS=""/>
            <SP HPOS="462" ID="SP_561.13.7.8" VPOS="1905" WIDTH="17"/>
            <String CONTENT="traffic" HEIGHT="36" HPOS="479" ID="ST_561.13.7.9" STYLEREFS="Style_4" VPOS="1905" WIDTH="113" WC="1.00" CC="0000000" TAGREFS=""/>
            <SP HPOS="592" ID="SP_561.13.7.10" VPOS="1910" WIDTH="17"/>
            <String CONTENT="at" HEIGHT="31" HPOS="609" ID="ST_561.13.7.11" STYLEREFS="Style_4" VPOS="1910" WIDTH="36" WC="1.00" CC="00" TAGREFS=""/>
            <SP HPOS="645" ID="SP_561.13.7.12" VPOS="1916" WIDTH="17"/>
            <String CONTENT="a" HEIGHT="24" HPOS="662" ID="ST_561.13.7.13" STYLEREFS="Style_4" VPOS="1916" WIDTH="21" WC="1.00" CC="0" TAGREFS=""/>
            <SP HPOS="683" ID="SP_561.13.7.14" VPOS="1906" WIDTH="17"/>
            <String CONTENT="place" HEIGHT="44" HPOS="700" ID="ST_561.13.7.15" STYLEREFS="Style_4" VPOS="1906" WIDTH="99" WC="1.00" CC="00000" TAGREFS=""/>
            <SP HPOS="799" ID="SP_561.13.7.16" VPOS="1906" WIDTH="17"/>
            <String CONTENT="where" HEIGHT="35" HPOS="816" ID="ST_561.13.7.17" STYLEREFS="Style_4" VPOS="1906" WIDTH="113" WC="0.79" CC="00000" TAGREFS=""/>
            <SP HPOS="929" ID="SP_561.13.7.18" VPOS="1906" WIDTH="17"/>
            <String CONTENT="the" HEIGHT="35" HPOS="946" ID="ST_561.13.7.19" STYLEREFS="Style_4" VPOS="1906" WIDTH="59" WC="0.87" CC="000" TAGREFS=""/>
            <SP HPOS="1005" ID="SP_561.13.7.20" VPOS="1906" WIDTH="17"/>
            <String CONTENT="highway" HEIGHT="44" HPOS="1022" ID="ST_561.13.7.21" STYLEREFS="Style_4" VPOS="1906" WIDTH="161" WC="0.92" CC="0000000" TAGREFS=""/>
            <SP HPOS="1183" ID="SP_561.13.7.22" VPOS="1907" WIDTH="17"/>
            <String CONTENT="changed" HEIGHT="43" HPOS="1200" ID="ST_561.13.7.23" STYLEREFS="Style_4" VPOS="1907" WIDTH="157" WC="0.91" CC="0000000" TAGREFS=""/>
          </TextLine>
          <TextLine HEIGHT="47" HPOS="142" ID="TL_561.13.8" VPOS="1954" WIDTH="1214">
            <String CONTENT="from" HEIGHT="35" HPOS="142" ID="ST_561.13.8.1" STYLEREFS="Style_4" VPOS="1954" WIDTH="92" WC="0.96" CC="0000" TAGREFS=""/>
            <SP HPOS="234" ID="SP_561.13.8.2" VPOS="1954" WIDTH="11"/>
            <String CONTENT="four" HEIGHT="36" HPOS="245" ID="ST_561.13.8.3" STYLEREFS="Style_4" VPOS="1954" WIDTH="78" WC="1.00" CC="0000" TAGREFS=""/>
            <SP HPOS="323" ID="SP_561.13.8.4" VPOS="1960" WIDTH="10"/>
            <String CONTENT="to" HEIGHT="30" HPOS="333" ID="ST_561.13.8.5" STYLEREFS="Style_4" VPOS="1960" WIDTH="36" WC="1.00" CC="00" TAGREFS=""/>
            <SP HPOS="369" ID="SP_561.13.8.6" VPOS="1960" WIDTH="9"/>
            <String CONTENT="two" HEIGHT="30" HPOS="378" ID="ST_561.13.8.7" STYLEREFS="Style_4" VPOS="1960" WIDTH="67" WC="0.96" CC="000" TAGREFS=""/>
            <SP HPOS="445" ID="SP_561.13.8.8" VPOS="1955" WIDTH="11"/>
            <String CONTENT="lanes." HEIGHT="35" HPOS="456" ID="ST_561.13.8.9" STYLEREFS="Style_4" VPOS="1955" WIDTH="105" WC="0.89" CC="000000" TAGREFS=""/>
            <SP HPOS="561" ID="SP_561.13.8.10" VPOS="1956" WIDTH="12"/>
            <String CONTENT="The" HEIGHT="35" HPOS="573" ID="ST_561.13.8.11" STYLEREFS="Style_4" VPOS="1956" WIDTH="75" WC="0.97" CC="000" TAGREFS=""/>
            <SP HPOS="648" ID="SP_561.13.8.12" VPOS="1955" WIDTH="11"/>
            <String CONTENT="bus" HEIGHT="35" HPOS="659" ID="ST_561.13.8.13" STYLEREFS="Style_4" VPOS="1955" WIDTH="64" WC="0.87" CC="000" TAGREFS=""/>
            <SP HPOS="723" ID="SP_561.13.8.14" VPOS="1956" WIDTH="10"/>
            <String CONTENT="landed" HEIGHT="35" HPOS="733" ID="ST_561.13.8.15" STYLEREFS="Style_4" VPOS="1956" WIDTH="126" WC="0.91" CC="000000" TAGREFS=""/>
            <SP HPOS="859" ID="SP_561.13.8.16" VPOS="1956" WIDTH="10"/>
            <String CONTENT="upright," HEIGHT="45" HPOS="869" ID="ST_561.13.8.17" STYLEREFS="Style_4" VPOS="1956" WIDTH="151" WC="1.00" CC="00000000" TAGREFS=""/>
            <SP HPOS="1020" ID="SP_561.13.8.18" VPOS="1956" WIDTH="12"/>
            <String CONTENT="after" HEIGHT="36" HPOS="1032" ID="ST_561.13.8.19" STYLEREFS="Style_4" VPOS="1956" WIDTH="91" WC="0.96" CC="00000" TAGREFS=""/>
            <SP HPOS="1123" ID="SP_561.13.8.20" VPOS="1957" WIDTH="10"/>
            <String CONTENT="going" HEIGHT="44" HPOS="1133" ID="ST_561.13.8.21" STYLEREFS="Style_4" VPOS="1957" WIDTH="103" WC="0.90" CC="00000" TAGREFS=""/>
            <SP HPOS="1236" ID="SP_561.13.8.22" VPOS="1967" WIDTH="10"/>
            <String CONTENT="over" HEIGHT="25" HPOS="1246" ID="ST_561.13.8.23" STYLEREFS="Style_4" VPOS="1967" WIDTH="80" WC="0.84" CC="0000" TAGREFS=""/>
            <SP HPOS="1326" ID="SP_561.13.8.24" VPOS="1969" WIDTH="10"/>
            <String CONTENT="a" HEIGHT="23" HPOS="1336" ID="ST_561.13.8.25" STYLEREFS="Style_4" VPOS="1969" WIDTH="20" WC="1.00" CC="0" TAGREFS=""/>
          </TextLine>
          <TextLine HEIGHT="46" HPOS="142" ID="TL_561.13.9" VPOS="2004" WIDTH="1214">
            <String CONTENT="traffic" HEIGHT="35" HPOS="142" ID="ST_561.13.9.1" STYLEREFS="Style_4" VPOS="2004" WIDTH="114" WC="0.94" CC="0000000" TAGREFS=""/>
            <SP HPOS="256" ID="SP_561.13.9.2" VPOS="2005" WIDTH="11"/>
            <String CONTENT="island" HEIGHT="34" HPOS="267" ID="ST_561.13.9.3" STYLEREFS="Style_4" VPOS="2005" WIDTH="111" WC="0.87" CC="000000" TAGREFS=""/>
            <SP HPOS="378" ID="SP_561.13.9.4" VPOS="2005" WIDTH="12"/>
            <String CONTENT="and" HEIGHT="35" HPOS="390" ID="ST_561.13.9.5" STYLEREFS="Style_4" VPOS="2005" WIDTH="68" WC="0.79" CC="000" TAGREFS=""/>
            <SP HPOS="458" ID="SP_561.13.9.6" VPOS="2016" WIDTH="11"/>
            <String CONTENT="an" HEIGHT="24" HPOS="469" ID="ST_561.13.9.7" STYLEREFS="Style_4" VPOS="2016" WIDTH="45" WC="0.51" CC="00" TAGREFS=""/>
            <SP HPOS="514" ID="SP_561.13.9.8" VPOS="2006" WIDTH="11"/>
            <String CONTENT="embankment," HEIGHT="41" HPOS="525" ID="ST_561.13.9.9" STYLEREFS="Style_4" VPOS="2006" WIDTH="260" WC="0.88" CC="00000000000" TAGREFS=""/>
            <SP HPOS="785" ID="SP_561.13.9.10" VPOS="2006" WIDTH="12"/>
            <String CONTENT="and" HEIGHT="34" HPOS="797" ID="ST_561.13.9.11" STYLEREFS="Style_4" VPOS="2006" WIDTH="69" WC="0.95" CC="000" TAGREFS=""/>
            <SP HPOS="866" ID="SP_561.13.9.12" VPOS="2006" WIDTH="11"/>
            <String CONTENT="all" HEIGHT="35" HPOS="877" ID="ST_561.13.9.13" STYLEREFS="Style_4" VPOS="2006" WIDTH="46" WC="0.92" CC="000" TAGREFS=""/>
            <SP HPOS="923" ID="SP_561.13.9.14" VPOS="2006" WIDTH="12"/>
            <String CONTENT="but" HEIGHT="35" HPOS="935" ID="ST_561.13.9.15" STYLEREFS="Style_4" VPOS="2006" WIDTH="62" WC="1.00" CC="000" TAGREFS=""/>
            <SP HPOS="997" ID="SP_561.13.9.16" VPOS="2006" WIDTH="11"/>
            <String CONTENT="four" HEIGHT="35" HPOS="1008" ID="ST_561.13.9.17" STYLEREFS="Style_4" VPOS="2006" WIDTH="78" WC="1.00" CC="0000" TAGREFS=""/>
            <SP HPOS="1086" ID="SP_561.13.9.18" VPOS="2007" WIDTH="11"/>
            <String CONTENT="of" HEIGHT="34" HPOS="1097" ID="ST_561.13.9.19" STYLEREFS="Style_4" VPOS="2007" WIDTH="40" WC="1.00" CC="00" TAGREFS=""/>
            <SP HPOS="1137" ID="SP_561.13.9.20" VPOS="2007" WIDTH="7"/>
            <String CONTENT="the" HEIGHT="34" HPOS="1144" ID="ST_561.13.9.21" STYLEREFS="Style_4" VPOS="2007" WIDTH="60" WC="0.81" CC="000" TAGREFS=""/>
            <SP HPOS="1204" ID="SP_561.13.9.22" VPOS="2012" WIDTH="10"/>
            <String CONTENT="twenty-" HEIGHT="38" HPOS="1214" ID="ST_561.13.9.23" STYLEREFS="Style_4" VPOS="2012" WIDTH="142" WC="0.88" CC="0000000" TAGREFS=""/>
          </TextLine>
          <TextLine HEIGHT="45" HPOS="142" ID="TL_561.13.10" VPOS="2054" WIDTH="1215">
            <String CONTENT="six" HEIGHT="34" HPOS="142" ID="ST_561.13.10.1" STYLEREFS="Style_4" VPOS="2054" WIDTH="52" WC="0.90" CC="000" TAGREFS=""/>
            <SP HPOS="194" ID="SP_561.13.10.2" VPOS="2064" WIDTH="21"/>
            <String CONTENT="passengers" HEIGHT="33" HPOS="215" ID="ST_561.13.10.3" STYLEREFS="Style_4" VPOS="2064" WIDTH="202" WC="0.98" CC="0000000000" TAGREFS=""/>
            <SP HPOS="417" ID="SP_561.13.10.4" VPOS="2065" WIDTH="22"/>
            <String CONTENT="were" HEIGHT="24" HPOS="439" ID="ST_561.13.10.5" STYLEREFS="Style_4" VPOS="2065" WIDTH="90" WC="1.00" CC="0000" TAGREFS=""/>
            <SP HPOS="529" ID="SP_561.13.10.6" VPOS="2055" WIDTH="21"/>
            <String CONTENT="injured." HEIGHT="43" HPOS="550" ID="ST_561.13.10.7" STYLEREFS="Style_4" VPOS="2055" WIDTH="146" WC="0.90" CC="00000000" TAGREFS=""/>
            <SP HPOS="696" ID="SP_561.13.10.8" VPOS="2056" WIDTH="23"/>
            <String CONTENT="All" HEIGHT="34" HPOS="719" ID="ST_561.13.10.9" STYLEREFS="Style_4" VPOS="2056" WIDTH="59" WC="1.00" CC="000" TAGREFS=""/>
            <SP HPOS="778" ID="SP_561.13.10.10" VPOS="2055" WIDTH="21"/>
            <String CONTENT="of" HEIGHT="34" HPOS="799" ID="ST_561.13.10.11" STYLEREFS="Style_4" VPOS="2055" WIDTH="40" WC="1.00" CC="00" TAGREFS=""/>
            <SP HPOS="839" ID="SP_561.13.10.12" VPOS="2056" WIDTH="18"/>
            <String CONTENT="the" HEIGHT="34" HPOS="857" ID="ST_561.13.10.13" STYLEREFS="Style_4" VPOS="2056" WIDTH="59" WC="0.83" CC="000" TAGREFS=""/>
            <SP HPOS="916" ID="SP_561.13.10.14" VPOS="2056" WIDTH="21"/>
            <String CONTENT="other" HEIGHT="34" HPOS="937" ID="ST_561.13.10.15" STYLEREFS="Style_4" VPOS="2056" WIDTH="99" WC="0.90" CC="00000" TAGREFS=""/>
            <SP HPOS="1036" ID="SP_561.13.10.16" VPOS="2066" WIDTH="21"/>
            <String CONTENT="passengers" HEIGHT="33" HPOS="1057" ID="ST_561.13.10.17" STYLEREFS="Style_4" VPOS="2066" WIDTH="202" WC="0.96" CC="0000000000" TAGREFS=""/>
            <SP HPOS="1259" ID="SP_561.13.10.18" VPOS="2057" WIDTH="22"/>
            <String CONTENT="who" HEIGHT="34" HPOS="1281" ID="ST_561.13.10.19" STYLEREFS="Style_4" VPOS="2057" WIDTH="76" WC="0.97" CC="000" TAGREFS=""/>
          </TextLine>
          <TextLine HEIGHT="46" HPOS="141" ID="TL_561.13.11" VPOS="2103" WIDTH="1216">
            <String CONTENT="testified" HEIGHT="35" HPOS="141" ID="ST_561.13.11.1" STYLEREFS="Style_4" VPOS="2103" WIDTH="152" WC="0.87" CC="000000000" TAGREFS=""/>
            <SP HPOS="293" ID="SP_561.13.11.2" VPOS="2104" WIDTH="27"/>
            <String CONTENT="said" HEIGHT="34" HPOS="320" ID="ST_561.13.11.3" STYLEREFS="Style_4" VPOS="2104" WIDTH="75" WC="0.77" CC="0000" TAGREFS=""/>
            <SP HPOS="395" ID="SP_561.13.11.4" VPOS="2114" WIDTH="25"/>
            <String CONTENT="or" HEIGHT="24" HPOS="420" ID="ST_561.13.11.5" STYLEREFS="Style_4" VPOS="2114" WIDTH="38" WC="0.65" CC="00" TAGREFS=""/>
            <SP HPOS="458" ID="SP_561.13.11.6" VPOS="2104" WIDTH="27"/>
            <String CONTENT="implied" HEIGHT="44" HPOS="485" ID="ST_561.13.11.7" STYLEREFS="Style_4" VPOS="2104" WIDTH="143" WC="0.69" CC="0000000" TAGREFS=""/>
            <SP HPOS="628" ID="SP_561.13.11.8" VPOS="2104" WIDTH="26"/>
            <String CONTENT="the" HEIGHT="35" HPOS="654" ID="ST_561.13.11.9" STYLEREFS="Style_4" VPOS="2104" WIDTH="61" WC="0.57" CC="000" TAGREFS=""/>
            <SP HPOS="715" ID="SP_561.13.11.10" VPOS="2105" WIDTH="25"/>
            <String CONTENT="bus" HEIGHT="34" HPOS="740" ID="ST_561.13.11.11" STYLEREFS="Style_4" VPOS="2105" WIDTH="65" WC="0.75" CC="000" TAGREFS=""/>
            <SP HPOS="805" ID="SP_561.13.11.12" VPOS="2116" WIDTH="26"/>
            <String CONTENT="was" HEIGHT="24" HPOS="831" ID="ST_561.13.11.13" STYLEREFS="Style_4" VPOS="2116" WIDTH="71" WC="0.83" CC="000" TAGREFS=""/>
            <SP HPOS="902" ID="SP_561.13.11.14" VPOS="2105" WIDTH="26"/>
            <String CONTENT="traveling" HEIGHT="44" HPOS="928" ID="ST_561.13.11.15" STYLEREFS="Style_4" VPOS="2105" WIDTH="169" WC="0.70" CC="000000000" TAGREFS=""/>
            <SP HPOS="1097" ID="SP_561.13.11.16" VPOS="2111" WIDTH="26"/>
            <String CONTENT="too" HEIGHT="29" HPOS="1123" ID="ST_561.13.11.17" STYLEREFS="Style_4" VPOS="2111" WIDTH="59" WC="1.00" CC="000" TAGREFS=""/>
            <SP HPOS="1182" ID="SP_561.13.11.18" VPOS="2105" WIDTH="26"/>
            <String CONTENT="fast" HEIGHT="35" HPOS="1208" ID="ST_561.13.11.19" STYLEREFS="Style_4" VPOS="2105" WIDTH="70" WC="0.88" CC="0000" TAGREFS=""/>
            <SP HPOS="1278" ID="SP_561.13.11.20" VPOS="2105" WIDTH="26"/>
            <String CONTENT="for" HEIGHT="35" HPOS="1304" ID="ST_561.13.11.21" STYLEREFS="Style_4" VPOS="2105" WIDTH="53" WC="0.88" CC="000" TAGREFS=""/>
          </TextLine>
          <TextLine HEIGHT="46" HPOS="142" ID="TL_561.13.12" VPOS="2152" WIDTH="1215">
            <String CONTENT="conditions." HEIGHT="36" HPOS="142" ID="ST_561.13.12.1" STYLEREFS="Style_4" VPOS="2152" WIDTH="205" WC="0.97" CC="00000000000" TAGREFS=""/>
            <SP HPOS="347" ID="SP_561.13.12.2" VPOS="2154" WIDTH="25"/>
            <String CONTENT="Mr." HEIGHT="34" HPOS="372" ID="ST_561.13.12.3" STYLEREFS="Style_4" VPOS="2154" WIDTH="69" WC="1.00" CC="000" TAGREFS=""/>
            <SP HPOS="441" ID="SP_561.13.12.4" VPOS="2153" WIDTH="24"/>
            <String CONTENT="Godley’s" HEIGHT="45" HPOS="465" ID="ST_561.13.12.5" STYLEREFS="Style_4" VPOS="2153" WIDTH="165" WC="0.97" CC="00000000" TAGREFS=""/>
            <SP HPOS="630" ID="SP_561.13.12.6" VPOS="2153" WIDTH="23"/>
            <String CONTENT="deposition," HEIGHT="45" HPOS="653" ID="ST_561.13.12.7" STYLEREFS="Style_4" VPOS="2153" WIDTH="203" WC="0.90" CC="00000000000" TAGREFS=""/>
            <SP HPOS="856" ID="SP_561.13.12.8" VPOS="2155" WIDTH="23"/>
            <String CONTENT="however," HEIGHT="41" HPOS="879" ID="ST_561.13.12.9" STYLEREFS="Style_4" VPOS="2155" WIDTH="168" WC="0.97" CC="00000000" TAGREFS=""/>
            <SP HPOS="1047" ID="SP_561.13.12.10" VPOS="2155" WIDTH="23"/>
            <String CONTENT="conflicted" HEIGHT="35" HPOS="1070" ID="ST_561.13.12.11" STYLEREFS="Style_4" VPOS="2155" WIDTH="183" WC="0.98" CC="0000000000" TAGREFS=""/>
            <SP HPOS="1253" ID="SP_561.13.12.12" VPOS="2155" WIDTH="22"/>
            <String CONTENT="with" HEIGHT="35" HPOS="1275" ID="ST_561.13.12.13" STYLEREFS="Style_4" VPOS="2155" WIDTH="82" WC="0.92" CC="0000" TAGREFS=""/>
          </TextLine>
          <TextLine HEIGHT="45" HPOS="142" ID="TL_561.13.13" VPOS="2203" WIDTH="1216">
            <String CONTENT="that" HEIGHT="35" HPOS="142" ID="ST_561.13.13.1" STYLEREFS="Style_4" VPOS="2204" WIDTH="78" WC="0.85" CC="0000" TAGREFS=""/>
            <SP HPOS="220" ID="SP_561.13.13.2" VPOS="2203" WIDTH="15"/>
            <String CONTENT="testimony," HEIGHT="45" HPOS="235" ID="ST_561.13.13.3" STYLEREFS="Style_4" VPOS="2203" WIDTH="196" WC="0.97" CC="0000000000" TAGREFS=""/>
            <SP HPOS="431" ID="SP_561.13.13.4" VPOS="2204" WIDTH="16"/>
            <String CONTENT="and" HEIGHT="35" HPOS="447" ID="ST_561.13.13.5" STYLEREFS="Style_4" VPOS="2204" WIDTH="69" WC="1.00" CC="000" TAGREFS=""/>
            <SP HPOS="516" ID="SP_561.13.13.6" VPOS="2205" WIDTH="15"/>
            <String CONTENT="he" HEIGHT="34" HPOS="531" ID="ST_561.13.13.7" STYLEREFS="Style_4" VPOS="2205" WIDTH="44" WC="0.69" CC="00" TAGREFS=""/>
            <SP HPOS="575" ID="SP_561.13.13.8" VPOS="2204" WIDTH="15"/>
            <String CONTENT="concluded" HEIGHT="36" HPOS="590" ID="ST_561.13.13.9" STYLEREFS="Style_4" VPOS="2204" WIDTH="191" WC="0.96" CC="000000000" TAGREFS=""/>
            <SP HPOS="781" ID="SP_561.13.13.10" VPOS="2205" WIDTH="15"/>
            <String CONTENT="the" HEIGHT="35" HPOS="796" ID="ST_561.13.13.11" STYLEREFS="Style_4" VPOS="2205" WIDTH="59" WC="1.00" CC="000" TAGREFS=""/>
            <SP HPOS="855" ID="SP_561.13.13.12" VPOS="2205" WIDTH="14"/>
            <String CONTENT="sole" HEIGHT="35" HPOS="869" ID="ST_561.13.13.13" STYLEREFS="Style_4" VPOS="2205" WIDTH="72" WC="0.86" CC="0000" TAGREFS=""/>
            <SP HPOS="941" ID="SP_561.13.13.14" VPOS="2216" WIDTH="14"/>
            <String CONTENT="cause" HEIGHT="24" HPOS="955" ID="ST_561.13.13.15" STYLEREFS="Style_4" VPOS="2216" WIDTH="105" WC="1.00" CC="00000" TAGREFS=""/>
            <SP HPOS="1060" ID="SP_561.13.13.16" VPOS="2205" WIDTH="14"/>
            <String CONTENT="of" HEIGHT="35" HPOS="1074" ID="ST_561.13.13.17" STYLEREFS="Style_4" VPOS="2205" WIDTH="39" WC="0.94" CC="00" TAGREFS=""/>
            <SP HPOS="1113" ID="SP_561.13.13.18" VPOS="2205" WIDTH="12"/>
            <String CONTENT="the" HEIGHT="36" HPOS="1125" ID="ST_561.13.13.19" STYLEREFS="Style_4" VPOS="2205" WIDTH="60" WC="1.00" CC="000" TAGREFS=""/>
            <SP HPOS="1185" ID="SP_561.13.13.20" VPOS="2205" WIDTH="15"/>
            <String CONTENT="accident" HEIGHT="36" HPOS="1200" ID="ST_561.13.13.21" STYLEREFS="Style_4" VPOS="2205" WIDTH="158" WC="0.89" CC="00000000" TAGREFS=""/>
          </TextLine>
          <TextLine HEIGHT="45" HPOS="143" ID="TL_561.13.14" VPOS="2254" WIDTH="1216">
            <String CONTENT="was" HEIGHT="24" HPOS="143" ID="ST_561.13.14.1" STYLEREFS="Style_4" VPOS="2265" WIDTH="71" WC="0.97" CC="000" TAGREFS=""/>
            <SP HPOS="214" ID="SP_561.13.14.2" VPOS="2254" WIDTH="17"/>
            <String CONTENT="his" HEIGHT="35" HPOS="231" ID="ST_561.13.14.3" STYLEREFS="Style_4" VPOS="2254" WIDTH="52" WC="1.00" CC="000" TAGREFS=""/>
            <SP HPOS="283" ID="SP_561.13.14.4" VPOS="2259" WIDTH="18"/>
            <String CONTENT="attempt" HEIGHT="40" HPOS="301" ID="ST_561.13.14.5" STYLEREFS="Style_4" VPOS="2259" WIDTH="148" WC="0.94" CC="0000000" TAGREFS=""/>
            <SP HPOS="449" ID="SP_561.13.14.6" VPOS="2260" WIDTH="16"/>
            <String CONTENT="to" HEIGHT="30" HPOS="465" ID="ST_561.13.14.7" STYLEREFS="Style_4" VPOS="2260" WIDTH="35" WC="0.88" CC="00" TAGREFS=""/>
            <SP HPOS="500" ID="SP_561.13.14.8" VPOS="2255" WIDTH="17"/>
            <String CONTENT="avoid" HEIGHT="35" HPOS="517" ID="ST_561.13.14.9" STYLEREFS="Style_4" VPOS="2255" WIDTH="100" WC="1.00" CC="00000" TAGREFS=""/>
            <SP HPOS="617" ID="SP_561.13.14.10" VPOS="2255" WIDTH="17"/>
            <String CONTENT="colliding" HEIGHT="44" HPOS="634" ID="ST_561.13.14.11" STYLEREFS="Style_4" VPOS="2255" WIDTH="163" WC="0.92" CC="000000000" TAGREFS=""/>
            <SP HPOS="797" ID="SP_561.13.14.12" VPOS="2256" WIDTH="17"/>
            <String CONTENT="with" HEIGHT="34" HPOS="814" ID="ST_561.13.14.13" STYLEREFS="Style_4" VPOS="2256" WIDTH="82" WC="1.00" CC="0000" TAGREFS=""/>
            <SP HPOS="896" ID="SP_561.13.14.14" VPOS="2255" WIDTH="17"/>
            <String CONTENT="other" HEIGHT="35" HPOS="913" ID="ST_561.13.14.15" STYLEREFS="Style_4" VPOS="2255" WIDTH="99" WC="0.99" CC="00000" TAGREFS=""/>
            <SP HPOS="1012" ID="SP_561.13.14.16" VPOS="2256" WIDTH="15"/>
            <String CONTENT="vehicles" HEIGHT="35" HPOS="1027" ID="ST_561.13.14.17" STYLEREFS="Style_4" VPOS="2256" WIDTH="149" WC="0.92" CC="00000000" TAGREFS=""/>
            <SP HPOS="1176" ID="SP_561.13.14.18" VPOS="2256" WIDTH="17"/>
            <String CONTENT="after" HEIGHT="35" HPOS="1193" ID="ST_561.13.14.19" STYLEREFS="Style_4" VPOS="2256" WIDTH="90" WC="1.00" CC="00000" TAGREFS=""/>
            <SP HPOS="1283" ID="SP_561.13.14.20" VPOS="2256" WIDTH="17"/>
            <String CONTENT="the" HEIGHT="35" HPOS="1300" ID="ST_561.13.14.21" STYLEREFS="Style_4" VPOS="2256" WIDTH="59" WC="0.87" CC="000" TAGREFS=""/>
          </TextLine>
          <TextLine HEIGHT="45" HPOS="142" ID="TL_561.13.15" VPOS="2304" WIDTH="1216">
            <String CONTENT="driver" HEIGHT="35" HPOS="142" ID="ST_561.13.15.1" STYLEREFS="Style_4" VPOS="2304" WIDTH="114" WC="1.00" CC="000000" TAGREFS=""/>
            <SP HPOS="256" ID="SP_561.13.15.2" VPOS="2304" WIDTH="11"/>
            <String CONTENT="of" HEIGHT="36" HPOS="267" ID="ST_561.13.15.3" STYLEREFS="Style_4" VPOS="2304" WIDTH="40" WC="1.00" CC="00" TAGREFS=""/>
            <SP HPOS="307" ID="SP_561.13.15.4" VPOS="2305" WIDTH="8"/>
            <String CONTENT="the" HEIGHT="35" HPOS="315" ID="ST_561.13.15.5" STYLEREFS="Style_4" VPOS="2305" WIDTH="59" WC="0.97" CC="000" TAGREFS=""/>
            <SP HPOS="374" ID="SP_561.13.15.6" VPOS="2305" WIDTH="11"/>
            <String CONTENT="passing" HEIGHT="44" HPOS="385" ID="ST_561.13.15.7" STYLEREFS="Style_4" VPOS="2305" WIDTH="138" WC="0.87" CC="0000000" TAGREFS=""/>
            <SP HPOS="523" ID="SP_561.13.15.8" VPOS="2315" WIDTH="11"/>
            <String CONTENT="car" HEIGHT="25" HPOS="534" ID="ST_561.13.15.9" STYLEREFS="Style_4" VPOS="2315" WIDTH="60" WC="0.81" CC="000" TAGREFS=""/>
            <SP HPOS="594" ID="SP_561.13.15.10" VPOS="2305" WIDTH="11"/>
            <String CONTENT="had" HEIGHT="35" HPOS="605" ID="ST_561.13.15.11" STYLEREFS="Style_4" VPOS="2305" WIDTH="70" WC="0.99" CC="000" TAGREFS=""/>
            <SP HPOS="675" ID="SP_561.13.15.12" VPOS="2311" WIDTH="11"/>
            <String CONTENT="cut" HEIGHT="29" HPOS="686" ID="ST_561.13.15.13" STYLEREFS="Style_4" VPOS="2311" WIDTH="60" WC="0.93" CC="000" TAGREFS=""/>
            <SP HPOS="746" ID="SP_561.13.15.14" VPOS="2306" WIDTH="11"/>
            <String CONTENT="in" HEIGHT="34" HPOS="757" ID="ST_561.13.15.15" STYLEREFS="Style_4" VPOS="2306" WIDTH="35" WC="0.60" CC="00" TAGREFS=""/>
            <SP HPOS="792" ID="SP_561.13.15.16" VPOS="2305" WIDTH="11"/>
            <String CONTENT="front" HEIGHT="36" HPOS="803" ID="ST_561.13.15.17" STYLEREFS="Style_4" VPOS="2305" WIDTH="94" WC="0.93" CC="00000" TAGREFS=""/>
            <SP HPOS="897" ID="SP_561.13.15.18" VPOS="2306" WIDTH="11"/>
            <String CONTENT="of" HEIGHT="34" HPOS="908" ID="ST_561.13.15.19" STYLEREFS="Style_4" VPOS="2306" WIDTH="39" WC="1.00" CC="00" TAGREFS=""/>
            <SP HPOS="947" ID="SP_561.13.15.20" VPOS="2306" WIDTH="9"/>
            <String CONTENT="him" HEIGHT="35" HPOS="956" ID="ST_561.13.15.21" STYLEREFS="Style_4" VPOS="2306" WIDTH="73" WC="0.89" CC="000" TAGREFS=""/>
            <SP HPOS="1029" ID="SP_561.13.15.22" VPOS="2306" WIDTH="11"/>
            <String CONTENT="and" HEIGHT="35" HPOS="1040" ID="ST_561.13.15.23" STYLEREFS="Style_4" VPOS="2306" WIDTH="69" WC="0.90" CC="000" TAGREFS=""/>
            <SP HPOS="1109" ID="SP_561.13.15.24" VPOS="2306" WIDTH="12"/>
            <String CONTENT="slowed" HEIGHT="35" HPOS="1121" ID="ST_561.13.15.25" STYLEREFS="Style_4" VPOS="2306" WIDTH="126" WC="1.00" CC="000000" TAGREFS=""/>
            <SP HPOS="1247" ID="SP_561.13.15.26" VPOS="2306" WIDTH="11"/>
            <String CONTENT="down" HEIGHT="35" HPOS="1258" ID="ST_561.13.15.27" STYLEREFS="Style_4" VPOS="2306" WIDTH="100" WC="0.74" CC="0000" TAGREFS=""/>
          </TextLine>
          <TextLine HEIGHT="45" HPOS="144" ID="TL_561.13.16" VPOS="2354" WIDTH="1215">
            <String CONTENT="sharply," HEIGHT="43" HPOS="144" ID="ST_561.13.16.1" STYLEREFS="Style_4" VPOS="2355" WIDTH="151" WC="0.88" CC="00000000" TAGREFS=""/>
            <SP HPOS="295" ID="SP_561.13.16.2" VPOS="2354" WIDTH="22"/>
            <String CONTENT="forcing" HEIGHT="43" HPOS="317" ID="ST_561.13.16.3" STYLEREFS="Style_4" VPOS="2354" WIDTH="133" WC="0.90" CC="0000000" TAGREFS=""/>
            <SP HPOS="450" ID="SP_561.13.16.4" VPOS="2355" WIDTH="19"/>
            <String CONTENT="him" HEIGHT="35" HPOS="469" ID="ST_561.13.16.5" STYLEREFS="Style_4" VPOS="2355" WIDTH="74" WC="0.77" CC="000" TAGREFS=""/>
            <SP HPOS="543" ID="SP_561.13.16.6" VPOS="2355" WIDTH="19"/>
            <String CONTENT="off" HEIGHT="34" HPOS="562" ID="ST_561.13.16.7" STYLEREFS="Style_4" VPOS="2355" WIDTH="51" WC="1.00" CC="000" TAGREFS=""/>
            <SP HPOS="613" ID="SP_561.13.16.8" VPOS="2356" WIDTH="18"/>
            <String CONTENT="the" HEIGHT="34" HPOS="631" ID="ST_561.13.16.9" STYLEREFS="Style_4" VPOS="2356" WIDTH="60" WC="0.82" CC="000" TAGREFS=""/>
            <SP HPOS="691" ID="SP_561.13.16.10" VPOS="2355" WIDTH="19"/>
            <String CONTENT="road." HEIGHT="35" HPOS="710" ID="ST_561.13.16.11" STYLEREFS="Style_4" VPOS="2355" WIDTH="95" WC="0.90" CC="00000" TAGREFS=""/>
            <SP HPOS="805" ID="SP_561.13.16.12" VPOS="2357" WIDTH="22"/>
            <String CONTENT="He" HEIGHT="33" HPOS="827" ID="ST_561.13.16.13" STYLEREFS="Style_4" VPOS="2357" WIDTH="57" WC="0.69" CC="00" TAGREFS=""/>
            <SP HPOS="884" ID="SP_561.13.16.14" VPOS="2355" WIDTH="18"/>
            <String CONTENT="testified" HEIGHT="36" HPOS="902" ID="ST_561.13.16.15" STYLEREFS="Style_4" VPOS="2355" WIDTH="150" WC="1.00" CC="000000000" TAGREFS=""/>
            <SP HPOS="1052" ID="SP_561.13.16.16" VPOS="2356" WIDTH="20"/>
            <String CONTENT="he" HEIGHT="34" HPOS="1072" ID="ST_561.13.16.17" STYLEREFS="Style_4" VPOS="2356" WIDTH="44" WC="0.90" CC="00" TAGREFS=""/>
            <SP HPOS="1116" ID="SP_561.13.16.18" VPOS="2367" WIDTH="19"/>
            <String CONTENT="was" HEIGHT="23" HPOS="1135" ID="ST_561.13.16.19" STYLEREFS="Style_4" VPOS="2367" WIDTH="70" WC="1.00" CC="000" TAGREFS=""/>
            <SP HPOS="1205" ID="SP_561.13.16.20" VPOS="2356" WIDTH="20"/>
            <String CONTENT="driving" HEIGHT="43" HPOS="1225" ID="ST_561.13.16.21" STYLEREFS="Style_4" VPOS="2356" WIDTH="134" WC="0.96" CC="0000000" TAGREFS=""/>
          </TextLine>
          <TextLine HEIGHT="44" HPOS="143" ID="TL_561.13.17" VPOS="2404" WIDTH="443">
            <String CONTENT="within" HEIGHT="34" HPOS="143" ID="ST_561.13.17.1" STYLEREFS="Style_4" VPOS="2404" WIDTH="121" WC="0.95" CC="000000" TAGREFS=""/>
            <SP HPOS="264" ID="SP_561.13.17.2" VPOS="2404" WIDTH="20"/>
            <String CONTENT="the" HEIGHT="35" HPOS="284" ID="ST_561.13.17.3" STYLEREFS="Style_4" VPOS="2404" WIDTH="60" WC="0.89" CC="000" TAGREFS=""/>
            <SP HPOS="344" ID="SP_561.13.17.4" VPOS="2404" WIDTH="19"/>
            <String CONTENT="speed" HEIGHT="44" HPOS="363" ID="ST_561.13.17.5" STYLEREFS="Style_4" VPOS="2404" WIDTH="103" WC="1.00" CC="00000" TAGREFS=""/>
            <SP HPOS="466" ID="SP_561.13.17.6" VPOS="2404" WIDTH="20"/>
            <String CONTENT="limit." HEIGHT="35" HPOS="486" ID="ST_561.13.17.7" STYLEREFS="Style_4" VPOS="2404" WIDTH="100" WC="0.94" CC="000000" TAGREFS=""/>
          </TextLine>
        </TextBlock>
      </PrintSpace>
    </Page>
  </Layout>
</alto>
