1655 2692
308 258 67 33 282

399 397 188 44 Appellant
596 407 101 33 urges
707 397 76 35 that
792 398 69 33 Act
873 397 67 34 370
950 397 122 43 passed
1083 397 33 34 in
1131 397 86 34 1977
1228 396 112 34 which
1350 395 170 35 amended

308 448 139 34 Section
460 449 20 32 2
492 446 68 35 and
572 447 140 35 Section
725 448 18 33 5
756 446 39 35 of
803 448 69 33 Act
888 447 63 34 159
964 446 61 35 has
1037 447 59 34 the
1107 446 104 34 effect
1222 445 39 35 of
1268 445 173 44 changing
1452 447 69 33 Act

313 498 62 34 159
388 502 35 29 to
433 497 59 35 the
502 508 96 23 same
608 498 104 33 effect
723 508 37 23 as
771 496 29 35 if
808 497 26 34 it
844 496 69 35 had
925 496 86 34 been
1022 496 182 43 originally
1214 495 145 36 enacted
1370 495 82 35 with
1463 496 58 34 the

308 547 173 34 exclusion
494 546 40 34 of
543 546 161 43 highway
714 551 184 29 contracts.
912 545 189 44 Appellant
1113 546 96 33 seeks
1222 550 36 29 to
1268 545 77 43 give
1357 545 58 33 the
1427 545 93 44 plain

308 596 162 42 meaning
492 601 36 29 to
549 595 59 34 the
630 596 172 43 language
823 595 145 34 without
990 595 123 43 regard
1135 600 36 29 to
1193 595 59 34 the
1273 594 110 34 intent
1405 594 39 35 of
1463 594 59 37 the

308 646 208 43 legislature.
530 646 39 33 In
580 650 143 39 support
733 645 39 34 of
780 645 68 34 this
860 645 158 44 position,
1030 645 189 44 Appellant
1230 654 123 33 argues
1364 643 77 36 that
1452 645 69 33 Act

309 696 42 35 65
376 695 39 35 of
440 696 98 39 1929,
562 695 112 34 which
698 695 124 35 relates
845 700 36 29 to
903 695 234 34 construction
1160 694 40 35 of
1219 699 90 29 state
1332 694 188 44 highways,

308 745 123 35 should
446 745 104 44 apply
565 744 68 35 and
648 746 28 34 is
692 745 33 34 in
741 745 138 34 conflict
894 744 82 35 with
991 745 70 34 Act
1080 746 74 33 102.
1171 745 69 33 Act
1256 745 42 33 65
1315 743 156 44 provides
1486 744 35 34 in

308 796 140 34 Section
470 796 39 34 18
528 795 68 35 and
615 796 40 34 21
677 795 76 35 that
770 795 46 35 all
833 798 173 31 contracts
1024 795 88 34 shall
1129 795 44 34 be
1190 794 69 34 “let
1276 799 35 29 to
1328 794 59 34 the
1404 793 118 36 lowest

309 846 155 35 bidder.”

399 923 33 35 A
445 922 109 34 closer
567 922 190 43 inspection
770 922 40 34 of
819 922 59 34 the
891 921 224 43 background
1128 921 69 36 and
1209 932 165 33 purposes
1387 921 39 35 of
1436 922 86 34 Acts

312 973 75 39 102,
413 973 63 32 159
498 971 68 34 and
589 972 67 33 370
676 971 82 35 does
778 976 60 29 not
858 976 142 38 support
1020 971 218 43 Appellant’s
1258 970 226 35 contentions.

492 1047 74 34 The
579 1047 96 34 basic
688 1046 200 44 preference
901 1046 188 43 provisions
1103 1046 39 34 of
1153 1047 69 33 Act
1240 1047 64 32 102
1318 1056 90 23 were
1420 1046 101 42 origi­

309 1096 93 43 nally
427 1095 108 35 found
561 1096 34 33 in
621 1097 69 33 Act
716 1096 68 34 264
809 1095 39 35 of
875 1096 98 34 1961.
1000 1096 69 33 Act
1096 1096 68 33 264
1189 1106 70 23 was
1285 1094 109 34 found
1419 1100 35 29 to
1479 1095 44 34 be

309 1145 307 35 unconstitutional
630 1145 34 34 in
677 1147 122 41 Rayco
813 1146 247 33 Construction
1075 1146 182 42 Company
1269 1155 30 23 v.
1318 1145 203 42 Vorsanger,

310 1196 66 34 397
392 1196 35 33 F.
441 1195 107 43 Supp.
567 1195 86 34 1105
670 1194 102 43 (E.D.
785 1195 85 33 Ark.
888 1193 104 43 1975)
1007 1194 69 35 and
1089 1195 70 33 Act
1175 1195 64 33 102
1252 1204 70 24 was
1335 1194 139 34 created
1487 1199 35 29 to

309 1245 137 43 comply
456 1244 82 34 with
549 1244 59 34 the
618 1245 146 34 dictates
775 1244 38 34 of
821 1244 59 34 the
891 1244 144 36 Federal
1046 1244 111 34 Court
1167 1243 113 43 ruling
1290 1243 69 34 and
1370 1248 36 29 to
1416 1244 76 42 give
1502 1254 20 23 a

308 1294 296 43 constitutionally
614 1293 110 35 sound
734 1294 83 35 base
826 1299 36 29 to
872 1293 59 35 the
941 1293 222 44 preferential
1174 1298 146 29 statutes
1330 1292 112 35 which
1453 1292 69 35 had

308 1343 193 45 previously
512 1343 86 35 been
610 1343 145 36 enacted
767 1354 37 24 as
815 1344 70 34 Act
897 1344 78 33 264.
987 1344 75 34 The
1072 1343 147 43 original
1230 1342 200 45 preference
1440 1344 80 39 Act,

308 1395 69 33 Act
392 1394 79 40 264,
486 1393 124 40 stated,
626 1405 38 23 as
678 1393 82 35 does
774 1394 70 34 Act
862 1394 76 40 102,
953 1393 77 35 that
1044 1394 26 34 it
1085 1392 138 47 applied
1237 1398 36 29 to
1287 1392 47 35 all
1348 1397 173 30 contracts

308 1443 170 43 governed
499 1443 45 44 by
565 1444 70 33 Act
659 1445 63 33 159
745 1443 68 35 and
834 1442 113 35 would
968 1442 174 36 therefore
1162 1442 104 45 apply
1287 1447 36 29 to
1343 1442 59 34 the
1423 1443 100 34 State

309 1493 173 44 Highway
492 1493 243 35 Commission.
747 1494 58 33 No
816 1492 188 35 indication
1015 1504 70 23 was
1095 1493 100 43 given
1205 1493 35 34 in
1250 1493 70 34 Act
1334 1493 65 34 102
1409 1493 77 34 that
1496 1492 27 35 it

308 1542 113 36 would
441 1548 59 30 not
518 1542 104 46 apply
640 1549 36 29 to
694 1543 59 35 the
773 1543 173 43 Highway
965 1542 243 36 Commission.
1230 1542 34 34 If
1280 1542 77 34 that
1375 1553 70 24 was
1464 1542 59 35 the

309 1593 168 35 intention
499 1592 39 35 of
556 1593 59 34 the
637 1593 226 43 Legislature,
886 1592 77 35 that
985 1593 174 34 exclusion
1181 1592 123 35 should
1327 1592 87 34 have
1435 1593 87 34 been

309 1643 121 44 placed
450 1654 44 23 on
515 1643 59 34 the
593 1642 78 36 face
691 1643 39 34 of
747 1643 59 34 the
825 1643 79 34 Act.

491 1720 34 34 A
539 1719 135 35 further
687 1719 144 43 reading
844 1718 41 36 of
893 1719 71 34 Act
979 1720 79 40 370,
1073 1719 113 34 which
1200 1718 143 35 amends
1357 1719 70 34 Act
1445 1719 75 40 159,

308 1775 106 29 states
429 1769 33 34 in
477 1769 43 34 its
534 1769 178 43 preamble
724 1769 76 34 that
814 1769 59 35 the
887 1779 148 33 purpose
1048 1769 40 34 of
1098 1769 60 34 the
1170 1769 70 34 Act
1253 1779 70 24 was
1336 1773 36 30 to
1386 1768 135 35 “Allow

309 1819 52 34 for
375 1819 59 34 the
448 1819 206 34 Downward
668 1819 227 43 Negotiation
910 1818 39 35 of
960 1818 82 35 Bids
1057 1818 54 35 for
1125 1818 121 35 Public
1260 1817 178 44 Buildings
1453 1818 69 35 and

309 1870 281 42 Improvements.
619 1896 6 6 .
653 1896 6 7 .
688 1869 30 34 .”
733 1869 140 34 Section
890 1870 13 33 1
921 1868 157 44 provides
1091 1868 54 35 for
1158 1867 196 35 downward
1368 1868 153 43 negotia­

308 1919 72 34 tion
404 1918 68 35 and
496 1918 140 35 Section
660 1920 21 33 2
704 1918 160 35 excludes
888 1918 180 35 Arkansas
1093 1918 173 43 Highway
1289 1918 233 34 Commission

308 1973 173 29 contracts
493 1968 90 34 from
593 1969 69 33 Act
677 1969 75 34 159.
764 1968 111 34 Given
886 1967 59 35 the
955 1968 114 34 stated
1080 1978 147 33 purpose
1237 1967 40 34 of
1283 1968 69 33 Act
1364 1968 78 40 370,
1453 1967 68 34 this

309 2017 174 35 exclusion
496 2016 122 35 should
631 2018 44 34 be
687 2017 82 35 read
782 2017 80 44 only
874 2022 36 30 to
922 2027 138 25 remove
1073 2017 160 43 highway
1245 2021 173 30 contracts
1431 2016 91 35 from

309 2067 59 35 the
383 2066 196 36 downward
595 2067 212 44 negotiation
825 2066 188 45 provisions
1029 2067 69 35 and
1115 2072 59 29 not
1190 2066 91 35 from
1297 2066 59 34 the
1371 2067 150 43 require­

308 2122 112 30 ments
440 2117 41 35 of
496 2117 60 34 the
575 2116 126 36 formal
722 2116 142 44 bidding
885 2116 190 45 procedure
1095 2122 51 30 set
1166 2116 93 35 forth
1279 2116 35 35 in
1334 2117 69 34 Act
1427 2117 75 34 159.

493 2194 157 41 Further,
660 2185 86 43 Acts
758 2195 66 33 370
835 2193 69 35 and
918 2194 64 34 102
991 2204 90 24 were
1090 2193 84 35 both
1184 2192 123 45 passed
1316 2193 35 34 in
1360 2192 60 36 the
1433 2194 87 34 1977

309 2243 207 43 Legislative
532 2243 149 35 Session.
699 2243 187 35 Inasmuch
902 2254 38 23 as
957 2243 82 44 they
1054 2254 90 23 were
1159 2242 123 45 passed
1299 2248 36 29 at
1351 2242 59 35 the
1425 2254 97 23 same

308 2293 95 41 time,
422 2293 26 34 it
466 2293 28 34 is
512 2293 92 34 clear
621 2294 77 34 that
715 2293 60 35 the
791 2292 150 35 drafters
960 2292 164 36 intended
1141 2293 77 34 that
1235 2293 70 33 Act
1326 2293 65 33 102
1408 2292 113 35 would

308 2343 104 43 apply
423 2348 36 29 to
470 2343 45 34 all
527 2347 174 30 contracts
712 2342 161 35 included
885 2342 35 35 in
931 2343 70 33 Act
1016 2344 64 33 159
1092 2354 38 23 as
1141 2343 77 33 that
1229 2343 70 33 Act
1309 2341 83 35 read
1404 2342 119 34 before

308 2393 60 33 the
384 2392 224 34 amendment
624 2398 52 29 set
692 2397 60 29 out
769 2392 34 34 in
820 2393 69 33 Act
907 2393 78 33 370.
1003 2392 81 43 Any
1099 2392 99 34 other
1214 2391 143 43 reading
1374 2391 39 34 of
1426 2392 97 34 these
