1664 2697
138 414 83 36 fees.
239 416 104 34 Since
358 426 51 23 we
424 414 71 36 find
511 415 78 34 that
605 416 59 34 the
679 420 60 29 tax
755 415 27 34 is
798 415 272 41 constitutional,
1087 415 68 35 this
1171 421 183 37 argument

138 465 88 35 need
247 471 60 29 not
327 465 43 34 be
389 465 197 35 addressed.

1286 275 65 34 505

231 545 205 44 Appellants
449 550 82 30 next
544 544 150 36 contend
707 545 88 41 that,
809 545 309 43 notwithstanding
1131 546 59 34 the
1202 544 152 36 decision

139 605 44 24 on
193 595 60 34 the
262 594 129 41 merits,
402 595 209 35 Chancellor
621 594 136 35 Bullion
767 594 98 36 erred
875 595 34 34 in
919 594 150 45 denying
1079 595 96 35 them
1184 605 44 24 an
1238 594 116 36 award

139 644 40 35 of
186 645 187 41 $9,270.42
383 645 34 34 in
427 645 187 43 attorneys’
625 645 83 35 fees.
719 645 75 34 The
802 645 197 34 chancellor
1009 644 108 35 found
1127 645 76 35 that
1213 644 140 36 refunds

139 705 90 24 were
240 694 103 35 made
353 700 36 29 to
399 695 59 35 the
468 694 89 36 class
568 694 92 35 from
671 700 96 29 taxes
779 696 220 43 erroneously
1009 695 167 35 collected
1187 701 167 38 pursuant

140 749 36 30 to
204 755 205 34 emergency
436 745 223 44 regulations,
687 744 119 36 before
833 745 59 34 the
918 745 83 35 final
1029 745 211 44 regulations
1267 756 89 25 were

140 795 158 35 enacted.
317 795 75 35 The
408 796 82 34 final
509 796 212 43 regulations
740 795 59 35 did
817 800 59 30 not
894 795 139 35 include
1050 796 68 34 this
1137 796 219 44 erroneously

140 845 168 35 collected
334 850 69 29 tax.
430 846 74 34 The
527 845 109 43 judge
661 845 109 41 ruled,
797 846 167 41 however,
991 845 77 35 that
1094 846 97 34 there
1216 857 69 23 was
1312 857 44 24 no

140 905 162 24 common
317 894 86 35 fund
416 895 92 34 from
520 895 114 34 which
648 895 60 35 the
721 895 185 43 attorneys’
922 895 72 35 fees
1008 895 103 34 could
1124 896 44 34 be
1180 895 92 43 paid,
1287 895 69 35 and

141 944 125 34 denied
287 945 59 34 the
365 945 113 34 claim.
501 945 66 34 We
587 953 113 35 agree.

351 1024 38 34 In
402 1023 140 40 Powell,
559 1025 132 42 Mayor
704 1023 46 45 of
755 1025 130 34 N.L.R.
900 1035 31 23 v.
945 1026 132 41 Henry,
1093 1025 67 34 267
1175 1025 85 34 Ark.
1275 1026 80 40 484,

143 1074 68 33 592
230 1073 144 35 S.W.2d
396 1075 63 33 107
483 1073 139 43 (1980),
642 1073 60 36 the
721 1075 193 43 appellants
933 1074 126 43 sought
1078 1075 186 42 attorneys’
1285 1074 71 35 fees

142 1122 91 35 from
246 1123 142 35 refunds
400 1124 76 34 that
488 1134 90 24 were
590 1123 104 36 made
706 1129 36 29 to
754 1124 173 35 electrical
940 1130 210 37 ratepayers.
1164 1124 83 35 This
1259 1129 98 30 court

142 1172 80 35 held
231 1173 77 35 that
318 1173 186 44 attorneys’
514 1173 72 35 fees
596 1184 90 24 were
695 1184 123 33 proper
827 1173 149 35 because
985 1174 59 35 the
1054 1174 124 35 refund
1188 1174 138 35 created
1336 1186 20 23 a

141 1233 162 24 common
324 1222 96 42 fund,
442 1222 68 36 and
531 1223 124 35 stated:

272 1302 106 44 [T]he
399 1304 115 34 action
537 1315 70 23 was
630 1315 20 24 a
673 1304 88 34 class
784 1304 126 41 action,
933 1304 113 35 which
1069 1304 151 35 resulted
1242 1305 34 34 in
1299 1305 59 35 the

267 1363 160 33 recovery
452 1353 39 35 of
513 1364 20 23 a
560 1354 208 34 substantial
794 1359 144 30 amount
963 1354 113 35 which
1101 1354 209 35 constituted
1337 1366 20 24 a

266 1413 162 24 common
448 1403 97 35 fund.
566 1403 75 35 The
661 1403 188 36 allowance
868 1403 40 35 of
925 1404 187 44 attorneys’
1134 1404 72 35 fees
1227 1404 90 35 from
1336 1416 21 23 a

267 1463 160 24 common
457 1452 86 36 fund
574 1453 210 35 established
813 1465 38 23 or
880 1454 211 43 augmented
1121 1454 149 43 through
1299 1455 59 34 the

267 1502 119 35 efforts
398 1502 39 35 of
446 1503 59 34 the
516 1508 176 39 attorneys
705 1508 35 30 to
751 1504 114 34 whom
876 1503 60 35 the
947 1503 56 35 fee
1014 1503 27 35 is
1054 1503 145 36 allowed
1210 1504 28 34 is
1250 1515 20 24 a
1282 1504 75 35 well

267 1552 203 43 recognized
491 1553 153 43 practice
664 1553 69 35 and
754 1553 27 35 is
801 1564 133 34 proper,
958 1553 178 44 (citations
1156 1554 173 43 omitted).

142 1632 148 35 Awards
308 1631 88 36 have
412 1633 87 35 been
516 1632 104 36 made
637 1634 46 43 by
699 1639 116 29 courts
832 1633 107 35 based
956 1645 44 23 on
1018 1633 59 35 the
1094 1645 160 24 common
1272 1634 86 35 fund

142 1681 157 36 doctrine
312 1682 113 35 where
437 1683 59 35 the
508 1683 173 43 litigation
694 1684 123 34 results
830 1683 34 35 in
877 1684 60 34 the
948 1684 155 35 creation
1115 1684 40 35 of
1164 1696 21 23 a
1198 1695 160 24 common

143 1731 87 35 fund
250 1732 137 44 against
406 1732 112 36 which
537 1733 60 35 the
617 1733 72 35 fees
709 1744 81 33 may
810 1734 42 34 be
872 1733 172 36 awarded.
1065 1734 227 42 Annotation,
1313 1736 43 34 89

143 1781 183 36 A.L.R.3d
347 1783 78 40 690,
447 1784 64 33 701
538 1782 138 43 (1979).

353 1862 39 33 In
402 1861 132 43 finding
545 1862 78 34 that
633 1862 60 34 the
703 1872 161 25 common
875 1862 87 34 fund
974 1862 234 43 requirement
1218 1874 69 23 was
1299 1867 60 31 not

142 1916 84 35 met,
248 1911 207 35 Chancellor
476 1911 137 35 Bullion
634 1911 182 44 explained
836 1911 34 35 in
891 1923 20 23 a
932 1912 101 35 letter
1053 1913 139 43 opinion
1212 1913 86 34 that:

360 1991 154 34 Because
527 1990 60 35 the
601 1991 111 35 Court
725 1991 138 35 refused
877 1997 36 29 to
927 1992 115 43 enjoin
1056 1992 60 35 the
1129 1992 180 35 collection
1323 1991 39 36 of

267 2040 69 34 this
361 2045 69 36 tax,
455 2040 69 35 and
549 2040 140 35 refused
713 2046 36 29 to
773 2041 136 44 require
933 2042 60 34 the
1016 2046 60 29 tax
1100 2041 132 35 monies
1256 2047 35 29 to
1316 2042 43 34 be

267 2090 178 42 deposited
469 2090 35 33 in
528 2100 45 23 an
597 2100 128 23 escrow
749 2095 158 35 account,
932 2091 46 33 all
1002 2090 40 33 of
1061 2091 60 33 the
1144 2096 60 28 tax
1227 2091 131 33 monies

268 2137 167 34 collected
455 2137 110 35 under
585 2139 70 33 Act
676 2139 67 33 685
765 2138 87 34 have
872 2138 98 41 been,
991 2138 69 35 and
1081 2150 60 23 are
1161 2149 75 24 now
1257 2139 102 43 being

268 2186 177 44 deposited
463 2187 35 34 in
516 2186 59 35 the
592 2187 101 34 State
710 2187 182 44 Treasury.
910 2188 114 34 There
1041 2188 28 34 is
1087 2198 44 24 no
1149 2187 209 44 impounded

268 2235 86 36 fund
366 2235 90 36 from
466 2236 113 35 which
590 2242 91 30 costs
692 2237 69 35 and
772 2237 72 35 fees
854 2237 77 35 that
942 2237 112 45 might
1065 2237 43 35 be
1119 2238 144 35 allowed
1273 2238 54 35 for
1338 2250 20 23 a

268 2286 189 36 successful
477 2293 185 38 taxpayers
683 2287 115 35 action
818 2293 36 30 to
873 2288 44 35 be
936 2288 130 35 drawn.

361 2367 137 35 Monies
518 2367 81 44 paid
619 2368 46 44 by
684 2368 155 35 truckers
859 2368 109 35 under
987 2368 60 36 the
1065 2368 166 36 offensive
1250 2380 108 24 emer-

268 2427 110 33 gency
388 2417 193 44 regulation
592 2418 80 44 long
683 2428 66 33 ago
759 2418 123 35 ceased
893 2423 35 30 to
939 2419 43 34 be
992 2418 92 44 paid,
1095 2419 69 34 and
1175 2418 98 35 those
1282 2419 77 35 who
