1679 2702
1279 254 63 34 641

229 771 200 44 Appellant,
446 782 68 32 pro
533 783 48 23 se.

229 847 105 35 Steve
349 846 119 42 Clark,
483 847 100 44 Att’y
597 848 101 40 Gen.,
714 848 54 44 by:
788 847 180 36 Theodore
980 848 148 42 Holder,
1143 849 93 34 Asst.
1251 849 99 44 Att’y

139 897 101 40 Gen.,
263 896 52 35 for
335 897 164 43 appellee.

230 973 75 34 Per
316 973 163 35 Curiam.

492 974 39 33 In
542 973 59 35 the
611 973 131 35 motion
753 973 118 35 before
880 984 40 25 us
932 974 121 43 Bobby
1063 975 116 34 James
1191 974 159 42 Roberts,

139 1033 21 23 a
181 1022 115 44 prison
317 1022 130 36 inmate
466 1023 77 34 who
563 1023 28 34 is
611 1023 207 44 proceeding
834 1035 68 32 pro
920 1035 38 23 se
977 1034 44 24 on
1042 1024 134 44 appeal,
1197 1030 154 38 requests

139 1072 204 44 permission
356 1077 35 30 to
403 1073 56 34 file
471 1083 20 24 a
505 1072 138 35 belated
656 1073 99 35 brief.
768 1073 74 35 The
854 1074 123 44 appeal
990 1074 28 34 is
1031 1073 90 36 from
1134 1085 44 23 an
1190 1074 113 34 Order
1315 1074 39 35 of

140 1122 59 34 the
213 1122 123 34 circuit
350 1127 97 30 court
461 1122 149 44 denying
626 1123 160 35 Roberts’
801 1124 130 34 motion
945 1123 54 35 for
1012 1124 196 44 transcript.
1223 1124 128 44 Appel-

140 1171 73 35 lant
235 1172 165 35 contends
421 1172 76 35 that
519 1173 59 34 the
599 1172 101 44 delay
722 1173 34 34 in
777 1173 205 44 submitting
1003 1173 52 35 his
1077 1173 92 35 brief
1186 1174 165 35 occurred

140 1221 150 35 because
300 1222 44 34 he
353 1222 58 34 did
422 1227 59 30 not
491 1222 88 35 have
589 1233 117 25 access
715 1228 37 30 to
762 1234 20 24 a
792 1223 207 44 typewriter,
1011 1224 80 41 and,
1102 1234 38 25 as
1151 1234 20 24 a
1181 1224 116 41 result,
1308 1224 44 35 he

140 1271 70 35 had
230 1276 36 30 to
286 1272 84 34 send
390 1272 58 35 the
468 1272 93 35 brief
577 1277 36 29 to
633 1273 59 34 the
712 1278 158 39 attorney
890 1272 53 36 for
963 1274 148 34 inmates
1132 1273 53 35 for
1205 1274 129 44 typing.

325 1348 74 34 The
411 1348 93 35 brief
515 1348 34 35 in
563 1348 159 44 question
735 1359 70 25 was
819 1349 103 44 typed
936 1350 99 34 when
1049 1349 27 35 it
1089 1360 70 24 was
1172 1350 180 44 originally

140 1397 167 41 received,
326 1397 61 35 but
404 1398 26 34 it
446 1409 70 23 was
534 1403 60 29 not
610 1398 81 35 filed
709 1399 147 34 because
873 1399 26 35 it
915 1399 59 34 did
992 1404 60 30 not
1068 1399 157 35 conform
1241 1404 36 30 to
1293 1400 59 35 the

140 1448 92 34 rules
246 1447 39 34 of
296 1447 69 35 this
379 1448 120 34 Court.
515 1449 140 43 Among
668 1448 61 35 the
741 1459 105 33 many
860 1449 217 35 deficiencies
1091 1449 35 35 in
1140 1449 59 34 the
1212 1449 99 42 brief,
1326 1450 26 35 it

140 1497 123 34 lacked
274 1508 20 23 a
305 1502 186 30 statement
501 1498 40 34 of
547 1498 60 34 the
617 1508 91 31 case,
719 1499 112 43 points
843 1498 53 35 for
906 1499 148 35 reversal
1065 1498 68 35 and
1145 1510 44 23 an
1199 1500 153 34 abstract

139 1547 40 34 of
192 1546 59 35 the
267 1547 153 35 record.*
439 1548 64 34 We
518 1547 82 35 hold
616 1548 46 34 all
679 1548 153 43 litigants
848 1554 35 29 to
898 1548 60 35 the
973 1548 214 44 abstracting
1203 1549 148 44 require­

141 1602 112 29 ments
264 1597 40 34 of
312 1597 90 35 Rule
413 1599 19 33 9
444 1597 39 34 of
491 1597 59 35 the
561 1598 107 34 Rules
679 1597 40 35 of
725 1598 60 35 the
795 1599 177 34 Arkansas
983 1599 171 43 Supreme
1164 1599 109 35 Court
1284 1599 68 35 and

140 1646 112 35 Court
268 1647 40 34 of
320 1647 164 44 Appeals,
501 1647 178 44 including
695 1648 98 35 those
809 1648 206 44 proceeding
1027 1659 68 33 pro
1110 1660 48 23 se.
1175 1650 130 42 Bryant
1320 1661 31 23 v.

141 1696 189 43 Lockhart,
342 1698 66 34 288
420 1697 84 35 Ark.
518 1698 157 41 302, 705
687 1697 143 36 S.W.2d
841 1699 20 34 9
874 1698 138 44 (1986).
1023 1698 189 45 Appellant
1221 1699 62 35 has
1294 1705 59 29 not

140 1747 178 34 corrected
334 1747 59 34 the
409 1747 99 41 brief,
526 1748 62 34 but
604 1748 63 35 has
683 1748 130 43 merely
829 1748 189 35 submitted
1034 1748 27 35 it
1077 1749 103 43 again
1196 1749 82 35 with
1294 1749 59 35 the

140 1796 133 35 motion
294 1797 53 34 for
366 1797 203 43 permission
589 1802 36 29 to
644 1797 59 35 file
722 1798 27 34 it
768 1799 80 33 late.

326 1871 103 34 Since
438 1871 59 34 the
507 1871 92 34 brief
606 1882 38 23 as
654 1872 190 34 submitted
854 1872 28 34 is
891 1873 132 42 grossly
1032 1872 172 41 deficient,
1215 1873 26 34 it
1251 1873 101 34 could

141 1925 60 29 not
227 1919 44 35 be
297 1919 80 35 filed
403 1930 83 24 even
513 1920 30 34 if
566 1920 177 44 appellant
769 1921 69 34 had
864 1922 99 42 given
990 1932 21 24 a
1037 1922 89 42 good
1152 1932 122 24 reason
1300 1922 54 34 for

140 1969 207 42 submitting
363 1969 26 34 it
405 1970 79 34 late.
502 1970 66 34 We
583 1970 88 35 have
686 1970 75 35 said
777 1970 76 35 that
869 1971 139 34 counsel
1024 1971 68 34 will
1109 1972 43 34 be
1168 1971 185 44 appointed

140 2029 94 34 upon
243 2029 123 34 proper
375 2019 131 35 motion
515 2019 53 35 for
577 2020 60 34 the
642 2030 69 34 pro
718 2031 37 24 se
764 2020 176 44 appellant
948 2020 35 35 in
992 2032 21 23 a
1022 2020 159 35 criminal
1190 2032 79 24 case
1276 2021 77 35 who

141 2069 28 34 is
185 2069 128 35 unable
328 2074 35 29 to
379 2068 150 45 produce
544 2081 45 24 an
605 2070 202 44 acceptable
817 2081 68 34 pro
899 2081 38 24 se
951 2070 100 36 brief.
1069 2072 111 34 Green
1194 2082 30 24 v.
1239 2071 113 42 State,

141 2120 68 34 277
237 2120 85 35 Ark.
356 2121 75 40 129,
459 2120 67 35 639
555 2120 144 35 S.W.2d
727 2122 67 33 512
823 2120 138 44 (1982).
990 2122 189 43 Appellant
1205 2122 62 35 has
1294 2127 60 30 not

141 2170 183 44 requested
344 2171 239 43 appointment
602 2170 39 35 of
656 2171 140 35 counsel
815 2171 68 35 and
903 2172 150 35 remains
1072 2172 210 44 responsible
1300 2172 54 35 for

209 2321 14 15 *
258 2322 55 26 The
320 2326 102 22 content
429 2322 29 26 of
464 2323 43 25 the
514 2323 67 26 brief
587 2323 20 25 is
615 2323 29 25 of
649 2331 70 18 some
726 2331 107 18 concern
841 2332 28 17 as
878 2324 18 25 it
905 2324 110 31 pertains
1023 2327 26 22 to
1056 2332 16 17 a
1079 2328 117 28 separate
1203 2324 104 32 petition
1316 2324 38 26 for

141 2364 198 31 postconviction
350 2364 72 25 relief
429 2364 81 25 which
520 2372 52 18 was
581 2365 53 25 also
642 2364 92 26 denied
743 2365 32 32 by
785 2365 43 25 the
837 2365 57 25 trial
903 2369 81 26 court,
994 2365 84 25 rather
1088 2366 62 25 than
1159 2365 44 25 the
1211 2365 95 26 motion
1316 2365 38 26 for

142 2405 136 32 transcript
293 2405 80 26 which
389 2406 19 24 is
424 2406 42 25 the
480 2406 84 25 actual
579 2406 98 32 subject
692 2405 28 26 of
732 2406 44 25 the
790 2405 94 26 instant
898 2406 98 32 appeal.
