1671 2700
136 432 116 39 report
269 432 35 29 to
321 427 42 34 be
380 427 203 34 introduced
600 427 72 34 into
689 426 162 35 evidence
867 426 69 35 and
953 426 145 35 allowed
1115 426 185 44 testimony
1316 427 35 34 in

136 477 147 35 relation
299 482 35 29 to
350 477 67 34 this
433 482 125 39 report.
576 477 99 35 Once
691 476 67 35 this
774 477 91 34 issue
880 477 145 34 became
1040 476 39 34 of
1092 476 131 41 record,
1239 476 26 35 it
1281 487 70 24 was

136 538 183 32 necessary
342 526 52 35 for
416 527 59 34 the
496 532 100 30 court
618 532 35 29 to
676 526 102 35 make
800 526 136 35 written
958 526 149 43 findings
1130 526 39 34 of
1188 526 72 35 fact
1283 526 68 35 and

136 576 217 35 conclusions
373 576 39 35 of
429 577 76 34 law.

1283 286 66 33 317

370 708 90 34 Rule
475 708 136 43 37.3(a)
629 707 157 45 provides
800 708 77 34 that
892 707 89 44 “[i]f
992 708 60 34 the
1066 707 131 35 motion
1212 707 68 35 and
1294 708 60 34 the

137 758 74 35 files
223 757 69 36 and
304 758 136 34 records
451 758 40 34 of
498 758 59 35 the
568 769 80 24 case
658 758 230 44 conclusively
898 758 94 35 show
1003 757 78 36 that
1091 758 60 34 the
1161 758 153 43 prisoner
1325 758 27 34 is

138 807 144 36 entitled
295 813 36 29 to
343 818 43 24 no
399 808 108 41 relief,
520 808 59 34 the
591 808 80 35 trial
684 813 98 29 court
794 808 88 34 shall
894 809 103 34 make
1008 808 137 34 written
1157 808 148 43 findings
1318 813 35 29 to

137 858 78 34 that
233 857 114 41 effect,
365 857 191 44 specifying
574 869 68 33 any
659 863 95 38 parts
772 857 39 35 of
824 858 59 34 the
900 858 73 34 files
991 868 38 24 or
1046 857 137 35 records
1201 858 76 34 that
1295 869 59 23 are

138 908 107 34 relied
257 918 92 33 upon
361 912 35 29 to
408 908 132 34 sustain
552 908 60 34 the
623 908 128 34 court’s
762 907 183 44 findings.”
959 908 114 34 When
1085 918 45 24 an
1142 908 211 44 evidentiary

138 958 145 43 hearing
297 957 28 34 is
338 957 79 34 held
430 968 44 24 on
488 968 21 24 a
523 958 91 34 Rule
628 958 42 34 37
685 957 156 44 petition,
854 958 69 34 this
936 958 76 34 rule
1024 957 28 34 is
1065 957 206 44 mandatory
1285 958 69 34 and

139 1007 153 44 requires
311 1007 134 35 written
464 1007 160 44 findings.
648 1007 173 35 Williams
838 1018 30 24 v.
886 1008 114 41 State,
1020 1008 68 34 272
1106 1007 85 35 Ark.
1211 1008 55 41 98,
1286 1008 68 34 612

139 1056 144 36 S.W.2d
300 1058 63 33 115
379 1057 294 43 (1981); State v.
687 1059 157 40 Maness,
858 1059 68 33 264
938 1058 85 34 Ark.
1042 1058 75 40 190,
1132 1058 66 34 569
1212 1058 142 34 S.W.2d

139 1108 68 34 665
231 1106 137 44 (1978).

371 1239 66 34 We
449 1238 45 35 do
507 1244 60 29 not
581 1249 138 24 remove
732 1238 91 35 from
836 1239 59 34 the
908 1239 80 35 trial
1001 1244 99 30 court
1113 1239 43 34 its
1170 1239 185 35 discretion

139 1293 36 29 to
194 1288 192 35 determine
404 1289 112 34 which
536 1288 40 35 of
592 1289 59 34 the
670 1299 105 33 many
794 1289 107 34 issues
921 1289 96 34 often
1037 1289 113 34 raised
1169 1289 34 34 in
1224 1300 19 23 a
1263 1294 91 39 post-­

140 1337 194 36 conviction
350 1338 144 44 petition
512 1349 59 24 are
587 1338 231 44 conclusively
834 1339 145 34 without
996 1339 102 34 merit
1115 1339 68 34 and
1200 1339 79 35 thus
1296 1344 60 30 not

140 1388 154 35 relevant
307 1393 35 29 to
355 1388 59 34 the
426 1388 213 45 evidentiary
652 1388 144 44 hearing
809 1399 44 24 on
866 1389 59 35 the
937 1389 156 44 petition.
1108 1389 40 34 In
1161 1389 82 41 fact,
1258 1389 30 35 if
1297 1389 59 35 the

140 1438 121 34 record
281 1438 228 44 conclusively
527 1439 112 34 shows
658 1438 77 35 that
754 1449 20 24 a
793 1439 182 43 petitioner
994 1439 28 34 is
1041 1444 60 29 not
1119 1439 143 35 entitled
1281 1444 35 30 to
1335 1450 20 24 a

141 1488 144 43 hearing
306 1498 43 24 on
370 1499 67 32 any
457 1488 91 34 issue
568 1488 114 35 raised
703 1488 35 34 in
758 1488 59 35 the
837 1489 142 41 motion,
1001 1488 68 35 this
1089 1494 99 29 court
1208 1489 67 34 will
1297 1495 59 29 not

140 1548 135 24 reverse
303 1536 53 35 for
384 1548 20 23 a
433 1537 125 35 failure
586 1543 36 29 to
650 1538 103 34 make
781 1538 135 35 written
945 1538 149 43 findings
1122 1538 39 34 of
1186 1538 72 35 fact
1287 1539 68 34 and

140 1586 216 35 conclusions
384 1586 40 35 of
449 1587 65 34 law
542 1587 199 44 explaining
769 1587 77 44 why
874 1588 59 34 the
961 1588 132 34 motion
1121 1599 70 23 was
1219 1588 134 35 denied.

138 1637 184 35 Simmons
330 1647 30 23 v.
370 1637 113 40 State,
494 1638 67 33 265
573 1638 85 33 Ark.
670 1637 289 41 48, 578 S.W.2d
973 1639 41 33 12
1026 1637 137 43 (1979).
1176 1639 178 40 However,

139 1696 87 25 once
239 1697 21 24 a
275 1685 143 44 hearing
432 1686 27 35 is
473 1686 80 35 held
568 1687 69 35 and
652 1697 44 24 an
710 1687 91 35 issue
814 1687 27 35 is
857 1688 152 44 actually
1023 1687 201 35 considered
1238 1688 45 44 by
1296 1688 60 35 the

140 1742 111 36 court,
263 1737 43 34 its
317 1737 186 35 resolution
514 1743 94 29 must
619 1738 43 35 be
672 1737 186 45 supported
870 1738 45 44 by
925 1738 137 35 written
1073 1738 148 44 findings
1232 1749 37 24 so
1281 1739 75 35 that

141 1787 98 36 there
257 1798 65 25 can
342 1787 42 36 be
402 1799 20 24 a
441 1788 217 45 meaningful
677 1788 122 36 review
817 1788 39 36 of
871 1789 60 35 the
948 1788 235 46 proceedings.
1203 1789 152 36 Accord­

141 1838 105 45 ingly,
270 1838 59 36 the
351 1839 79 34 trial
452 1845 99 29 court
574 1839 203 36 committed
800 1851 94 23 error
916 1840 35 35 in
973 1845 61 30 not
1056 1840 177 44 including
1255 1841 35 34 in
1313 1841 43 34 its

140 1889 150 43 findings
303 1888 40 35 of
352 1888 72 35 fact
437 1889 69 35 and
518 1889 216 36 conclusions
747 1889 39 35 of
796 1890 75 41 law,
885 1901 21 24 a
918 1890 269 35 determination
1200 1902 37 23 as
1250 1896 35 29 to
1297 1891 60 34 the

140 1939 211 43 psychiatric
371 1944 124 38 report.

233 2069 173 35 Reversed
428 2069 69 35 and
518 2069 191 36 remanded
730 2070 53 35 for
804 2070 150 44 findings
975 2070 189 36 consistent
1184 2071 83 35 with
1288 2071 68 35 this

141 2119 150 43 opinion.

232 2250 160 40 Purtle,
413 2251 43 40 J.,
477 2255 60 29 not
557 2250 256 44 participating.
