1677 2698
331 412 87 34 have
429 410 133 36 resided
574 411 34 34 in
618 411 179 34 Arkansas
808 410 82 34 with
902 410 58 34 the
970 409 155 44 appellee
1135 409 55 35 far
1200 410 119 42 longer
1329 409 84 35 than
1425 409 58 34 the
1492 408 51 35 six

332 461 137 34 months
487 459 197 35 mentioned
702 460 34 34 in
754 459 18 43 §
792 458 284 43 34-2703(a)(l),
1093 458 69 35 and
1178 459 80 34 thus
1275 458 178 35 Arkansas
1469 458 74 40 has,

331 510 185 42 according
536 515 36 29 to
592 510 59 33 the
671 510 79 39 Act,
773 509 142 34 become
934 508 90 34 their
1044 508 102 34 home
1165 512 100 30 state.

331 273 68 32 470

422 593 77 34 Nor
516 593 27 34 is
561 592 97 34 there
674 592 163 34 evidence
853 591 40 34 of
907 602 68 32 any
992 591 150 44 pending
1159 590 146 44 custody
1320 590 171 43 litigation
1510 589 34 35 in

332 642 231 43 Washington
572 652 37 24 or
619 652 67 32 any
695 646 91 30 state
794 641 98 34 other
901 641 85 34 than
995 640 189 35 Arkansas.
1194 640 96 35 Thus
1301 640 17 42 §
1332 638 210 44 34-2706(a)

331 692 113 34 would
463 696 59 30 not
540 690 163 45 preclude
720 691 59 34 the
796 690 236 35 modification
1050 689 126 44 sought
1193 690 91 34 here.
1303 689 69 34 See
1388 690 109 33 Davis
1513 699 29 24 v.

332 743 119 39 Davis,
473 742 66 34 285
561 741 85 34 Ark.
668 741 80 40 403,
769 740 66 35 687
857 740 144 35 S.W.2d
1022 740 66 34 843
1112 738 137 44 (1985).

516 824 180 44 Although
709 835 52 24 we
773 829 93 30 must
880 834 134 25 reverse
1026 823 59 35 the
1098 822 225 36 chancellor’s
1336 822 208 38 determina­

332 876 72 35 tion
418 876 76 35 that
508 875 43 35 he
565 874 121 36 lacked
697 874 218 44 jurisdiction
930 879 34 29 to
978 873 134 45 modify
1125 873 59 35 the
1196 873 133 41 decree,
1344 884 51 23 we
1408 883 136 34 express

333 937 44 23 no
391 925 139 44 opinion
543 936 44 24 on
601 925 60 35 the
674 925 119 35 merits
807 924 39 35 of
857 924 59 35 the
930 924 205 44 appellant’s
1149 929 138 39 request
1301 923 53 35 for
1368 923 176 35 modifica­

332 976 82 34 tion.
438 976 58 34 No
517 974 143 44 hearing
681 985 69 24 was
772 974 79 35 held
872 985 44 24 on
937 974 76 35 that
1034 974 101 40 issue,
1157 973 69 35 and
1246 974 81 34 thus
1347 984 52 23 we
1418 978 127 30 cannot

333 1035 132 33 engage
476 1025 35 34 in
522 1036 20 23 a
553 1024 43 34 de
607 1034 86 25 novo
704 1024 121 35 review
837 1023 83 35 with
931 1028 133 39 respect
1075 1029 36 29 to
1121 1023 59 35 the
1191 1023 129 34 merits.
1333 1022 151 42 Instead,
1494 1033 52 25 we

332 1074 144 35 remand
487 1074 60 34 the
557 1084 80 26 case
647 1073 53 35 for
711 1085 20 24 a
742 1073 143 43 hearing
896 1084 44 24 on
951 1073 59 35 the
1019 1073 159 44 question
1188 1073 154 35 whether
1353 1071 192 36 conditions

333 1125 87 34 have
429 1123 158 44 changed
596 1134 38 24 so
643 1134 38 24 as
690 1128 36 30 to
735 1127 151 31 warrant
895 1122 236 36 modification
1140 1123 40 34 of
1185 1122 60 35 the
1253 1122 123 35 decree
1385 1122 94 34 since
1487 1121 60 36 the

333 1173 139 44 parties,
494 1173 45 44 by
560 1178 142 30 consent
723 1173 133 40 decree,
878 1172 187 44 registered
1086 1172 60 35 the
1166 1172 231 43 Washington
1418 1171 127 35 court’s

333 1223 123 34 decree
470 1223 83 34 with
568 1223 60 34 the
642 1223 171 43 chancery
827 1227 109 30 court.
953 1223 112 33 Rains
1078 1233 31 23 v.
1124 1222 139 41 Alston,
1280 1222 66 34 265
1363 1221 85 35 Ark.
1469 1222 76 40 108,

335 1273 65 34 576
422 1272 143 35 S.W.2d
587 1273 65 34 505
677 1271 137 43 (1979).

424 1355 173 36 Reversed
618 1355 68 35 and
707 1354 199 36 remanded.

423 1441 160 39 Purtle,
604 1440 43 40 J.,
668 1444 60 30 not
747 1439 256 43 participating.

570 1633 108 43 Terry
699 1631 130 36 MOSS
851 1642 28 24 v.
901 1632 153 34 STATE
1073 1631 39 35 of
1129 1632 179 36 Arkansas

1225 1704 67 33 705
1313 1702 144 35 S.W.2d
1477 1703 68 34 892

662 1774 170 44 Supreme
852 1774 111 35 Court
983 1774 39 34 of
1039 1774 178 35 Arkansas

598 1824 152 44 Opinion
770 1823 172 36 delivered
963 1824 128 34 March
1113 1825 54 40 31,
1192 1824 88 34 1986

424 2275 42 33 R.
488 2272 92 35 Paul
598 2272 157 44 Hughes,
777 2273 64 40 III,
862 2271 54 36 for
936 2271 187 45 appellant.

423 2357 105 34 Steve
543 2355 121 42 Clark,
679 2356 99 43 Att’y
792 2356 101 41 Gen.,
908 2356 55 43 by:
982 2355 181 35 Theodore
1176 2354 148 41 Holder,
1339 2356 93 34 Asst.
1447 2354 99 45 Att’y

334 2406 101 41 Gen.,
456 2406 53 34 for
530 2406 165 43 appellee.
