1664 2693
303 260 67 34 332

393 824 141 34 Darrell
552 825 37 32 F.
611 825 123 32 Brown
757 824 30 32 &
809 825 212 36 Associates,
1043 823 95 39 P.A.,
1159 822 53 34 for
1233 822 185 43 appellant.

391 899 104 33 Steve
511 898 119 40 Clark,
645 898 99 43 Att’y
758 897 100 41 Gen.,
874 898 55 43 by:
948 896 181 35 Theodore
1141 896 148 41 Holder,
1304 898 93 32 Asst.
1413 896 98 44 Att’y

302 948 100 40 Gen.,
423 947 53 35 for
497 948 164 44 appellee.

392 1023 139 35 Steele
550 1025 114 39 Hays,
683 1022 140 36 Justice.

843 1023 140 35 Marvin
1001 1022 204 35 Henderson
1224 1022 140 44 appeals
1383 1021 89 35 from
1490 1033 20 23 a

301 1073 192 35 conviction
507 1073 39 35 of
556 1072 210 44 aggravated
779 1072 147 44 robbery
939 1072 68 35 and
1021 1072 90 35 theft
1124 1071 39 35 of
1173 1077 161 40 property
1347 1082 92 33 upon
1452 1071 59 35 the

302 1123 108 42 single
427 1123 132 42 ground
577 1123 76 34 that
670 1122 59 34 the
746 1122 161 35 evidence
923 1122 136 43 against
1077 1122 72 34 him
1166 1122 27 34 is
1211 1122 207 34 insufficient
1435 1132 37 23 as
1490 1133 20 23 a

301 1177 126 29 matter
447 1171 41 34 of
504 1172 74 34 law.
602 1173 64 32 We
686 1172 112 33 affirm
818 1172 59 34 the
892 1171 194 43 judgment.

391 1246 112 35 Three
524 1247 193 43 employees
739 1246 39 34 of
797 1246 193 44 Bojangles’
1012 1251 196 29 restaurant
1229 1246 35 34 in
1286 1246 105 34 Little
1412 1246 98 34 Rock

301 1296 148 35 testified
468 1296 77 35 that
564 1307 43 24 on
627 1296 59 35 the
705 1296 158 43 morning
882 1296 39 34 of
937 1296 80 43 July
1041 1297 51 39 15,
1117 1296 87 34 1984
1225 1307 44 23 an
1289 1294 119 36 armed
1428 1305 81 25 man

301 1346 150 43 wearing
465 1357 20 23 a
499 1347 51 34 ski
563 1346 100 35 mask
675 1346 219 44 approached
907 1346 96 35 them
1016 1357 38 23 as
1067 1345 81 44 they
1161 1345 133 45 opened
1307 1345 59 35 the
1379 1350 130 30 restau-

301 1402 78 29 rant
390 1396 54 35 for
456 1396 165 36 business.
634 1396 96 45 They
741 1395 74 36 said
828 1396 43 35 he
881 1395 127 45 guided
1020 1395 96 35 them
1128 1400 35 31 to
1174 1396 59 35 the
1245 1395 85 42 safe,
1342 1395 98 35 knew
1451 1394 59 36 the

301 1452 100 29 exact
414 1447 149 35 location
575 1447 40 35 of
624 1458 124 32 money
761 1446 95 44 bags,
870 1446 68 36 and
951 1457 86 33 gave
1049 1446 99 35 other
1160 1446 205 35 indications
1379 1445 76 35 that
1467 1445 44 36 he

300 1508 69 23 was
390 1496 152 36 familiar
562 1497 82 34 with
665 1497 59 34 the
743 1502 195 30 restaurant
958 1496 69 35 and
1047 1496 43 35 its
1111 1497 188 42 operation.

391 1572 58 34 All
460 1572 97 35 three
569 1573 193 43 employees
773 1572 176 35 identified
961 1572 176 43 appellant
1148 1583 38 24 as
1198 1572 59 34 the
1267 1572 133 34 robber.
1413 1571 97 44 They

300 1633 90 23 were
407 1622 78 34 able
501 1627 36 30 to
555 1622 179 43 recognize
751 1621 72 35 him
840 1622 45 44 by
902 1633 44 23 an
964 1621 126 43 oblong
1108 1621 130 44 shaped
1256 1621 89 34 head
1363 1620 108 35 under
1489 1632 20 24 a

301 1672 89 42 tight
399 1671 113 43 fitting
521 1672 51 34 ski
582 1672 99 34 mask
689 1671 68 35 and
766 1671 45 43 by
819 1671 52 35 his
879 1672 106 40 voice,
995 1670 180 35 described
1184 1682 37 23 as
1231 1671 103 43 “very
1342 1671 90 43 crisp
1441 1671 68 34 and

301 1721 126 34 clear.”
438 1721 96 44 They
544 1721 74 34 said
628 1721 59 34 the
696 1732 81 23 man
787 1731 69 25 was
866 1720 139 35 relaxed
1015 1720 68 35 and
1093 1731 79 24 sure
1181 1720 40 35 of
1227 1720 148 35 himself.
1387 1720 77 34 One
1474 1720 39 35 of

301 1771 59 34 the
382 1770 193 43 employees
598 1770 148 35 testified
769 1770 76 35 that
867 1781 38 24 as
927 1770 60 34 the
1009 1770 124 34 robber
1155 1781 69 23 was
1247 1770 181 42 collecting
1451 1769 59 35 the

300 1831 125 32 money
441 1820 43 33 he
500 1820 148 34 realized
665 1820 91 34 from
773 1820 51 33 his
841 1820 95 34 voice
952 1819 68 35 and
1038 1819 58 35 the
1112 1820 154 43 peculiar
1281 1820 106 42 shape
1403 1819 40 34 of
1455 1819 52 34 his

299 1869 89 34 head
399 1869 59 34 the
469 1870 123 34 robber
602 1880 70 23 was
683 1880 20 23 a
714 1869 113 34 fellow
837 1869 140 35 student
988 1874 36 29 at
1034 1869 185 34 Philander
1229 1869 114 34 Smith
1355 1869 151 42 College.

299 1919 74 34 The
395 1919 136 34 witness
554 1918 176 35 identified
753 1919 175 43 appellant
950 1930 37 23 as
1010 1919 60 34 the
1091 1929 96 24 same
1209 1930 91 23 man.
1323 1918 74 34 The
1419 1923 89 30 state

300 1968 125 44 proved
447 1979 37 23 as
505 1969 75 34 well
601 1969 77 34 that
698 1968 176 44 appellant
895 1968 69 35 had
985 1968 86 34 been
1093 1979 20 23 a
1134 1979 165 32 manager
1320 1968 131 34 trainee
1472 1973 36 29 at

300 2018 183 43 Bojangles
503 2018 35 34 in
562 2019 98 33 1983.

390 2093 188 44 Appellant
601 2104 122 32 argues
746 2093 76 35 that
844 2094 59 34 the
924 2093 131 35 verdict
1077 2099 93 29 must
1191 2093 43 35 be
1256 2092 185 45 supported
1463 2092 45 45 by

299 2143 206 34 substantial
519 2143 161 35 evidence
693 2154 37 23 as
744 2143 136 35 defined
893 2144 35 34 in
941 2142 125 35 Heard
1077 2154 29 23 v.
1119 2143 113 41 State,
1247 2144 68 33 284
1328 2143 84 34 Ark.
1427 2143 79 41 457,

300 2194 65 33 683
383 2193 143 34 S.W.2d
542 2195 67 32 232
627 2192 124 44 (1985)
769 2193 68 34 and
851 2195 119 33 Boone
983 2204 30 23 v.
1029 2193 113 40 State,
1159 2194 68 33 282
1242 2193 84 34 Ark.
1344 2193 78 40 274,
1439 2193 66 34 688

299 2242 143 35 S.W.2d
458 2244 39 32 17
513 2242 136 43 (1984).
663 2244 56 33 He
730 2242 187 35 maintains
929 2243 76 34 that
1016 2242 249 35 identification
1277 2243 45 43 by
1332 2242 96 34 voice
1439 2242 69 35 and

299 2292 59 34 the
366 2292 107 44 shape
482 2292 39 35 of
526 2293 93 34 one’s
629 2292 89 35 head
728 2292 78 34 fails
816 2297 35 30 to
860 2292 186 35 constitute
1055 2292 206 35 substantial
1270 2292 161 34 evidence
1440 2302 37 24 as
1487 2303 20 24 a

299 2347 127 29 matter
443 2341 38 35 of
496 2341 75 36 law.
590 2343 65 33 We
671 2341 201 36 considered
890 2353 20 24 a
927 2342 131 34 similar
1075 2347 183 37 argument
1275 2342 35 34 in
1331 2341 129 35 Wilson
1476 2352 30 24 v.

298 2392 113 40 State,
425 2392 68 34 282
505 2392 85 34 Ark.
605 2393 78 39 551,
697 2392 67 34 669
777 2391 143 35 S.W.2d
934 2392 66 34 889
1016 2390 137 44 (1984),
1167 2391 68 35 and
1248 2391 79 35 held
1339 2391 59 34 the
1409 2391 102 43 proof
