1664 2693
306 392 173 36 Roderick
490 403 70 24 was
573 392 153 35 arrested
740 392 78 34 fails
831 397 35 30 to
879 392 66 35 rise
957 397 36 29 to
1005 392 60 34 the
1077 391 84 34 level
1174 391 39 35 of
1223 391 165 44 probable
1400 401 113 24 cause.

305 443 111 34 Given
428 442 43 35 its
482 447 171 39 strongest
664 442 137 44 import,
813 442 26 34 it
851 447 160 30 amounts
1023 447 35 29 to
1069 441 88 34 little
1168 452 95 23 more
1274 441 84 34 than
1370 440 76 34 that
1456 440 59 35 the

305 498 66 28 two
384 503 88 23 were
483 503 79 23 seen
576 492 157 43 together
744 492 34 33 in
790 492 126 43 public,
930 491 111 34 which
1053 501 65 24 can
1130 491 123 43 hardly
1265 490 166 34 translate
1443 490 72 34 into

304 541 166 44 probable
479 551 104 25 cause
593 546 35 30 to
638 541 128 43 charge
776 541 173 34 Roderick
958 540 82 34 with
1051 540 149 34 murder.
1212 540 74 34 The
1296 540 96 43 point
1402 540 27 33 is
1440 539 75 35 best

305 590 193 35 illustrated
518 591 44 44 by
582 591 59 34 the
660 590 185 43 testimony
864 590 39 35 of
920 590 59 34 the
998 590 132 34 officers
1150 589 214 35 themselves:
1386 589 128 34 Officer

304 641 163 41 Thomas,
477 642 76 34 who
562 652 70 23 was
642 641 34 34 in
685 641 127 42 charge
820 640 40 35 of
866 641 59 34 the
934 639 251 43 investigation,
1196 639 148 35 testified
1353 638 162 44 candidly

305 691 76 34 that
392 690 97 35 there
500 702 69 23 was
582 690 143 43 nothing
737 690 34 34 in
783 690 52 34 his
847 690 240 43 investigation
1100 689 76 35 that
1188 689 54 35 led
1254 689 72 34 him
1338 694 35 29 to
1385 689 130 34 believe

306 740 173 35 Roderick
500 740 68 35 had
589 739 202 36 committed
814 740 58 35 the
893 740 107 34 crime
1021 744 36 29 at
1079 739 58 34 the
1158 740 84 33 time
1262 739 39 34 of
1320 739 52 34 his
1394 743 119 30 arrest.

305 790 132 34 Sheriff
447 790 158 35 Conlee’s
618 790 185 43 testimony
815 789 156 44 provides
984 800 44 23 no
1041 789 89 43 help,
1144 799 37 24 as
1194 789 44 34 he
1249 788 74 35 said
1336 788 97 35 there
1445 799 69 24 was

305 839 143 43 nothing
456 845 36 28 to
500 840 48 34 tie
557 839 173 35 Roderick
738 844 35 29 to
782 839 59 34 the
848 840 108 34 crime
964 844 36 29 at
1009 839 59 34 the
1077 838 84 34 time
1169 838 40 35 of
1213 839 52 33 his
1275 843 109 29 arrest
1393 843 121 38 except

305 890 76 33 that
395 889 43 34 he
452 900 69 23 was
534 890 59 33 the
607 889 66 34 last
687 899 121 33 person
823 893 35 30 to
872 889 43 34 be
929 899 80 24 seen
1022 888 83 34 with
1120 888 111 34 Linda
1246 888 123 34 Cruce.
1385 887 131 34 Sheriff

305 938 158 35 Conlee’s
479 939 85 34 tacit
578 938 340 43 acknowledgement
933 938 76 34 that
1024 937 166 44 probable
1204 948 103 24 cause
1322 948 69 23 was
1406 941 107 30 want-

305 989 57 43 ing
378 988 26 35 is
420 988 118 42 found,
554 1000 50 23 we
619 988 140 41 believe,
774 988 34 34 in
824 987 51 36 his
890 988 187 35 admission
1093 987 76 35 that
1183 987 174 35 Roderick
1370 998 70 23 was
1455 992 59 30 not

304 1038 151 43 charged
483 1039 82 34 with
593 1050 67 32 any
687 1038 107 35 crime
820 1048 44 25 on
893 1038 157 43 Monday
1077 1038 144 43 evening
1248 1037 99 35 when
1374 1037 44 34 he
1444 1048 70 24 was

305 1088 209 44 undeniably
529 1088 164 41 arrested,
708 1088 62 35 but
784 1098 69 25 was
868 1087 151 44 charged
1033 1087 125 44 simply
1172 1088 82 34 with
1269 1087 194 44 “suspicion
1479 1087 39 35 of

305 1137 173 35 murder.”
493 1139 74 35 The
581 1138 122 34 sheriff
714 1137 74 35 said
803 1137 43 35 he
860 1149 69 23 was
945 1138 102 43 “only
1061 1148 20 23 a
1096 1138 159 42 suspect”
1270 1137 88 34 until
1373 1137 43 34 he
1429 1147 85 32 gave

304 1188 52 33 his
367 1192 186 30 statement
563 1188 181 34 sometime
754 1187 90 34 after
854 1187 172 42 midnight
1036 1197 43 23 on
1090 1188 138 41 August
1243 1188 51 33 16.
1305 1187 113 33 There
1427 1186 39 40 is,
1477 1187 40 33 of

304 1247 131 29 course,
447 1247 44 23 no
502 1237 107 33 crime
619 1237 123 34 known
754 1247 37 23 as
803 1236 195 43 “suspicion
1009 1236 39 34 of
1057 1236 173 40 murder,”
1243 1236 68 33 and
1323 1246 65 24 one
1398 1235 76 34 who
1485 1235 27 35 is

305 1286 128 42 merely
450 1285 181 45 suspected
648 1285 39 35 of
701 1297 20 23 a
738 1285 117 41 crime,
873 1286 101 34 while
991 1285 134 43 subject
1142 1290 35 30 to
1194 1296 20 23 a
1232 1284 91 35 brief
1337 1285 176 34 detention

306 1335 207 45 (A.R.Cr.P.
531 1336 90 34 Rule
637 1334 84 44 3.1),
738 1335 27 34 is
780 1340 59 30 not
854 1335 134 43 subject
1003 1340 36 29 to
1054 1339 119 31 arrest.
1189 1335 75 34 The
1278 1335 185 43 testimony
1477 1334 40 35 of

304 1385 129 35 Officer
454 1386 144 43 Hughes
618 1385 86 35 adds
724 1384 143 44 nothing
888 1390 59 29 not
967 1384 141 44 already
1128 1384 208 35 mentioned.

306 252 67 34 364

487 1464 74 34 The
578 1468 89 30 state
684 1463 111 44 points
812 1468 61 30 out
889 1463 76 34 that
982 1463 99 34 when
1098 1463 174 34 Roderick
1288 1474 100 23 came
1404 1468 35 28 to
1456 1462 59 35 the

303 1513 158 34 Sheriffs
483 1513 98 35 office
602 1523 43 24 on
668 1512 157 43 Monday
846 1513 143 42 evening
1011 1513 43 34 he
1075 1512 124 35 denied
1221 1513 159 42 knowing
1402 1511 110 36 Linda

304 1563 124 34 Cruce.
446 1563 67 34 But
527 1563 76 35 that
617 1562 58 35 did
691 1567 58 30 not
763 1572 99 25 come
876 1568 60 29 out
950 1562 88 34 until
1053 1562 174 35 Roderick
1241 1562 148 34 testified
1405 1567 36 29 at
1454 1562 59 35 the

304 1612 90 40 trial,
405 1611 68 35 and
483 1623 82 24 even
575 1612 98 34 when
683 1612 76 34 that
769 1612 148 34 element
927 1612 28 34 is
964 1611 113 35 added
1087 1617 36 28 to
1132 1612 59 34 the
1200 1612 193 42 remaining
1403 1611 109 44 proof,

304 1662 27 34 it
348 1672 115 24 comes
482 1672 46 34 up
546 1662 105 34 short.
672 1661 186 35 Whatever
877 1661 201 35 Roderick’s
1098 1661 111 35 initial
1227 1666 187 30 statement
1433 1672 81 32 may

304 1711 87 35 have
416 1711 96 42 been,
538 1712 26 34 it
589 1711 177 43 obviously
790 1722 70 24 was
886 1717 59 29 not
970 1710 168 44 regarded
1164 1712 45 43 by
1233 1711 60 35 the
1317 1711 132 34 officers
1476 1721 37 25 as

304 1761 194 44 significant
511 1762 148 34 because
671 1772 88 24 none
770 1760 39 35 of
819 1762 96 34 them
928 1760 198 36 mentioned
1139 1761 26 34 it
1177 1762 34 33 in
1224 1761 59 34 the
1295 1761 217 44 suppression

304 1811 152 43 hearing.
483 1811 30 35 It
537 1811 27 35 is
589 1811 88 37 their
701 1811 200 44 knowledge
925 1816 36 30 at
984 1811 59 34 the
1067 1817 154 29 moment
1244 1811 40 34 of
1304 1816 109 30 arrest
1437 1811 76 35 that

302 1860 207 35 determines
518 1861 153 34 whether
681 1861 165 43 probable
854 1872 105 24 cause
968 1861 114 34 exists.
1092 1861 132 34 Beck v.
1237 1860 101 41 Ohio,
1350 1862 66 33 379
1427 1860 83 35 U.S.

304 1911 42 34 89
362 1909 137 43 (1964).
514 1912 65 33 For
591 1910 59 35 the
663 1921 138 24 reasons
814 1910 125 41 stated,
952 1922 51 23 we
1015 1910 71 34 find
1099 1910 97 35 there
1208 1922 69 23 was
1291 1921 43 24 no
1347 1910 165 44 probable

302 1970 104 24 cause
418 1964 36 29 to
466 1965 109 30 arrest
588 1960 69 34 Jim
671 1960 101 34 Duke
785 1960 174 34 Roderick
970 1971 44 23 on
1028 1959 158 44 Monday
1199 1960 153 42 evening.
1367 1960 145 34 “Arrest

302 2019 44 24 on
356 2019 93 24 mere
458 2009 171 44 suspicion
638 2009 139 37 collides
785 2009 163 44 violently
957 2009 82 34 with
1048 2009 59 34 the
1116 2009 95 35 basic
1220 2009 129 35 human
1358 2009 108 43 rights
1476 2009 39 35 of

303 2058 157 43 liberty.”
481 2060 120 42 Henry
619 2070 31 23 v.
674 2058 127 35 United
818 2060 132 39 States,
970 2070 119 32 supra,
1111 2069 31 33 p.
1168 2060 75 33 101.

532 2138 92 34 That
650 2137 117 43 brings
793 2148 39 23 us
860 2143 35 29 to
922 2138 59 34 the
1007 2137 178 35 collateral
1211 2138 90 34 issue
1326 2158 48 3 —
1399 2137 27 34 is
1453 2137 59 35 the

302 2192 186 29 statement
502 2187 173 35 Roderick
687 2197 85 33 gave
786 2186 90 36 after
890 2187 172 43 midnight
1075 2187 132 35 tainted
1221 2187 45 44 by
1279 2187 51 34 his
1344 2186 166 36 unlawful

302 2237 130 34 arrest?
445 2236 74 35 The
529 2242 90 30 state
629 2237 62 34 has
702 2248 20 23 a
734 2237 108 43 heavy
853 2237 133 35 burden
996 2237 39 34 of
1043 2236 102 44 proof
1152 2237 35 34 in
1197 2237 68 34 this
1276 2247 88 24 case.
1377 2237 31 34 It
1418 2242 93 29 must

302 2296 103 34 prove
420 2286 76 35 that
511 2287 59 34 the
585 2291 197 36 statement,
798 2286 103 35 made
916 2287 101 34 while
1033 2286 173 35 Roderick
1220 2298 70 23 was
1306 2287 34 34 in
1356 2286 155 43 custody,

302 2346 69 24 was
381 2341 59 29 not
449 2337 80 43 only
537 2337 192 42 voluntary,
739 2338 141 41 Harvey
887 2348 31 22 v.
927 2337 113 39 State,
1051 2337 68 33 272
1129 2337 84 33 Ark.
1229 2337 125 40 19, 611
1368 2336 143 34 S.W.2d

303 2386 68 34 762
385 2385 137 43 (1981),
535 2386 62 34 but
609 2386 76 34 that
696 2386 97 34 there
805 2397 69 24 was
887 2397 44 23 no
942 2386 118 34 causal
1072 2386 203 35 connection
1287 2386 154 34 between
1453 2385 59 35 the
