1649 2698
300 437 60 35 the
369 437 219 35 Association
599 449 69 23 was
679 437 80 36 filed
770 437 45 45 by
826 438 55 35 “A
892 438 100 34 Class
1003 438 39 35 of
1049 438 144 35 Owners
1203 437 39 36 of
1250 439 88 34 Real
1348 439 166 43 Property

300 487 35 34 in
352 489 72 33 Hot
440 487 144 44 Springs
601 488 169 43 Village.”
787 488 75 34 The
877 488 69 35 suit
962 488 27 34 is
1006 488 153 44 actually
1175 488 101 43 being
1292 488 159 35 financed
1469 489 45 43 by

300 537 130 35 several
448 538 143 34 realtors
608 538 77 34 who
702 548 76 24 own
795 538 65 34 lots
877 538 35 34 in
930 538 59 34 the
1005 538 147 42 Village,
1169 538 63 34 but
1249 538 58 34 the
1324 538 190 43 complaint

300 586 81 35 does
402 591 59 30 not
481 586 147 44 identify
648 598 68 33 any
736 587 188 44 particular
944 587 161 44 plaintiff.

302 297 19 33 8

390 663 74 35 The
487 663 189 45 complaint
699 664 127 43 alleges
850 664 76 35 that
949 664 60 35 the
1032 665 144 43 99-year
1200 665 92 34 lease
1314 664 40 35 of
1373 664 59 35 the
1455 665 56 34 old

299 713 190 43 gatehouse
500 713 28 35 is
540 713 139 42 invalid,
692 714 148 35 because
852 714 26 35 it
890 725 69 23 was
971 719 60 30 not
1043 713 203 36 authorized
1258 714 45 44 by
1316 713 78 36 51%
1406 714 40 35 of
1454 715 59 34 the

299 763 172 35 members
480 763 40 35 of
525 764 60 34 the
592 764 230 35 Association.
834 765 31 33 It
874 764 27 35 is
911 764 72 34 also
992 764 134 42 alleged
1135 764 77 35 that
1221 764 254 35 Communities
1484 765 28 34 is

298 813 100 43 using
410 813 59 35 the
479 814 190 42 gatehouse
680 819 35 29 to
727 818 89 30 steer
826 814 135 34 visitors
973 819 35 29 to
1019 814 189 43 properties
1220 814 76 34 that
1308 814 202 34 Communi-

299 862 64 34 ties
376 863 62 34 has
451 862 54 34 for
518 863 81 34 sale.
613 863 92 34 That
718 873 121 24 course
851 863 38 34 of
900 863 115 34 action
1028 863 28 34 is
1069 864 153 33 asserted
1235 868 36 29 to
1283 863 43 34 be
1339 875 44 23 an
1396 863 116 35 unfair

299 911 99 35 trade
411 912 162 43 practice.
589 911 112 35 There
715 912 28 34 is
758 912 72 34 also
844 923 44 23 an
904 912 185 43 allegation
1104 912 77 34 that
1195 913 59 34 the
1268 912 131 35 branch
1414 913 98 34 office

298 960 62 35 has
380 961 150 34 resulted
549 961 34 34 in
602 961 117 35 undue
737 961 112 35 traffic
867 962 199 42 congestion
1085 967 36 29 at
1140 962 59 34 the
1217 967 164 29 entrance
1399 967 35 29 to
1453 963 59 34 the

298 1010 146 43 Village.
462 1010 75 35 The
553 1021 123 33 prayer
694 1011 28 34 is
738 1011 77 34 that
832 1012 60 34 the
908 1011 92 34 lease
1016 1011 44 35 be
1076 1011 161 35 declared
1253 1012 79 34 void
1349 1011 69 35 and
1435 1012 76 34 that

299 1060 254 35 Communities
573 1061 42 34 be
634 1060 159 44 enjoined
812 1061 91 34 from
922 1061 99 43 using
1041 1061 59 35 the
1118 1062 189 42 gatehouse
1326 1073 38 23 as
1383 1072 20 23 a
1423 1062 88 34 sales

298 1109 143 45 facility.

388 1187 75 35 The
487 1188 79 43 only
591 1187 91 35 issue
706 1187 118 36 before
849 1199 39 24 us
913 1188 28 34 is
966 1188 154 35 whether
1144 1189 59 35 the
1227 1189 68 34 suit
1320 1189 123 35 should
1469 1190 42 34 be

297 1237 214 35 maintained
539 1248 37 24 as
604 1248 20 23 a
652 1238 88 34 class
768 1238 125 34 action.
922 1239 49 33 At
999 1239 59 34 the
1085 1238 143 44 hearing
1255 1239 60 34 the
1342 1239 167 44 plaintiffs

296 1286 181 43 presented
491 1287 97 34 three
600 1287 185 35 witnesses.
799 1288 59 34 All
871 1288 97 34 three
980 1299 90 23 were
1082 1288 143 34 realtors
1239 1288 126 43 having
1378 1288 65 35 lots
1456 1288 54 35 for

297 1336 72 34 sale
386 1336 34 34 in
437 1336 60 34 the
515 1337 146 42 Village.
679 1337 83 34 Two
780 1336 38 35 of
834 1337 96 35 them
948 1337 72 35 also
1037 1338 88 34 have
1142 1338 119 34 homes
1280 1338 107 35 there.
1405 1338 105 34 Their

296 1386 186 43 testimony
492 1386 126 35 tended
628 1391 36 29 to
674 1392 141 39 support
825 1387 59 34 the
894 1386 204 44 allegations
1108 1387 40 34 of
1154 1387 59 35 the
1222 1388 200 43 complaint,
1433 1388 76 35 that

296 1435 59 35 the
373 1435 178 45 operation
570 1435 39 36 of
624 1436 59 35 the
701 1436 190 44 gatehouse
909 1436 45 44 by
973 1437 254 35 Communities
1246 1437 152 44 unfairly
1416 1448 92 24 com-

296 1491 95 38 petes
400 1485 83 35 with
492 1486 98 34 other
600 1486 154 35 realtors.
764 1486 79 35 One
851 1487 137 35 witness
997 1487 150 35 testified
1156 1488 77 34 that
1243 1487 265 35 Communities’

296 1535 141 35 method
453 1535 40 34 of
505 1536 178 43 operation
700 1537 72 34 also
788 1536 97 35 hurts
902 1547 20 23 a
939 1537 147 34 number
1101 1537 40 34 of
1154 1538 229 34 non-realtors
1399 1537 35 34 in
1451 1538 59 34 the

296 1585 135 43 Village
451 1585 76 34 who
547 1586 87 34 have
654 1585 89 35 their
763 1585 119 35 homes
903 1585 77 35 “for
1000 1587 72 34 sale
1092 1586 45 43 by
1156 1587 149 34 owner.”

384 1661 76 35 The
483 1661 168 44 plaintiffs
676 1662 73 35 also
773 1662 203 35 introduced
1001 1663 107 35 about
1136 1664 65 34 120
1225 1662 164 36 identical
1413 1664 95 35 short

295 1710 170 36 affidavits
481 1711 120 44 signed
618 1711 45 44 by
678 1723 21 24 a
714 1712 97 41 total,
828 1712 177 44 including
1021 1723 151 34 spouses,
1188 1713 40 35 of
1245 1714 64 33 184
1324 1724 131 24 owners
1472 1714 39 34 of

294 1761 71 34 real
380 1766 162 39 property
555 1762 35 34 in
604 1761 60 35 the
678 1762 144 43 Village.
839 1762 96 35 Each
949 1763 120 34 affiant
1083 1762 169 35 identifies
1267 1763 52 34 his
1334 1769 171 38 property,

294 1816 107 29 states
415 1811 77 35 that
506 1812 44 34 he
563 1812 28 34 is
606 1822 20 23 a
640 1812 155 34 member
810 1812 38 34 of
859 1812 61 35 the
933 1813 88 34 class
1035 1812 39 35 of
1085 1812 179 44 plaintiffs,
1279 1818 155 39 requests
1447 1813 61 35 the

294 1861 102 34 relief
409 1861 140 44 prayed,
567 1861 69 35 and
653 1867 106 29 states
775 1862 77 35 that
869 1863 52 34 his
938 1873 103 24 name
1057 1873 81 33 may
1155 1863 42 34 be
1213 1863 84 34 used
1314 1874 38 23 as
1369 1874 20 24 a
1405 1869 102 38 party

293 1910 161 43 plaintiff.
484 1912 49 33 At
561 1911 59 35 the
648 1911 143 43 hearing
821 1912 253 35 Communities
1103 1912 181 44 presented
1313 1918 66 30 two
1407 1913 99 34 other

293 1966 161 37 property
482 1971 132 24 owners
642 1972 38 23 as
707 1961 187 42 witnesses,
922 1962 77 34 who
1027 1962 125 44 played
1179 1962 100 35 down
1307 1963 60 34 the
1393 1963 113 34 traffic

293 2009 199 43 congestion
508 2010 69 34 and
593 2010 75 34 said
684 2011 82 42 they
781 2010 59 35 did
857 2016 59 30 not
932 2017 93 29 want
1041 2017 35 29 to
1092 2011 43 34 be
1151 2012 218 44 represented
1386 2012 45 43 by
1447 2012 59 35 the

292 2059 178 43 plaintiffs.

382 2137 75 34 The
466 2136 207 42 chancellor,
683 2137 35 34 in
728 2137 113 44 ruling
850 2138 77 35 that
936 2138 59 34 the
1004 2149 80 24 case
1093 2149 81 33 may
1183 2139 146 44 proceed
1339 2150 37 24 as
1386 2150 20 23 a
1416 2139 89 35 class

292 2186 126 41 action,
438 2187 147 34 stressed
604 2187 59 34 the
682 2187 215 44 importance
914 2187 40 34 of
969 2188 59 34 the
1045 2188 143 44 validity
1207 2188 39 35 of
1261 2189 58 33 the
1337 2189 102 40 lease,
1460 2200 44 23 an

291 2235 91 34 issue
398 2236 76 34 that
490 2246 164 24 concerns
670 2237 46 34 all
732 2236 59 35 the
806 2242 163 39 property
984 2248 142 24 owners.
1142 2238 75 34 The
1232 2238 167 43 plaintiffs
1414 2249 90 23 were

291 2284 160 44 required
474 2290 37 29 to
534 2296 104 23 name
661 2296 45 24 an
730 2285 189 36 individual
942 2291 37 29 to
1002 2292 176 38 represent
1201 2288 60 33 the
1284 2288 98 34 class.
1407 2288 97 43 They

291 2333 149 35 selected
453 2334 136 41 Sarver,
603 2345 20 23 a
635 2335 71 34 real
719 2340 110 29 estate
842 2335 124 35 broker
977 2336 77 34 who
1066 2335 69 35 had
1148 2336 158 35 testified.
1320 2337 74 34 The
1405 2342 99 29 court

291 2383 97 35 ruled
414 2383 76 35 that
517 2384 58 35 the
600 2395 141 33 persons
767 2385 76 34 who
869 2385 69 35 had
964 2385 120 44 signed
1110 2386 59 34 the
1194 2386 170 35 affidavits
1390 2386 114 35 would

290 2434 187 34 constitute
497 2434 58 34 the
575 2434 99 35 class.
