1632 2688
1248 280 43 33 77

176 423 131 35 Orville
329 424 36 34 C.
390 422 97 44 Clift,
509 422 53 35 for
582 422 177 44 appellant
779 421 136 35 Brenda
935 421 164 35 Taulbee.

173 503 106 33 Steve
301 501 119 41 Clark,
443 501 99 44 Att’y
562 501 101 40 Gen.,
685 501 55 43 by:
763 502 106 41 Mary
890 499 87 35 Beth
998 499 180 41 Sudduth,
1199 500 93 33 Asst.

84 552 99 43 Att’y
204 552 100 41 Gen.,
326 551 52 35 for
399 551 164 44 appellee.

176 631 141 34 Steele
344 631 113 40 Hays,
485 630 141 34 Justice.

653 629 205 44 Appellants
885 628 156 35 Michael
1067 628 134 43 Ashing
1228 628 68 34 and

87 679 136 36 Brenda
241 680 154 34 Taulbee
413 691 88 23 were
519 679 151 44 charged
688 679 82 35 with
789 679 73 34 first
879 679 126 43 degree
1022 678 140 35 murder
1179 678 39 34 of
1234 678 62 34 Iris

85 730 166 40 Taulbee,
263 730 164 34 Brenda’s
438 730 145 40 mother,
594 730 77 33 who
681 740 69 23 was
760 729 77 34 shot
847 728 68 35 and
925 728 104 35 killed
1039 739 44 23 on
1093 729 137 42 August
1241 729 55 39 23,

91 781 98 33 1984.
205 781 32 32 A
251 780 130 34 motion
395 790 69 24 was
477 779 103 34 made
593 784 36 29 to
641 778 149 35 transfer
803 779 60 33 the
874 789 105 23 cause
991 783 36 29 to
1036 778 151 43 juvenile
1200 782 97 29 court

86 840 44 23 on
151 829 60 34 the
230 829 151 43 grounds
401 829 76 34 that
499 829 156 34 Michael
676 828 134 43 Ashing
830 839 69 23 was
920 828 131 34 sixteen
1072 827 69 34 and
1162 827 135 34 Brenda

86 879 156 34 Taulbee
258 889 70 24 was
346 878 157 35 fourteen
520 878 59 34 the
596 878 82 34 date
694 877 39 35 of
747 878 59 34 the
822 877 149 35 murder.
990 877 75 34 The
1081 877 130 34 motion
1228 887 70 23 was

87 928 125 34 denied
225 928 91 34 after
329 939 20 23 a
362 928 142 42 hearing
517 927 69 35 and
599 927 193 44 appellants
805 938 89 23 were
906 926 88 35 tried
1007 927 35 33 in
1055 926 122 34 circuit
1189 931 108 29 court.

87 978 75 34 The
169 978 81 43 jury
260 977 161 34 returned
433 988 19 23 a
462 977 131 34 verdict
604 976 39 35 of
650 977 110 43 guilty
770 975 39 36 of
816 976 139 35 murder
966 976 34 34 in
1011 976 59 34 the
1080 976 73 34 first
1163 976 134 42 degree,

88 1027 69 35 and
175 1027 155 34 Taulbee
348 1027 67 34 and
433 1027 135 43 Ashing
587 1037 89 24 were
694 1026 85 35 each
797 1025 184 35 sentenced
999 1031 36 29 to
1052 1025 119 35 fifteen
1189 1036 108 33 years.

274 1106 69 34 Act
365 1106 67 34 390
453 1105 39 34 of
515 1105 83 34 1981
629 1105 98 42 [Ark.
750 1104 88 35 Stat.
861 1105 91 33 Ann.
977 1104 17 43 §
1021 1105 132 33 45-420
1176 1103 122 44 (Supp.

93 1155 122 43 1983)]
233 1155 96 34 deals
343 1155 82 34 with
440 1155 59 34 the
512 1154 190 45 procedure
716 1154 53 34 for
783 1154 149 35 transfer
946 1154 40 34 of
997 1165 20 23 a
1028 1154 179 43 juvenile’s
1222 1164 79 24 case

90 1205 69 35 and
180 1205 156 44 provides
357 1205 33 34 in
411 1210 88 39 part:

307 1284 39 34 In
359 1283 141 44 making
513 1284 59 34 the
584 1283 153 35 decision
749 1283 153 34 whether
914 1288 36 29 to
963 1282 111 35 retain
1083 1282 218 44 jurisdiction

215 1334 39 34 of
265 1334 59 34 the
337 1345 79 23 case
429 1344 38 24 or
480 1339 36 29 to
529 1333 150 35 transfer
693 1334 59 34 the
765 1344 79 24 case
857 1338 36 30 to
906 1333 145 35 another
1065 1338 98 29 court
1176 1332 125 43 having

212 1384 218 43 jurisdiction
445 1395 79 24 over
539 1384 59 34 the
612 1389 138 35 matter,
765 1384 59 34 the
838 1388 98 30 court
950 1383 88 35 shall
1053 1383 155 34 consider
1223 1383 79 43 only

216 1434 59 35 the
296 1434 172 43 following
489 1434 140 34 factors:

310 1513 52 42 (a)
381 1513 75 34 The
473 1513 209 34 seriousness
700 1512 39 35 of
753 1513 59 33 the
829 1512 131 34 offense
978 1512 68 34 and
1064 1512 153 34 whether
1233 1512 68 34 vio-

217 1563 97 34 lence
329 1572 68 25 was
413 1562 181 44 employed
610 1562 46 43 by
671 1562 59 34 the
742 1562 151 42 juvenile
908 1562 35 33 in
958 1562 59 33 the
1032 1561 220 34 commission
1267 1561 39 34 of

216 1612 60 34 the
296 1612 140 33 offense.

310 1689 53 43 (b)
378 1689 168 34 Whether
557 1689 60 34 the
628 1688 131 35 offense
771 1688 27 35 is
810 1694 77 38 part
898 1688 39 35 of
946 1699 20 23 a
979 1688 178 44 repetitive
1167 1693 136 38 pattern

216 1739 40 34 of
263 1738 222 44 adjudicated
494 1739 149 34 offenses
653 1738 112 34 which
774 1738 113 34 would
897 1738 77 34 lead
984 1743 36 29 to
1029 1738 59 34 the
1097 1737 206 35 determina-

217 1789 72 34 tion
319 1789 76 34 that
423 1789 60 34 the
508 1788 153 44 juvenile
689 1788 27 34 is
746 1788 134 44 beyond
910 1788 257 34 rehabilitation
1196 1787 109 34 under

218 1838 146 44 existing
389 1838 258 35 rehabilitation
672 1848 189 34 programs,
887 1848 37 24 as
950 1837 185 35 evidenced
1159 1837 45 44 by
1228 1842 77 39 past

218 1889 119 34 efforts
365 1894 36 29 to
428 1893 90 30 treat
546 1888 68 34 and
643 1888 220 34 rehabilitate
890 1887 59 35 the
972 1887 152 43 juvenile
1151 1887 68 34 and
1247 1887 59 34 the

219 1949 161 33 response
399 1943 36 29 to
455 1938 84 34 such
560 1937 130 36 efforts.

312 2016 50 43 (c)
387 2016 74 35 The
483 2016 91 44 prior
597 2016 142 44 history,
761 2016 180 34 character
963 2015 100 35 traits
1085 2015 69 35 and
1176 2015 130 34 mental

220 2067 177 44 maturity,
425 2066 68 35 and
520 2077 68 34 any
614 2066 99 35 other
740 2066 128 35 factors
895 2066 112 34 which
1034 2065 118 35 reflect
1178 2076 43 24 on
1248 2065 59 34 the

216 2117 180 44 juvenile’s
416 2122 175 39 prospects
612 2116 54 35 for
686 2116 268 35 rehabilitation.

187 2197 57 34 On
261 2196 123 44 appeal
401 2196 192 44 appellants
610 2196 170 34 maintain
796 2196 77 34 that
888 2195 59 35 the
963 2200 98 30 court
1077 2195 59 34 did
1152 2200 59 29 not
1227 2195 81 34 take

96 2247 73 34 into
180 2246 253 34 consideration
445 2246 45 34 all
502 2246 97 34 three
610 2246 166 34 elements
787 2245 39 34 of
834 2245 59 34 the
904 2250 139 29 statute.
1057 2245 65 33 We
1133 2245 105 42 reject
1249 2244 59 34 the

96 2301 195 37 argument.

187 2373 76 34 The
276 2373 74 34 first
364 2383 79 23 case
456 2378 36 28 to
506 2372 103 43 apply
623 2372 68 34 this
706 2377 130 29 statute
849 2382 69 23 was
932 2370 170 34 Franklin
1114 2382 31 22 v.
1159 2371 113 39 State,
1287 2371 19 32 7

97 2422 85 34 Ark.
193 2422 91 43 App.
297 2422 134 40 75, 644
441 2421 143 34 S.W.2d
595 2422 66 33 318
675 2420 137 43 (1983).
822 2420 113 34 There
944 2420 59 34 the
1012 2425 99 29 court
1120 2419 103 35 noted
1233 2420 76 33 that
