1624 2688
301 409 162 41 toddlers,
474 409 68 35 and
551 410 61 34 she
622 409 67 35 had
699 410 72 34 also
780 410 143 34 secured
933 415 66 29 two
1009 410 92 43 baby
1110 410 83 34 beds
1203 410 53 34 for
1265 410 59 34 the
1332 416 178 37 youngest,

301 464 67 38 yet,
388 470 89 23 none
495 459 39 34 of
550 459 96 35 these
665 459 100 35 items
784 471 89 23 were
892 471 77 23 ever
988 460 94 34 used.
1103 460 71 34 She
1191 459 122 35 visited
1332 460 59 34 the
1410 460 102 34 home

301 509 125 33 almost
440 509 93 42 daily
546 509 69 33 and
629 520 104 32 many
747 509 101 34 times
863 509 107 34 found
984 510 130 42 “Mary
1127 510 81 33 Ann
1222 509 62 34 left
1298 509 213 34 unattended

301 568 43 23 on
356 558 59 33 the
427 557 75 35 sofa
514 568 37 24 or
563 558 100 34 stuck
675 558 33 33 in
721 569 20 23 a
754 558 66 34 box
832 558 51 34 off
892 558 34 34 in
939 558 59 34 the
1009 569 120 23 corner
1141 558 132 42 getting
1285 569 44 23 no
1341 559 169 33 attention

301 606 90 35 from
402 607 167 43 anyone,”
582 607 55 34 On
649 617 64 24 one
723 607 170 40 occasion,
905 607 60 34 she
975 607 129 43 caught
1116 608 105 42 Mary
1231 608 80 33 Ann
1319 607 73 43 just
1402 618 38 23 as
1450 608 61 33 she

301 667 69 23 was
392 657 106 33 about
519 662 35 28 to
576 657 61 34 roll
659 656 52 35 off
729 656 38 35 of
786 657 58 34 the
865 656 75 35 sofa
961 662 82 29 onto
1064 657 59 34 the
1143 662 159 29 concrete
1323 657 94 34 floor.
1440 657 71 34 She

300 706 197 34 discovered
511 706 97 34 there
621 706 68 35 had
703 706 86 35 been
803 718 20 23 a
837 717 120 32 grease
970 707 62 34 fire
1044 707 34 34 in
1092 707 59 34 the
1164 707 138 34 kitchen
1316 707 111 34 which
1441 707 68 34 had

300 756 127 34 caused
441 756 173 34 extensive
627 756 158 43 damage.
802 757 30 34 It
846 756 68 35 had
929 756 86 35 been
1029 756 127 35 caused
1171 757 44 43 by
1229 757 134 43 leaving
1377 757 59 34 the
1449 767 60 33 gas

296 806 68 42 jets
384 816 44 24 on
449 806 63 34 full
533 806 89 34 blast
642 811 36 29 to
698 806 81 35 heat
799 806 59 34 the
878 806 116 35 house.

307 271 63 32 114

389 883 75 34 The
483 883 115 34 Social
618 883 165 35 Services’
805 883 267 44 representative
1091 883 148 35 testified
1259 884 76 34 that
1355 884 83 34 Visa
1458 895 50 23 re-

299 932 117 34 ceived
435 933 115 43 splash
571 932 68 35 and
659 933 58 43 dip
737 933 105 34 burns
861 938 36 29 to
916 933 61 34 her
996 933 73 34 foot
1088 933 68 34 and
1177 934 54 43 leg
1250 934 101 34 while
1370 934 138 43 playing

299 982 245 43 unsupervised
556 982 82 34 with
651 983 58 33 the
720 993 152 32 younger
883 983 154 34 children
1051 983 33 34 in
1097 994 44 23 an
1153 983 149 43 upstairs
1314 983 192 34 bathroom.

300 1031 82 34 Visa
403 1042 69 23 was
492 1031 226 44 hospitalized
739 1031 53 35 for
811 1032 130 34 several
961 1033 112 33 weeks
1093 1032 68 34 and
1182 1032 60 34 she
1262 1032 72 34 also
1354 1032 154 34 received

299 1085 186 30 treatment
501 1080 53 35 for
568 1092 44 23 an
628 1081 56 34 old
700 1081 87 34 burn
802 1092 43 23 on
862 1082 60 34 her
937 1093 75 23 arm
1027 1082 59 34 the
1101 1082 70 34 size
1185 1081 39 35 of
1236 1093 20 23 a
1271 1087 151 39 quarter.
1438 1082 70 34 She

299 1130 157 43 required
472 1130 178 44 follow-up
664 1141 80 24 care
758 1136 36 29 at
809 1131 58 34 the
882 1131 87 34 burn
984 1131 75 35 unit
1073 1131 40 34 of
1124 1131 196 35 Children’s
1335 1132 171 43 Hospital.

298 1180 74 34 The
382 1180 267 43 representative
659 1180 123 41 stated,
794 1181 165 40 however,
971 1181 76 34 that
1058 1181 49 34 “it
1117 1192 70 23 was
1198 1181 198 44 impossible
1406 1187 34 29 to
1451 1187 57 37 get

299 1230 180 34 Ernestine
489 1240 37 24 or
538 1230 91 34 Irma
641 1235 35 29 to
686 1241 57 23 see
753 1230 59 35 the
822 1231 214 43 importance
1046 1231 39 34 of
1093 1231 58 34 the
1162 1231 178 43 follow-up
1351 1231 155 43 appoint-

298 1284 122 35 ments,
442 1279 68 35 and
530 1279 81 44 they
632 1279 126 35 missed
778 1280 164 34 several.”

388 1356 134 42 During
535 1356 68 34 this
616 1356 117 43 period
747 1356 121 35 Tichia
881 1356 68 35 had
962 1362 36 29 to
1011 1357 42 34 be
1066 1357 226 44 hospitalized
1306 1357 53 34 for
1372 1368 20 23 a
1405 1358 101 43 staph

297 1405 164 34 infection
479 1405 45 34 all
541 1416 79 24 over
637 1406 61 34 her
715 1406 100 43 body.
833 1406 74 34 The
923 1406 115 35 Social
1056 1406 165 35 Services’
1240 1407 267 43 representative

296 1454 149 34 testified
460 1455 76 34 that
550 1455 61 35 she
625 1455 123 44 helped
762 1461 57 37 get
834 1455 103 35 funds
952 1456 54 34 for
1020 1456 171 34 medicine
1205 1467 92 33 upon
1312 1456 59 34 the
1385 1456 121 35 child’s

296 1504 130 35 release
435 1504 68 34 and
513 1504 88 35 tried
610 1510 36 29 to
656 1505 147 34 monitor
812 1505 59 34 the
880 1505 278 35 administration
1168 1506 39 34 of
1213 1506 170 35 medicine
1392 1517 43 23 on
1445 1506 61 34 her

296 1553 93 44 daily
414 1554 106 40 visits,
547 1554 61 35 but
634 1554 244 44 subsequently
904 1555 60 34 she
990 1555 108 34 found
1124 1555 59 34 the
1208 1556 108 33 bottle
1342 1556 77 34 half
1441 1556 64 34 full

296 1603 148 35 because
455 1604 175 43 appellant
641 1604 68 35 had
721 1610 59 28 not
790 1604 99 43 given
901 1605 59 34 the
970 1605 92 34 child
1074 1605 59 34 the
1143 1605 195 44 prescribed
1349 1611 154 29 amount.

386 1680 74 35 The
470 1680 266 43 representative
746 1680 39 35 of
792 1681 59 34 the
860 1692 132 32 agency
1003 1681 148 35 testified
1162 1682 75 34 that
1247 1682 58 34 the
1315 1682 89 34 cribs
1415 1693 90 23 were

296 1728 63 35 full
379 1729 39 34 of
434 1729 91 43 dirty
545 1724 159 48 bedding,
726 1730 68 34 and
814 1741 89 23 were
922 1742 102 23 never
1044 1731 94 34 used.
1160 1731 111 34 When
1291 1731 59 34 the
1369 1742 61 32 gas
1450 1731 54 34 for

295 1778 141 43 heating
454 1789 69 24 was
543 1778 122 35 turned
684 1779 52 34 off
751 1779 45 43 by
814 1779 59 35 the
891 1780 115 43 utility
1024 1791 180 33 company,
1224 1791 44 23 an
1287 1781 138 34 electric
1443 1781 61 34 hot

295 1828 93 43 plate
398 1839 69 23 was
479 1828 239 44 continuously
729 1829 62 34 left
801 1840 44 23 on
856 1829 59 34 the
926 1829 82 43 high
1019 1830 126 43 setting
1156 1830 53 34 for
1219 1830 91 34 heat.
1324 1830 179 34 “Another

294 1882 127 30 matter
431 1877 40 35 of
478 1883 97 37 great
585 1889 147 24 concern
742 1889 69 24 was
823 1879 58 34 the
892 1879 91 34 male
993 1879 122 41 traffic,
1127 1880 59 34 the
1195 1879 159 44 drinking
1365 1880 68 34 and
1444 1880 59 34 the

293 1927 153 34 violence
466 1927 34 34 in
520 1928 59 33 the
599 1928 135 34 home.”

385 2003 134 42 During
529 2003 59 34 the
598 2003 117 43 period
726 2003 174 44 following
912 2005 111 34 Visa’s
1034 2005 130 34 release
1173 2005 90 34 from
1273 2005 59 34 the
1342 2006 159 43 hospital,

293 2052 176 43 appellant
486 2052 69 35 and
572 2052 59 35 the
648 2053 267 43 representative
931 2053 40 35 of
985 2054 115 34 Social
1117 2054 153 35 Services
1288 2054 176 35 discussed
1481 2066 21 23 a

293 2101 257 35 rehabilitation
562 2102 80 44 plan
655 2102 53 35 for
721 2103 103 34 Irma.
837 2103 188 44 Appellant
1037 2103 143 35 decided
1192 2104 61 34 she
1264 2104 136 34 wanted
1412 2109 35 30 to
1458 2115 44 32 go

293 2151 89 35 back
398 2157 35 29 to
450 2152 127 41 school,
595 2152 68 35 and
680 2153 60 34 she
757 2153 151 34 enrolled
925 2153 35 34 in
977 2154 133 34 Booker
1127 2154 119 34 Junior
1264 2154 94 43 High
1376 2154 126 35 School

292 2201 114 35 where
414 2202 61 34 she
484 2202 120 43 stayed
615 2202 52 35 for
676 2203 80 43 only
765 2203 65 34 five
838 2203 96 43 days.
944 2203 74 35 The
1028 2204 266 43 representative
1303 2204 112 34 stated
1426 2205 76 34 that

292 2251 59 34 the
361 2251 159 43 deciding
530 2251 111 35 factor
652 2252 34 34 in
696 2252 59 35 the
764 2252 151 35 decision
926 2258 35 29 to
971 2264 137 23 remove
1117 2254 59 34 the
1185 2253 154 35 children
1349 2265 99 23 came
1458 2265 43 23 on

292 2301 99 43 April
405 2302 166 40 15,1980,
582 2302 98 34 when
691 2302 61 35 she
761 2302 102 35 made
873 2314 20 23 a
904 2303 135 35 routine
1049 2303 101 34 home
1158 2303 79 35 visit
1247 2303 68 35 and
1325 2303 108 35 found
1443 2304 59 34 the

291 2350 154 35 children
458 2356 36 29 at
506 2351 102 34 home
620 2352 109 34 alone.
743 2352 121 34 Tichia
877 2363 69 24 was
959 2353 139 43 playing
1110 2353 82 34 with
1204 2353 64 34 fish
1281 2353 106 34 hooks
1400 2353 69 34 and
1481 2365 20 23 a

292 2400 113 34 tackle
417 2400 76 34 box.
506 2401 74 34 The
591 2401 172 34 electrical
776 2402 59 34 hot
847 2402 93 44 plate
951 2413 69 23 was
1032 2402 118 43 sitting
1162 2413 43 23 on
1217 2402 59 35 the
1287 2403 110 34 coffee
1408 2403 94 34 table
