1669 2701
1298 262 68 34 499

362 404 64 34 We
453 403 86 35 need
565 409 60 29 not
651 403 104 35 reach
780 404 59 34 the
865 403 148 35 rational
1039 403 224 43 relationship
1289 408 77 35 test,

153 454 168 40 however,
346 453 149 35 because
519 464 44 24 no
587 453 243 35 classification
855 453 114 35 exists.
995 454 75 34 The
1094 454 192 43 appellants
1311 463 56 25 ac­

154 503 201 43 knowledge
367 503 75 35 that
455 503 59 34 the
525 508 131 30 statute
667 504 28 34 is
708 503 141 44 facially
861 503 146 41 neutral,
1021 514 37 24 so
1070 503 59 35 the
1141 504 73 34 first
1227 503 140 35 method

153 553 40 34 of
203 552 201 44 classifying
417 554 27 34 is
459 558 60 29 not
532 553 221 35 established.
767 554 74 34 The
854 554 99 34 other
967 558 67 29 two
1048 553 159 35 methods
1221 564 147 24 concern

154 603 59 34 the
231 613 132 24 uneven
381 603 211 44 application
610 603 68 34 and
696 603 59 35 the
773 603 230 35 burdensome
1020 603 104 35 effect
1141 603 39 34 of
1195 615 19 23 a
1233 603 135 35 neutral

154 657 140 30 statute.
322 653 64 34 We
411 653 86 34 have
522 652 142 44 already
689 652 173 36 indicated
888 653 33 34 in
947 664 63 24 our
1034 653 190 35 discussion
1249 653 39 34 of
1309 654 59 34 the

154 713 196 24 commerce
370 703 116 34 clause
507 703 76 34 that
605 703 59 34 the
684 707 130 30 statute
835 702 27 35 is
883 702 138 45 applied
1043 708 35 29 to
1099 702 180 36 interstate
1300 702 68 35 and

155 753 183 34 intrastate
348 753 144 34 carriers
504 753 91 34 alike
605 753 69 34 and
685 753 81 34 does
778 758 59 30 not
847 752 87 35 have
945 764 20 23 a
976 752 278 44 discriminatory
1265 753 104 35 effect

154 814 44 23 on
210 802 180 35 interstate
400 813 204 25 commerce.
617 803 104 34 Since
731 802 180 36 interstate
921 813 196 25 commerce
1128 803 27 35 is
1166 808 59 30 not
1236 803 132 43 singled

154 858 61 29 out
238 852 53 35 for
313 852 175 44 disparate
509 857 199 37 treatment,
731 864 44 23 no
797 853 244 35 classification
1063 864 44 24 on
1129 854 77 34 that
1227 853 91 35 basis
1341 853 27 35 is

155 902 114 41 made,
290 902 69 35 and
379 914 43 23 no
443 903 101 43 equal
565 902 192 45 protection
778 903 155 44 problem
954 903 117 35 arises.

731 995 62 34 III.

234 1078 96 34 THE
349 1078 100 34 HUE
472 1079 96 33 TAX
588 1078 231 34 VIOLATES
842 1079 95 33 THE
956 1078 283 35 PRIVILEGES
1262 1080 30 33 &

508 1128 305 34 IMMUNITIES
834 1128 183 34 CLAUSE

432 1210 76 34 The
532 1209 182 45 privileges
740 1210 68 34 and
834 1210 212 35 immunities
1072 1210 117 35 clause
1214 1211 155 44 provides

155 1259 77 34 that
242 1259 119 43 “[t]he
370 1259 153 35 Citizens
533 1259 40 35 of
579 1260 86 34 each
675 1260 100 34 State
784 1260 87 35 shall
881 1260 43 35 be
933 1260 144 35 entitled
1086 1265 35 29 to
1132 1261 45 34 all
1187 1260 183 44 Privileges

155 1308 69 35 and
237 1309 216 35 Immunities
465 1309 39 34 of
513 1309 155 35 Citizens
679 1310 35 35 in
726 1310 59 35 the
795 1310 140 35 Several
947 1310 152 35 States.”
1111 1310 130 36 United
1253 1310 116 36 States

156 1359 248 41 Constitution,
415 1361 76 33 Art.
504 1360 59 41 IV,
577 1359 17 43 §
607 1361 31 33 2.
651 1361 31 34 It
692 1360 28 35 is
730 1360 75 35 well
816 1360 210 35 established
1036 1361 77 35 that
1123 1361 58 34 the
1191 1361 179 44 privileges

155 1408 69 35 and
238 1409 212 35 immunities
463 1410 117 34 clause
592 1409 28 35 is
633 1410 232 44 inapplicable
877 1415 36 30 to
925 1410 247 44 corporations.
1185 1410 187 44 Hemphill

154 1470 31 23 v.
199 1458 125 43 Orloff,
335 1460 66 32 277
413 1459 84 35 U.S.
510 1461 66 33 537
590 1459 139 43 (1928);
743 1461 153 33 Western
909 1462 31 32 &
951 1460 180 34 Southern
1140 1460 77 43 Life
1226 1462 67 32 Ins.
1308 1462 60 33 Co.

154 1519 31 23 v.
197 1508 105 34 State
312 1508 63 34 Bd.
389 1508 46 44 of
437 1508 253 43 Equalization
701 1508 47 44 of
753 1508 117 45 Calif.,
883 1510 65 34 451
965 1509 84 34 U.S.
1063 1510 66 34 648
1146 1509 136 43 (1981).
1295 1510 74 34 The

155 1557 128 35 named
292 1558 203 44 appellants,
505 1559 110 40 ATA,
626 1564 34 29 et
669 1559 56 40 al.,
735 1569 59 24 are
803 1559 45 34 all
857 1559 247 44 corporations.
1114 1559 255 41 Nevertheless,

156 1608 82 43 they
259 1618 107 33 argue
386 1608 76 35 that
482 1608 94 35 since
596 1608 90 35 their
707 1608 188 45 complaint
916 1620 70 24 was
1007 1609 155 35 certified
1183 1621 37 23 as
1241 1620 20 24 a
1282 1610 88 35 class

156 1657 127 42 action,
296 1658 97 34 there
404 1669 59 24 are
474 1664 252 38 noncorporate
737 1658 206 36 individuals
955 1659 120 35 within
1088 1659 59 35 the
1158 1660 88 34 class
1258 1659 111 35 which

156 1708 143 44 permits
321 1707 97 35 them
438 1713 36 30 to
496 1708 90 35 raise
608 1719 20 24 a
651 1708 180 45 privileges
853 1709 69 34 and
944 1709 214 35 immunities
1179 1709 190 44 challenge,

156 1757 107 44 citing
277 1759 79 41 City
366 1758 46 43 of
413 1758 106 35 Little
528 1758 103 35 Rock
639 1770 31 23 v.
684 1758 105 41 Cash,
802 1760 66 33 277
879 1759 86 35 Ark.
977 1760 161 40 494,
1148 1759 35 34 644
1188 1759 102 35 S.W.2d
1302 1760 67 34 229

157 1806 139 43 (1982),
312 1807 185 44 rehearing
509 1807 134 35 denied.
663 1807 94 36 Cash
772 1808 81 34 does
868 1813 60 29 not
942 1808 103 35 stand
1059 1809 54 34 for
1128 1809 76 34 that
1218 1809 151 44 proposi­

156 1856 82 34 tion.
251 1857 76 34 The
337 1856 135 35 lawsuit
484 1857 35 34 in
531 1857 77 34 that
620 1868 80 24 case
710 1868 70 24 was
792 1857 80 35 filed
883 1858 46 43 by
941 1858 51 34 six
1004 1858 168 35 residents
1184 1859 39 34 of
1231 1858 59 34 the
1300 1859 71 42 city

154 1905 40 34 of
205 1905 107 35 Little
325 1906 98 34 Rock
435 1906 77 34 who
525 1917 90 24 were
627 1912 107 29 water
747 1918 106 24 users.
867 1907 75 35 The
955 1917 80 25 case
1047 1918 71 24 was
1131 1907 154 35 certified
1298 1919 37 23 as
1349 1918 20 24 a

154 1956 89 34 class
278 1955 125 35 action.
438 1956 112 34 There
583 1956 29 34 is
645 1967 45 24 no
724 1956 190 35 discussion
947 1957 107 35 about
1088 1962 180 39 corporate
1301 1957 69 35 and

155 2010 252 39 noncorporate
419 2005 138 45 parties.
571 2006 77 34 Nor
661 2006 59 35 did
733 2017 63 24 our
808 2007 159 35 research
980 2007 152 35 indicate
1144 2008 77 34 that
1233 2007 97 35 there
1342 2008 28 34 is

154 2066 69 32 any
240 2065 80 25 case
337 2055 65 35 law
419 2055 129 44 stating
565 2055 77 36 that
659 2056 27 35 it
702 2056 69 35 will
788 2056 43 36 be
848 2056 161 36 assumed
1027 2057 77 35 that
1121 2063 250 38 noncorporate

154 2104 209 36 individuals
375 2117 59 23 are
444 2105 162 36 included
618 2106 35 35 in
665 2118 20 23 a
697 2106 89 35 class
797 2106 115 35 action
923 2107 36 34 in
970 2118 21 23 a
1002 2118 81 24 case
1093 2108 85 34 such
1190 2118 38 24 as
1239 2107 78 35 this.
1331 2109 40 33 In

154 2155 75 34 fact
240 2155 34 34 in
283 2157 107 37 ATA,
404 2162 33 28 et
447 2155 46 35 al.
504 2167 31 23 v.
549 2155 193 40 Goldstein,
756 2162 33 29 et
800 2157 57 38 al.,
869 2167 120 33 supra,
1001 2157 60 34 the
1070 2168 97 24 same
1177 2157 193 44 appellants

154 2204 195 44 attempted
366 2210 36 29 to
420 2205 90 35 raise
527 2216 20 24 a
566 2205 181 44 privileges
765 2206 69 34 and
852 2206 213 35 immunities
1084 2211 193 38 argument.
1296 2207 75 34 The

156 2254 190 43 Maryland
359 2260 98 29 court
470 2255 104 35 noted
587 2255 77 35 that
676 2256 60 34 the
748 2256 117 35 clause
877 2267 69 24 was
960 2256 232 44 inapplicable
1204 2262 36 29 to
1252 2267 118 34 corpo­

155 2303 131 36 rations
296 2304 68 35 and
374 2304 124 36 stated:
510 2305 20 14 “
538 2304 48 44 [a]
593 2305 23 34 11
625 2305 40 35 of
671 2306 60 34 the
740 2305 126 36 named
876 2306 169 43 plaintiffs
1055 2317 59 24 are
1123 2307 245 43 corporations.

155 2355 51 33 As
220 2354 97 41 such,
333 2354 80 43 they
428 2355 88 34 have
529 2366 45 23 no
588 2355 163 43 standing
765 2360 36 30 to
815 2355 181 44 challenge
1012 2356 17 42 §
1047 2355 125 43 423(a)
1188 2356 109 34 under
1311 2357 60 33 the

155 2403 185 43 Privileges
357 2404 68 34 and
441 2404 218 34 Immunities
676 2404 130 35 Clause
821 2404 39 35 of
872 2405 77 34 Art.
967 2405 84 34 IV.”
1069 2406 104 40 Here,
1190 2416 37 24 as
1244 2405 35 34 in
1295 2406 76 34 that
