1663 2697
1277 255 65 34 605

229 924 103 43 Kelly
351 925 37 33 S.
410 926 177 42 Jennings,
609 924 53 35 for
683 925 185 43 appellant.

230 1008 122 32 James
371 1007 40 33 E.
432 1007 119 39 Baine,
573 1005 54 35 for
647 1006 165 43 appellee.

231 1087 160 34 George
409 1088 99 33 Rose
525 1087 132 40 Smith,
675 1087 141 34 Justice.

833 1087 83 34 This
933 1088 28 34 is
979 1099 20 23 a
1016 1098 61 23 use
1094 1093 58 29 tax
1169 1098 89 24 case.
1276 1088 74 34 The

139 1137 188 42 appellant,
344 1136 58 34 the
418 1136 178 35 Arkansas
613 1137 270 35 Commissioner
899 1137 39 34 of
951 1138 192 40 Revenues,
1160 1138 153 34 assessed
1329 1149 21 23 a

140 1191 59 28 tax
208 1185 189 44 deficiency
405 1186 136 43 against
549 1186 60 35 the
617 1187 166 43 appellee,
793 1187 124 41 Deltic,
927 1198 44 23 on
979 1188 60 34 the
1047 1187 121 44 theory
1176 1187 76 35 that
1261 1198 20 24 a
1290 1199 61 23 use

139 1240 60 29 tax
213 1235 123 35 should
351 1236 85 34 have
450 1236 86 35 been
551 1236 81 44 paid
646 1247 43 23 on
705 1237 141 34 Deltic’s
861 1237 169 43 purchase
1043 1236 40 35 of
1093 1248 20 24 a
1128 1238 95 43 large
1236 1248 113 24 crane.

140 1286 115 34 Deltic
270 1285 147 35 claimed
433 1286 76 34 that
523 1286 60 34 the
597 1286 170 44 purchase
782 1297 68 24 was
866 1297 19 24 a
901 1292 58 29 tax
974 1292 138 38 exempt
1127 1287 222 41 transaction,

140 1335 150 34 because
304 1335 60 34 the
380 1346 103 24 crane
499 1335 27 34 is
542 1336 85 34 used
644 1336 34 34 in
695 1336 59 34 the
770 1336 243 35 manufacture
1029 1336 38 34 of
1080 1337 135 34 lumber
1231 1337 68 34 and
1315 1337 38 34 of

140 1385 98 34 wood
253 1384 107 44 chips,
376 1385 58 34 the
449 1386 101 34 latter
565 1386 103 42 being
683 1386 194 43 eventually
891 1386 73 35 sold
978 1392 36 29 to
1029 1397 106 33 paper
1149 1386 100 35 mills.
1265 1387 84 34 Ark.

140 1434 90 35 Stat.
251 1436 91 33 Ann.
365 1435 17 43 §
405 1435 283 44 84-3106(D)(2)
711 1436 115 44 (Repl.
851 1436 116 43 1980).
988 1436 74 35 The
1082 1436 269 36 Commissioner

140 1484 125 36 denied
281 1485 59 35 the
356 1485 206 45 exemption,
580 1485 141 44 holding
738 1486 76 35 that
829 1486 59 35 the
903 1497 104 25 crane
1023 1487 27 34 is
1067 1492 60 29 not
1142 1487 84 35 used
1243 1487 33 34 in
1292 1488 59 34 the

141 1535 283 44 manufacturing
438 1541 77 39 part
527 1536 40 34 of
577 1536 143 35 Deltic’s
734 1536 165 41 business,
913 1548 38 23 or
964 1537 30 34 if
1003 1547 48 30 so,
1065 1537 59 34 the
1136 1548 104 24 crane
1253 1537 27 34 is
1293 1543 59 29 not

140 1585 85 34 used
247 1585 189 44 “directly”
458 1586 33 34 in
512 1586 295 43 manufacturing,
828 1597 37 23 as
886 1587 59 34 the
965 1591 171 39 statutory
1157 1587 194 43 exemption

140 1635 164 42 requires.

233 1715 115 35 Deltic
359 1716 80 43 paid
451 1716 59 35 the
521 1721 59 29 tax
592 1716 109 35 under
712 1721 130 39 protest
853 1717 68 34 and
933 1717 150 43 brought
1094 1717 68 35 this
1174 1717 113 35 action
1299 1717 53 35 for

141 1765 43 34 its
196 1776 170 33 recovery.
379 1766 73 34 The
463 1766 197 35 chancellor
671 1766 150 43 rejected
832 1766 59 34 the
902 1767 300 34 Commissioner’s
1213 1773 137 28 conten-

140 1815 90 34 tions
246 1815 68 35 and
328 1815 153 35 directed
496 1826 21 23 a
532 1815 124 35 refund
671 1815 40 35 of
722 1816 59 34 the
794 1821 69 30 tax.
879 1816 74 34 The
967 1817 124 43 appeal
1106 1827 114 24 comes
1235 1822 35 29 to
1284 1817 67 35 this

140 1870 100 29 court
265 1875 38 24 as
328 1865 197 43 presenting
550 1876 45 23 an
620 1866 92 34 issue
735 1866 39 34 of
797 1871 170 38 statutory
992 1867 244 34 construction.
1262 1867 91 34 Rule

142 1914 173 43 29(l)(c).

232 1995 75 33 The
318 1994 89 34 facts
419 2006 59 23 are
489 2000 59 28 not
560 1995 167 43 seriously
738 1995 34 34 in
784 1995 146 43 dispute.
944 1996 103 34 From
1062 1997 86 33 1973
1162 1996 86 34 until
1265 1997 86 33 1979

142 2044 116 33 Deltic
269 2043 193 35 conducted
473 2044 80 43 only
566 2055 20 23 a
598 2044 146 35 sawmill
755 2044 179 44 operation
945 2045 35 34 in
991 2044 114 35 which
1116 2045 27 34 it
1154 2045 114 34 sawed
1280 2045 73 43 logs

142 2092 72 35 into
243 2093 135 35 lumber
404 2093 68 35 and
500 2093 73 35 sold
601 2094 59 34 the
688 2094 134 35 lumber
849 2099 35 29 to
911 2094 228 35 wholesalers.
1168 2094 122 44 Owing
1318 2100 35 29 to

142 2143 179 36 economic
342 2143 191 36 conditions
555 2144 60 35 the
636 2144 145 36 sawmill
804 2145 142 35 became
968 2156 37 24 so
1026 2145 230 45 unprofitable
1278 2145 76 36 that

143 2195 116 35 Deltic
267 2206 70 23 was
347 2195 116 35 forced
473 2200 35 30 to
517 2196 158 35 consider
684 2196 103 43 going
796 2201 60 30 out
865 2196 39 34 of
910 2196 166 35 business.
1087 2197 115 34 Deltic
1210 2196 143 35 decided

143 2250 36 29 to
192 2246 93 34 solve
298 2245 42 34 its
354 2246 155 43 problem
522 2246 46 43 by
581 2246 209 44 purchasing
803 2246 188 43 low-grade
1004 2246 136 41 timber,
1155 2246 151 35 referred
1319 2252 36 29 to

143 2305 38 23 as
195 2295 240 43 “stumpage,”
448 2295 112 34 which
573 2295 114 35 would
700 2296 43 33 be
755 2295 84 35 used
852 2307 37 22 as
902 2296 105 34 much
1020 2306 38 23 as
1071 2296 147 43 possible
1231 2296 53 33 for
1296 2296 59 34 the

143 2344 205 43 production
362 2344 38 34 of
410 2344 145 41 lumber,
569 2345 83 34 with
665 2345 60 33 the
738 2350 69 29 rest
819 2345 102 42 being
934 2344 85 35 used
1032 2345 34 33 in
1080 2345 59 34 the
1152 2344 202 44 production

143 2393 39 34 of
199 2394 234 43 high-quality
452 2394 97 34 wood
570 2394 107 43 chips.
