1656 2693
295 401 204 44 appellant’s
527 401 163 43 five-year
718 405 160 29 sentence
906 399 53 35 for
987 399 190 44 possession
1205 399 39 34 of
1268 398 141 34 cocaine
1436 397 68 35 and

295 451 195 42 marijuana
502 451 81 34 with
596 450 110 35 intent
716 455 36 29 to
762 449 138 35 deliver.
914 448 268 44 Consequently,
1194 448 176 44 appellant
1381 446 122 36 should

295 505 59 29 not
382 500 131 34 receive
540 511 68 32 any
635 499 109 35 credit
772 498 53 34 for
853 499 59 34 the
939 498 118 44 period
1085 497 39 35 of
1149 498 84 34 time
1260 498 76 34 that
1364 497 43 34 he
1434 507 69 23 was

295 549 236 36 incarcerated
552 549 34 34 in
606 550 122 33 Texas.

296 262 67 34 302

385 626 180 35 Affirmed.

386 706 159 40 Purtle,
566 706 42 40 J.,
629 710 60 29 not
709 703 254 46 participating.

352 987 89 35 Dale
460 987 99 34 Gene
580 987 201 34 BRYANT
801 996 27 23 v.
851 987 43 33 A.
917 987 38 33 L.
977 985 279 41 LOCKHART,
1278 985 169 40 Director,

546 1036 178 35 Arkansas
745 1036 229 42 Department
994 1035 39 34 of
1050 1035 203 34 Correction

296 1114 65 33 CR
382 1114 130 34 85-170

1232 1113 66 33 705
1320 1111 143 35 S.W.2d
1484 1112 19 33 9

622 1191 169 43 Supreme
811 1190 111 35 Court
941 1190 39 35 of
997 1190 178 34 Arkansas

570 1241 152 44 Opinion
742 1240 171 35 delivered
934 1240 127 35 March
1084 1241 30 39 3,
1139 1240 87 34 1986

385 1813 199 43 Appellant,
601 1824 68 32 pro
687 1824 47 23 se.

383 1891 104 34 Steve
499 1890 120 41 Clark,
630 1890 98 44 Att’y
739 1890 100 42 Gen.,
850 1890 55 44 by:
917 1892 142 33 Jerome
1072 1891 35 33 T.
1119 1891 170 42 Kearney,
1300 1891 93 33 Asst.
1405 1889 98 43 Att’y

294 1940 100 40 Gen.,
415 1939 54 35 for
489 1940 164 44 appellee.

385 2018 125 34 David
522 2019 208 38 Newbern,
742 2017 141 35 Justice.

896 2017 83 34 This
992 2017 123 43 appeal
1127 2027 115 24 comes
1254 2022 35 29 to
1301 2027 40 23 us
1352 2027 44 23 on
1408 2027 21 23 a
1437 2027 67 32 pro

293 2078 38 23 se
342 2066 92 35 brief
441 2066 45 45 by
496 2067 59 35 the
565 2067 186 44 appellant.
762 2067 60 34 No
832 2067 154 34 abstract
996 2066 39 35 of
1042 2066 60 34 the
1112 2066 120 35 record
1242 2077 70 23 was
1323 2065 181 45 presented

294 2117 45 43 by
351 2117 59 34 the
421 2117 186 44 appellant,
619 2127 38 24 or
669 2116 45 44 by
725 2116 59 35 the
795 2117 178 34 Arkansas
985 2117 171 42 Attorney
1168 2116 151 35 General
1330 2126 44 24 on
1386 2115 121 35 behalf

294 2166 40 35 of
350 2166 59 35 the
429 2167 164 44 appellee.

386 2245 101 35 From
503 2245 59 35 the
578 2244 204 45 appellant’s
799 2249 186 31 statement
1001 2244 39 35 of
1053 2244 59 35 the
1128 2244 100 42 facts,
1245 2245 59 34 the
1320 2244 182 44 appellee’s

294 2294 99 41 brief,
409 2294 68 35 and
493 2295 125 43 mostly
633 2294 90 35 from
737 2294 59 35 the
811 2294 131 42 record,
957 2305 51 24 we
1023 2305 59 24 are
1096 2294 79 34 able
1189 2300 35 29 to
1239 2294 101 43 glean
1354 2294 76 34 that
1445 2293 59 35 the

294 2344 176 44 appellant
480 2344 105 35 asked
595 2344 59 35 the
663 2344 169 35 Jefferson
842 2344 140 44 County
992 2343 134 35 Circuit
1136 2343 110 35 Court
1255 2349 36 29 to
1300 2343 100 35 order
1409 2344 43 33 A.
1464 2343 38 34 L.

295 2394 184 41 Lockhart,
491 2394 158 34 Director
658 2393 39 35 of
704 2394 59 33 the
771 2394 179 34 Arkansas
960 2394 230 43 Department
1199 2393 39 35 of
1245 2393 213 40 Correction,
1469 2397 35 29 to
