1631 2692
320 410 225 42 landowners,
569 410 193 43 neighbors,
786 410 68 35 and
878 411 59 34 the
958 410 139 44 general
1120 410 117 44 public
1258 409 180 36 conferred
1461 409 68 36 and

320 461 158 44 required
503 461 44 44 by
571 461 124 43 zoning
719 461 81 35 laws
824 466 93 30 must
940 460 198 36 sometimes
1162 461 43 35 be
1228 460 209 45 interpreted
1461 460 68 35 and

319 511 177 43 protected
511 512 44 43 by
569 512 58 34 the
641 516 125 36 courts,
781 523 51 23 we
845 511 123 35 should
982 511 180 43 recognize
1175 511 76 35 that
1265 511 95 35 basic
1374 510 81 36 land
1469 522 61 23 use

319 561 165 42 planning
493 561 28 34 is
531 572 20 23 a
560 561 190 43 legislative
758 561 156 34 function
924 562 34 33 in
966 561 113 34 which
1087 572 52 22 we
1148 561 122 34 should
1279 561 163 34 interfere
1451 561 80 43 only

320 610 98 34 when
439 621 190 33 necessary.

321 271 43 33 48

409 687 85 34 Ark.
507 687 89 34 Stat.
609 687 92 34 Ann.
716 687 17 42 ยง
752 687 206 42 19-2825(a)
975 687 115 43 (Repl.
1108 686 103 43 1980)
1226 687 155 43 provides
1394 686 33 35 in
1440 692 88 38 part:

532 764 74 34 The
625 763 80 43 plan
724 774 38 24 or
781 764 97 43 plans
897 764 39 34 of
952 764 58 34 the
1029 763 239 45 municipality
1286 764 87 34 shall
1393 763 42 35 be
1454 774 74 33 pre-

442 813 106 43 pared
560 813 34 34 in
606 812 100 36 order
718 818 36 29 to
766 819 166 38 promote,
946 814 33 34 in
992 813 213 35 accordance
1216 813 82 35 with
1311 818 137 39 present
1460 813 68 35 and

442 862 116 35 future
571 862 114 41 needs,
699 863 59 34 the
770 863 123 44 safety,
907 863 138 41 morals,
1058 863 111 41 order,
1182 863 238 41 convenience,
1434 874 93 33 pros-

442 913 110 43 perity
561 912 68 35 and
638 913 139 42 general
786 913 141 35 welfare
935 913 39 35 of
980 914 59 34 the
1046 913 154 41 citizens;
1210 913 68 35 and
1287 925 81 32 may
1377 912 150 46 provide,

442 973 126 33 among
591 962 98 35 other
711 962 125 44 things,
860 963 54 34 for
936 962 176 44 efficiency
1134 963 69 35 and
1225 974 166 33 economy
1414 963 34 34 in
1470 962 59 36 the

442 1023 135 33 process
588 1012 39 35 of
634 1012 250 44 development,
895 1012 54 35 for
959 1013 58 34 the
1028 1013 220 43 appropriate
1258 1013 68 34 and
1337 1013 75 34 best
1422 1023 60 24 use
1492 1012 39 35 of

441 1062 92 40 land,
552 1062 53 34 for
622 1062 228 34 convenience
867 1062 39 35 of
920 1063 112 34 traffic
1049 1062 68 34 and
1134 1063 203 34 circulation
1355 1062 39 35 of
1407 1063 121 43 people

441 1111 68 34 and
532 1112 117 42 goods,
672 1111 54 34 for
748 1111 113 44 safety
884 1112 90 35 from
997 1111 62 37 fire
1081 1112 68 34 and
1172 1112 98 34 other
1292 1112 158 43 dangers,
1474 1111 53 35 for

440 1161 172 44 adequate
640 1161 86 43 light
755 1161 68 35 and
851 1162 52 34 air
931 1162 34 34 in
993 1161 59 35 the
1080 1172 60 24 use
1168 1162 68 34 and
1264 1172 199 34 occupancy
1491 1161 39 35 of

440 1211 183 43 buildings,
650 1210 53 35 for
728 1211 171 35 healthful
924 1211 69 35 and
1018 1211 203 35 convenient
1245 1211 220 35 distribution
1490 1211 40 37 of

440 1261 210 43 population,
673 1260 54 34 for
748 1260 89 43 good
858 1261 86 34 civic
964 1260 120 43 design
1106 1261 68 34 and
1196 1266 254 38 arrangement,
1473 1261 53 35 for

439 1309 172 44 adequate
629 1309 116 43 public
763 1310 141 35 utilities
923 1310 69 35 and
1010 1309 172 42 facilities,
1201 1310 68 35 and
1288 1310 53 35 for
1359 1310 81 35 wise
1457 1310 69 35 and

440 1359 148 34 efficient
609 1359 224 43 expenditure
852 1359 40 35 of
908 1360 114 34 funds.

315 1434 92 35 That
416 1435 171 43 language
596 1435 122 35 should
728 1435 42 35 be
779 1436 81 44 kept
869 1436 34 34 in
913 1436 106 40 mind,
1029 1435 69 35 and
1107 1436 134 37 neither
1249 1448 52 23 we
1309 1447 62 24 nor
1379 1436 59 35 the
1446 1436 79 35 trial

315 1490 115 29 courts
443 1485 122 34 should
578 1485 166 35 succumb
756 1490 35 30 to
804 1486 59 34 the
875 1485 206 45 temptation
1094 1491 36 29 to
1142 1491 90 30 treat
1244 1487 125 43 zoning
1381 1491 144 30 matters

315 1545 37 23 as
376 1534 162 44 ordinary
562 1535 184 44 adversary
770 1535 222 44 proceedings
1017 1535 34 34 in
1074 1536 113 34 which
1211 1536 172 35 members
1406 1536 40 35 of
1466 1536 60 35 the

315 1584 116 43 public
451 1585 86 34 have
558 1596 43 23 no
621 1574 202 55 protective
843 1585 151 35 interest.
1015 1585 92 35 That
1127 1586 206 44 temptation
1353 1586 27 35 is
1401 1585 123 35 indeed

315 1639 147 38 present.
480 1635 38 34 In
534 1635 59 34 the
608 1634 182 35 landmark
804 1646 80 23 case
898 1635 176 43 declaring
1090 1635 59 35 the
1163 1636 310 43 constitutionality
1488 1636 39 34 of

315 1683 81 34 land
411 1695 60 23 use
486 1684 164 43 planning
665 1684 68 35 and
749 1685 124 43 zoning
888 1690 35 29 to
938 1684 140 35 achieve
1093 1685 37 41 it,
1150 1685 134 43 Village
1298 1685 46 44 of
1349 1685 131 35 Euclid
1491 1697 31 23 v.

314 1733 147 35 Ambler
477 1734 129 43 Realty
626 1734 73 40 Co.,
719 1735 68 33 272
807 1734 83 35 U.S.
912 1735 65 34 365
1000 1733 138 44 (1926),
1158 1735 58 34 the
1235 1735 44 34 U.
1299 1735 35 34 S.
1355 1735 170 43 Supreme

316 1782 109 35 Court
442 1782 202 44 analogized
661 1788 35 29 to
713 1783 59 35 the
788 1794 160 25 common
966 1785 65 34 law
1048 1784 39 34 of
1101 1784 173 35 nuisance.
1294 1786 30 33 It
1341 1784 122 36 should
1481 1785 43 35 be

314 1832 149 35 realized
479 1833 34 34 in
530 1844 62 23 our
608 1833 94 41 time,
720 1833 166 42 however,
903 1834 77 35 that
995 1845 51 24 we
1062 1845 60 23 are
1137 1839 59 30 not
1212 1834 137 44 dealing
1365 1835 82 34 with
1464 1835 59 35 the

313 1882 127 43 typical
461 1882 184 44 adversary
665 1883 217 44 proceeding,
903 1884 69 35 and
992 1895 63 24 our
1075 1884 71 34 role
1165 1884 122 35 should
1308 1885 42 34 be
1370 1890 35 30 to
1425 1884 97 35 defer

312 1932 179 34 whenever
505 1932 147 44 possible
666 1937 35 30 to
715 1933 59 34 the
787 1933 190 43 legislative
990 1933 156 35 function
1161 1934 39 35 of
1210 1934 59 35 the
1281 1935 70 43 city
1365 1934 107 35 board
1487 1935 34 34 in

312 1981 124 43 zoning
448 1981 163 44 disputes.
624 1982 68 34 See
705 1983 52 33 M.
771 1983 189 41 Gitelman,
972 1982 159 36 Judicial
1141 1985 137 33 Review
1289 1984 46 43 of
1338 1986 140 41 Zoning
1487 1986 35 32 in

310 2030 195 41 Arkansas,
527 2032 42 33 23
591 2031 85 34 Ark.
698 2032 38 33 L.
758 2032 84 33 Rev.
864 2033 45 33 22
931 2031 137 43 (1969).

541 2108 92 34 That
645 2118 96 24 same
753 2107 183 36 deference
947 2108 122 35 should
1081 2108 44 34 be
1136 2108 99 43 given
1247 2109 82 34 with
1340 2114 134 38 respect
1486 2114 36 29 to

312 2156 59 34 the
384 2156 157 44 question
555 2157 40 34 of
605 2156 171 44 standing.
791 2158 127 43 Again,
933 2169 51 24 we
997 2158 122 35 should
1133 2159 179 43 recognize
1325 2170 51 24 we
1389 2169 60 24 are
1462 2164 60 29 not

312 2205 137 44 dealing
467 2207 82 34 with
568 2218 19 23 a
606 2207 127 44 typical
752 2207 185 44 adversary
954 2207 216 45 proceeding.
1188 2209 68 34 See
1273 2209 30 34 J.
1322 2210 105 42 Ayer,
1450 2208 71 35 The

310 2257 180 33 Primitive
505 2258 81 32 Law
601 2256 46 44 of
654 2256 177 45 Standing
844 2260 35 32 in
894 2258 100 34 Land
1010 2259 68 33 Use
1092 2259 179 43 Disputes:
1285 2259 109 35 Some
1408 2260 113 33 Notes

303 2304 100 44 from
430 2317 21 22 a
475 2306 100 34 Dark
602 2307 195 40 Continent,
825 2308 42 33 55
895 2308 91 34 Iowa
1012 2308 38 33 L.
1078 2308 83 33 Rev.
1189 2309 67 33 344
1284 2307 136 44 (1969).
1449 2308 70 34 Mr.

312 2355 171 34 Faulkner
499 2355 88 35 lived
603 2356 35 34 in
654 2356 59 34 the
729 2356 268 43 neighborhood,
1014 2356 84 35 used
1115 2357 59 34 the
1185 2357 143 43 jogging
1344 2357 90 41 trail,
1451 2357 69 35 and

310 2404 229 44 participated
568 2405 34 34 in
631 2405 59 33 the
718 2405 73 34 first
819 2406 165 43 planning
1013 2406 219 34 commission
1261 2407 143 43 hearing
1433 2417 37 24 as
1499 2418 21 23 a
