1671 2705
152 406 107 24 score.
276 395 131 35 Wilson
422 395 139 42 Parker,
575 396 77 35 who
667 395 68 35 had
750 406 95 25 more
858 396 164 44 seniority
1036 396 62 34 but
1112 395 103 36 made
1228 406 20 24 a
1262 396 105 34 lesser

152 445 108 43 grade
273 457 43 23 on
330 446 58 34 the
401 451 77 36 test,
492 456 70 24 was
576 445 101 35 listed
690 445 74 35 first
777 445 68 35 and
859 446 62 34 has
934 445 199 36 intervened
1147 446 34 35 in
1194 445 68 35 this
1275 456 89 25 case.

1298 255 65 34 343

246 526 39 34 In
314 536 19 23 a
362 525 217 44 declaratory
603 525 185 44 judgment
816 525 78 42 suit,
924 526 59 35 the
1011 526 122 35 circuit
1161 531 97 30 court
1286 525 80 36 held

153 576 179 35 Arkansas
342 575 64 35 law
416 575 59 35 did
486 581 59 30 not
556 575 151 45 prohibit
716 576 59 35 the
785 576 89 35 Civil
884 576 140 35 Service
1034 575 231 36 Commission
1276 575 91 36 from

153 625 101 44 using
268 625 163 45 seniority
446 637 37 24 as
499 636 20 24 a
534 626 162 35 criterion
711 631 36 29 to
761 626 191 35 determine
967 626 147 43 ranking
1128 637 44 24 on
1187 625 180 45 eligibility

154 676 84 34 lists.
254 676 65 34 We
332 675 70 35 find
415 676 179 34 Arkansas
607 676 65 35 law
686 675 28 35 is
727 681 35 30 to
775 676 59 35 the
846 681 172 39 contrary,
1033 676 174 44 requiring
1220 676 76 35 that
1308 676 60 35 the

154 736 123 33 person
298 725 81 35 with
400 726 59 34 the
478 725 138 43 highest
635 731 68 31 test
723 737 96 24 score
838 726 43 34 be
901 726 191 44 promoted.

245 806 85 34 Ark.
351 805 89 35 Stat.
461 807 92 34 Ann.
576 806 17 43 §
620 807 149 34 19-1603
792 806 117 44 (Repl.
933 806 105 43 1980)
1060 807 157 43 provides
1237 806 52 35 for
1308 807 61 35 the

155 855 114 35 Board
279 856 40 34 of
325 855 88 35 Civil
423 855 139 35 Service
571 861 36 30 to
616 856 173 44 prescribe
797 856 91 35 rules
898 856 68 35 and
976 856 211 43 regulations
1196 856 54 35 for
1258 857 111 44 police

154 905 69 35 and
243 906 63 34 fire
325 905 247 44 departments.
593 906 93 34 That
705 911 131 29 statute
855 911 117 30 states:

278 984 113 35 These
409 985 91 34 rules
520 985 89 34 shall
629 985 141 44 provide
792 1013 6 6 .
826 1013 6 7 .
860 1012 7 7 .

280 1063 71 36 9th.
364 1064 64 34 For
439 1064 195 44 promotion
644 1064 107 35 based
761 1075 92 33 upon
863 1075 88 33 open
962 1065 221 43 competitive
1192 1065 175 35 examina-

279 1114 89 34 tions
388 1113 39 35 of
444 1113 188 45 efficiency,
653 1114 181 35 character
854 1114 68 35 and
942 1113 161 43 conduct,
1124 1115 73 35 lists
1217 1114 88 35 shall
1325 1115 44 34 be

279 1163 139 35 created
440 1163 54 35 for
516 1164 87 34 each
625 1164 88 35 rank
733 1164 39 34 of
791 1164 129 35 service
942 1164 69 35 and
1032 1165 212 43 promotions
1265 1164 104 36 made

279 1212 189 36 therefrom
488 1224 38 25 as
547 1213 164 45 provided
731 1214 128 35 herein.

279 1292 72 35 6th.
379 1320 6 7 .
413 1320 6 7 .
447 1321 6 7 .
466 1292 68 36 and
545 1292 54 36 for
609 1293 59 35 the
677 1294 194 43 promotion
881 1304 38 24 or
929 1293 251 36 advancement
1190 1293 39 35 of
1235 1294 59 35 the
1303 1305 66 24 one

279 1342 162 44 standing
462 1342 138 44 highest
622 1354 44 24 on
689 1343 59 35 the
770 1343 180 45 eligibility
971 1344 58 35 list
1051 1343 54 36 for
1127 1344 76 35 that
1225 1344 87 36 rank
1333 1343 38 37 of

279 1393 138 36 service.

246 1474 83 35 This
343 1478 130 31 statute
486 1484 117 25 covers
617 1480 68 29 two
699 1480 159 38 separate
871 1475 152 44 subjects
1037 1475 152 35 relevant
1203 1475 91 35 here:
1311 1475 54 43 (1)

155 1523 194 44 applicants
363 1524 76 34 who
452 1534 60 24 are
524 1529 36 29 to
574 1524 43 34 be
630 1524 109 41 hired,
753 1525 69 34 and
837 1524 54 43 (2)
907 1525 195 43 employees
1116 1525 76 35 who
1206 1535 59 24 are
1277 1530 36 29 to
1326 1525 43 34 be

155 1572 192 44 promoted.
365 1573 259 44 Undoubtedly,
641 1573 60 35 the
718 1573 233 36 Commission
967 1574 63 35 has
1047 1574 87 35 been
1151 1573 142 45 reading
1310 1574 59 35 the

154 1627 132 30 statute
305 1622 100 44 using
425 1623 59 34 the
503 1627 68 30 two
592 1628 160 39 separate
771 1623 190 43 categories
982 1623 40 35 of
1038 1623 206 36 individuals
1264 1624 104 35 inter­

154 1672 229 44 changeably,
395 1673 148 35 because
553 1673 60 35 the
623 1673 155 44 practice
787 1674 63 34 has
861 1673 88 35 been
959 1679 37 30 to
1007 1673 150 36 forward
1168 1685 45 24 an
1223 1674 144 43 eligibil­

155 1722 50 43 ity
221 1722 56 36 list
293 1722 199 44 containing
508 1722 59 35 the
583 1723 98 35 three
696 1733 140 34 persons
852 1723 131 35 ranked
999 1723 137 43 highest
1154 1723 164 44 (figuring
1334 1725 35 34 in

154 1771 180 45 seniority)
353 1777 35 29 to
404 1772 58 35 the
477 1771 222 44 department
714 1773 100 35 head.
831 1773 92 34 That
939 1773 153 44 practice
1107 1774 28 34 is
1151 1784 127 32 wrong.
1295 1774 75 36 The

153 1826 174 39 statutory
349 1821 171 44 language
543 1822 112 34 which
678 1823 123 42 speaks
824 1822 39 35 of
882 1823 228 34 certification
1133 1823 39 35 of
1191 1823 59 34 the
1272 1824 97 34 three

154 1870 138 44 highest
306 1880 150 35 persons,
471 1871 108 34 refers
593 1876 36 30 to
643 1871 59 35 the
716 1872 239 43 appointment
968 1872 40 35 of
1018 1872 205 44 applicants,
1237 1878 60 29 not
1310 1873 59 34 the

154 1920 195 43 promotion
367 1920 39 34 of
421 1920 205 44 employees.
645 1921 75 34 The
736 1932 81 33 very
834 1926 81 30 next
932 1927 162 29 sentence
1111 1922 35 34 in
1163 1921 60 35 the
1240 1927 129 31 statute

153 1968 97 36 deals
261 1969 82 35 with
354 1969 211 44 promotions
576 1970 113 35 which
699 1981 52 24 we
761 1971 87 36 have
857 1970 143 45 already
1009 1971 139 44 quoted.
1161 1972 40 34 In
1213 1971 154 36 Orrell v.

156 2019 80 44 City
252 2019 46 45 of
306 2020 74 35 Hot
395 2020 159 44 Springs,
572 2021 66 34 265
656 2020 86 35 Ark.
760 2021 79 41 267,
857 2021 66 34 578
940 2020 145 38 S.W.2d
1104 2022 40 34 18
1163 2020 139 45 (1979),
1317 2032 52 24 we

154 2069 105 37 made
273 2070 59 35 the
346 2081 96 25 same
457 2069 149 37 mistake
620 2071 59 36 the
694 2070 233 37 Commission
941 2071 60 36 did
1016 2071 35 36 in
1066 2082 62 26 our
1143 2071 176 38 reference
1333 2078 36 30 to

154 2121 86 35 Ark.
251 2121 89 35 Stat.
350 2122 91 34 Ann.
454 2121 184 44 §19-1603
651 2121 67 44 (6),
728 2122 46 44 by
783 2122 176 44 assuming
969 2123 77 35 that
1054 2122 60 36 the
1123 2123 97 35 three
1228 2134 140 33 persons

154 2171 132 35 ranked
309 2171 135 43 highest
467 2183 44 24 on
534 2172 60 35 the
616 2172 182 44 eligibility
820 2172 56 35 list
898 2184 90 24 were
1010 2177 37 30 to
1070 2173 43 35 be
1135 2172 84 36 used
1242 2173 45 44 by
1309 2174 60 34 the

154 2220 222 44 department
395 2221 89 35 head
505 2221 54 34 for
578 2222 196 43 promotion
794 2232 174 34 purposes.

339 2299 74 35 The
429 2304 131 31 statute
576 2300 210 46 specifically
802 2300 157 45 provides
976 2301 77 35 that
1070 2301 194 44 promotion
1281 2301 88 36 shall

154 2349 44 35 be
214 2349 103 37 made
333 2360 43 24 on
393 2350 59 35 the
467 2350 92 35 basis
575 2350 40 36 of
627 2351 60 35 the
703 2351 245 35 examination.
965 2351 113 35 There
1094 2351 28 35 is
1138 2362 44 24 no
1198 2351 170 44 provision

155 2399 219 45 authorizing
392 2411 68 34 any
477 2400 100 36 other
594 2401 173 42 criterion,
785 2401 177 44 including
980 2401 174 45 seniority.
1173 2402 81 44 Any
1271 2402 98 35 other
