1650 2702
245 422 197 43 proportion
457 428 35 28 to
507 422 59 34 the
581 427 160 29 amounts
756 421 38 35 of
806 421 89 35 their
910 422 187 43 respective
1111 421 129 40 shares,
1255 421 76 34 that

245 472 135 43 portion
391 472 39 34 of
437 472 59 34 the
506 477 110 29 estate
626 471 112 35 which
750 472 43 33 he
802 482 37 23 or
850 471 81 43 they
941 471 113 34 would
1065 471 87 34 have
1163 470 169 35 inherited

246 521 69 34 had
336 521 96 34 there
452 522 86 33 been
559 531 43 24 no
622 521 79 34 will.

1263 281 62 33 201

213 601 75 34 The
302 601 143 43 probate
455 601 119 43 judge,
589 601 34 34 in
637 601 131 43 finding
783 601 58 34 the
855 601 171 43 language
1040 600 34 34 in
1088 600 60 34 the
1161 600 172 34 testator’s

121 651 69 33 will
207 650 171 34 sufficient
395 650 152 35 mention
564 650 39 34 of
616 650 59 34 the
692 650 191 44 appellants
901 660 37 24 as
955 650 172 34 members
1144 649 39 34 of
1197 660 19 23 a
1233 650 99 40 class,

122 700 92 34 cited
225 701 98 33 three
333 700 177 34 Arkansas
522 700 170 43 Supreme
703 700 110 34 Court
824 710 106 30 cases,
946 699 129 44 Taylor
1083 711 31 22 v.
1128 699 204 41 Cammack,

124 752 67 33 209
202 751 85 33 Ark.
299 751 156 39 983, 193
467 749 144 35 S.W.2d
622 750 66 34 323
702 749 137 44 (1946);
849 748 130 36 Powell
987 761 30 23 v.
1028 751 131 41 Hayes,
1174 749 64 34 176
1248 749 84 34 Ark.

124 801 80 40 660,
220 802 17 32 3
253 799 142 35 S.W.2d
410 801 67 34 974
492 799 139 43 (1928);
645 800 68 34 and
726 802 100 41 Petty
837 811 31 23 v.
884 799 151 44 Chaney,
1050 799 104 41 Ex’x,
1169 799 62 34 281
1249 799 84 34 Ark.

125 852 56 39 72,
203 851 63 33 661
292 850 142 34 S.W.2d
456 851 65 33 373
546 849 137 43 (1983).

310 931 39 33 In
364 930 129 34 Powell
506 941 30 23 v.
552 931 132 41 Hayes,
699 941 119 32 supra,
833 929 59 35 the
906 929 68 35 will
989 929 34 34 in
1038 934 78 39 part
1130 928 93 35 read:
1239 929 97 34 “The

125 981 147 33 balance
288 979 39 35 of
341 990 57 33 my
415 985 161 39 property
592 984 36 30 to
646 990 58 34 my
720 979 79 35 wife
816 979 68 35 and
901 979 91 35 heirs
1009 990 37 24 as
1063 979 65 34 law
1145 978 190 45 provides.”

125 1030 84 34 This
230 1035 98 29 court
348 1030 122 34 stated:

256 1109 60 43 [A]
330 1109 67 34 will
407 1110 34 34 in
450 1109 112 34 which
572 1109 59 34 the
640 1114 144 30 testator
794 1109 155 44 provides
959 1109 53 35 for
1022 1109 45 35 all
1077 1109 39 34 of
1123 1109 51 34 his
1183 1108 154 35 children

252 1170 38 23 as
307 1170 19 23 a
343 1159 98 41 class,
457 1159 146 34 without
619 1159 173 43 expressly
808 1159 141 42 naming
965 1159 107 40 them,
1089 1159 27 34 is
1133 1169 20 23 a
1169 1158 169 35 sufficient

252 1208 152 35 mention
425 1208 38 35 of
481 1209 52 34 his
553 1207 166 36 children.
743 1236 6 7 .
777 1236 6 7 .
811 1236 6 6 .

253 1288 39 33 In
310 1287 43 34 its
371 1287 97 35 strict
485 1287 90 43 legal
593 1298 98 24 sense
708 1288 59 34 the
784 1287 93 34 word
895 1287 136 34 “heirs”
1050 1287 150 43 signifies
1219 1286 120 35 “those

253 1347 91 33 upon
361 1336 112 35 whom
489 1336 60 35 the
564 1336 65 34 law
646 1342 90 29 casts
753 1336 58 35 the
827 1336 214 35 inheritance
1055 1336 40 34 of
1108 1336 70 34 real
1195 1336 142 34 estate.”

255 1387 67 33 But
331 1386 67 34 this
408 1386 234 35 construction
652 1387 67 34 will
730 1386 75 44 give
814 1397 75 33 way
899 1385 30 35 if
935 1386 97 35 there
1041 1386 43 34 be
1093 1396 92 34 upon
1195 1385 58 35 the
1263 1385 77 35 face

253 1436 40 34 of
299 1436 58 35 the
366 1436 207 35 instrument
582 1435 170 36 sufficient
761 1441 36 30 to
806 1436 92 34 show
907 1436 77 35 that
993 1436 26 35 it
1028 1447 70 23 was
1107 1441 35 29 to
1151 1435 43 35 be
1203 1435 136 45 applied

253 1492 35 29 to
308 1486 153 35 children
484 1515 6 6 .
519 1514 6 7 .
554 1514 6 7 .
584 1486 177 43 (citations
781 1485 173 44 omitted).

344 1566 73 35 The
433 1566 93 35 word
543 1566 137 34 “heirs”
697 1567 62 34 has
775 1566 86 34 been
878 1565 79 35 held
973 1572 36 29 to
1024 1566 43 34 be
1083 1565 205 44 susceptible
1303 1566 39 34 of

254 1621 67 29 two
339 1616 290 44 interpretations;
648 1615 59 35 the
724 1627 66 23 one
807 1616 111 34 which
937 1615 27 34 is
982 1616 183 40 technical,
1183 1615 68 34 and
1269 1627 70 23 em-

254 1666 120 34 braces
386 1666 59 34 the
456 1666 111 34 whole
579 1665 68 34 line
659 1665 39 35 of
707 1666 102 40 heirs;
821 1665 59 34 the
891 1665 109 41 other,
1014 1670 59 30 not
1085 1665 181 42 technical,
1279 1666 62 34 but

254 1726 171 31 common,
443 1716 69 35 and
530 1716 27 34 is
575 1715 85 35 used
677 1721 36 30 to
730 1715 124 35 denote
870 1715 59 35 the
946 1715 90 35 heirs
1053 1715 77 34 who
1147 1726 80 32 may
1243 1726 98 24 come

254 1766 108 34 under
373 1766 58 35 the
441 1766 217 43 designation
669 1766 40 35 of
716 1766 90 35 heirs
816 1771 36 29 at
863 1777 20 23 a
893 1766 189 44 particular
1092 1766 95 40 time,
1198 1765 68 35 and
1276 1766 27 34 it
1312 1766 28 34 is

254 1816 96 34 often
360 1816 83 35 used
454 1816 34 35 in
499 1826 161 25 common
671 1816 124 44 speech
806 1827 37 23 as
853 1826 232 34 synonymous
1095 1816 82 34 with
1187 1815 154 35 children

257 1893 6 7 .
291 1893 7 7 .
326 1893 6 6 .
356 1866 176 42 (citations
552 1866 175 42 omitted).

347 1945 154 42 Looking
518 1950 36 28 at
570 1945 59 33 the
645 1945 110 34 entire
770 1945 67 33 will
853 1944 68 34 and
938 1945 46 33 all
1000 1945 60 34 the
1075 1945 267 33 circumstances

256 1994 229 42 surrounding
505 1994 59 33 the
583 1998 155 36 testator,
759 2004 51 23 we
828 1993 99 34 think
946 1994 59 33 the
1024 1993 93 34 word
1137 1993 147 40 “heirs”,
1305 2004 37 23 as

255 2042 85 35 used
353 2042 34 34 in
399 2043 58 34 the
469 2043 79 40 will,
562 2042 201 44 manifestly
774 2047 117 30 meant
903 2042 165 35 children.
1083 2042 73 34 The
1168 2042 92 34 word
1273 2053 69 23 was

256 2098 60 29 not
330 2093 84 34 used
428 2098 35 29 to
478 2092 125 35 denote
618 2093 193 34 succession
826 2092 62 34 but
902 2097 36 29 to
952 2092 156 35 describe
1122 2091 130 35 devises
1266 2092 77 34 who

256 2153 89 24 were
365 2148 35 29 to
420 2143 81 34 take
520 2142 110 35 under
650 2142 59 35 the
729 2142 78 35 will.

224 2222 127 43 Again,
376 2222 33 34 in
437 2222 130 43 Taylor
590 2232 27 24 v.
645 2221 205 41 Cammack,
874 2232 119 33 supra,
1018 2232 51 23 we
1093 2220 108 35 found
1224 2221 76 35 that
1324 2232 20 23 a

133 2277 188 29 statement
333 2272 35 33 in
380 2272 59 34 the
450 2272 174 34 testator’s
636 2271 69 35 will
718 2271 201 44 appointing
932 2282 44 24 an
989 2276 162 30 executor
1162 2270 83 35 with
1258 2271 86 34 “full

133 2332 115 33 power
269 2327 35 28 to
325 2321 61 34 sell
407 2321 69 35 and
497 2321 136 44 dispose
654 2321 40 35 of
712 2321 26 35 it
763 2321 65 43 [his
851 2321 175 44 property]
1056 2320 54 44 [if]
1135 2321 35 34 in
1192 2320 51 34 his
1267 2320 75 43 (its)

129 2371 186 43 judgment
337 2371 26 34 it
385 2371 27 35 is
434 2382 182 32 necessary
638 2370 53 35 for
713 2371 59 35 the
794 2375 164 40 payment
979 2370 39 35 of
1037 2370 110 41 debts,
1170 2381 38 23 or
1230 2375 35 30 to
1286 2370 60 35 the

134 2421 195 43 advantage
338 2420 39 35 of
384 2421 58 34 the
452 2426 121 35 estate,
583 2431 38 24 or
630 2420 40 35 of
676 2421 59 35 the
745 2421 124 41 heirs,”
880 2431 70 24 was
960 2432 20 23 a
990 2420 171 35 sufficient
1170 2419 176 35 reference
