1640 2696
119 414 62 29 ter.
193 410 83 33 Two
287 419 98 33 years
397 409 86 34 later
494 409 177 43 appellant
682 408 188 44 petitioned
881 408 53 35 for
945 413 77 39 post
1032 408 192 34 conviction
1236 407 100 35 relief

119 458 110 35 under
240 458 191 35 A.R.Cr.P.
445 459 89 34 Rule
545 460 43 32 37
600 458 106 35 based
717 469 43 24 on
772 469 19 24 a
803 458 145 34 number
959 458 39 34 of
1005 458 214 43 allegations.
1231 458 103 34 After

120 520 20 22 a
160 509 145 42 hearing
325 509 58 34 the
402 508 122 34 circuit
544 513 99 30 court
662 508 149 34 reduced
832 508 59 34 the
910 513 162 30 sentence
1091 513 36 29 to
1146 508 188 43 thirty-five

120 569 99 33 years
239 558 83 34 with
342 569 43 23 no
405 558 84 34 time
508 558 205 43 suspended.
734 558 75 34 The
827 558 98 34 other
945 557 182 45 requested
1148 558 100 34 relief
1263 569 70 23 was

120 608 135 36 denied.

1265 267 65 33 215

212 685 188 43 Appellant
411 685 126 43 alleges
548 685 66 34 five
623 685 113 43 points
747 684 53 35 for
810 685 158 34 reversal:
985 684 32 43 1)
1030 685 60 34 the
1099 685 122 34 circuit
1227 685 108 43 judge

120 734 124 35 should
258 735 87 33 have
358 734 141 35 recused
513 745 37 24 or
564 734 146 43 granted
724 745 20 23 a
758 745 73 23 new
844 734 79 34 trial
938 734 149 34 because
1099 734 39 35 of
1148 734 186 44 prejudice;

121 784 37 42 2)
174 784 250 43 extrajudicial
437 784 132 34 actions
582 784 45 44 by
640 784 59 34 the
711 784 122 34 circuit
841 784 109 43 judge
961 789 151 29 warrant
1125 795 20 23 a
1158 795 73 23 new
1243 784 91 40 trial;

122 834 36 42 3)
177 834 59 34 the
252 834 122 34 circuit
385 834 108 43 judge
509 834 98 34 erred
623 834 35 34 in
674 834 59 34 the
749 845 143 23 manner
908 834 44 34 he
967 833 163 35 modified
1147 834 59 34 the
1221 834 114 43 illegal

121 889 173 34 sentence;
306 883 38 42 4)
358 884 175 43 appellant
545 884 123 34 should
680 884 87 34 have
779 884 86 34 been
877 883 152 35 referred
1041 889 35 29 to
1088 884 59 34 the
1157 884 178 34 Arkansas

121 933 101 34 State
241 933 172 43 Hospital;
434 933 35 43 5)
490 933 178 44 appellant
686 945 70 23 was
775 933 123 35 denied
917 934 159 34 effective
1094 934 188 34 assistance
1299 933 39 35 of

121 983 151 34 counsel.
295 984 65 33 We
379 983 112 34 affirm
512 983 60 34 the
591 983 101 34 order
712 983 168 44 appealed
900 983 101 35 from.

214 1060 135 43 During
363 1060 59 34 the
436 1060 212 43 sentencing,
664 1060 34 34 in
713 1060 59 34 the
786 1071 120 24 course
920 1060 39 35 of
970 1060 235 44 commenting
1220 1071 43 24 on
1278 1061 59 35 the

121 1110 119 40 crime,
251 1110 59 34 the
315 1110 108 43 judge
431 1110 194 41 remarked,
636 1110 59 34 “If
702 1111 70 33 Mr.
784 1110 183 44 Campbell
979 1110 76 43 (the
1064 1110 191 44 appellant)
1267 1110 69 35 had

121 1159 91 35 done
228 1160 68 34 this
313 1165 35 29 to
366 1171 57 32 my
439 1160 104 41 child,
562 1161 14 33 I
594 1160 96 34 don’t
708 1160 98 34 know
823 1160 76 35 that
916 1172 52 23 we
984 1160 113 35 would
1114 1161 43 34 be
1173 1161 125 43 having
1315 1172 21 23 a

122 1210 144 43 hearing
278 1210 81 34 here
370 1209 138 45 today.”
521 1211 33 33 A
566 1221 200 33 newspaper
777 1215 153 39 reporter
941 1211 160 43 covering
1112 1210 59 35 the
1181 1216 154 30 sentenc-

122 1260 58 43 ing
191 1259 180 35 described
382 1260 58 34 the
447 1260 109 43 judge
567 1271 37 23 as
616 1260 187 35 emotional
814 1260 69 35 and
892 1260 123 44 visibly
1026 1266 110 39 upset.
1148 1261 188 44 Appellant

122 1310 116 34 insists
254 1310 76 35 that
346 1310 97 34 there
458 1321 65 24 can
540 1310 43 35 be
598 1311 80 43 only
694 1321 65 24 one
775 1311 202 34 reasonable
992 1311 273 44 interpretation,
1282 1311 53 35 i.e.

122 1360 69 34 had
209 1360 60 35 the
285 1360 118 35 victim
420 1361 87 34 been
524 1361 60 34 the
596 1360 138 44 judge’s
751 1360 171 44 daughter
939 1361 43 34 he
999 1361 113 34 would
1129 1361 87 34 have
1233 1361 104 35 taken

122 1415 146 29 matters
289 1410 34 34 in
344 1410 51 35 his
415 1421 76 24 own
512 1410 121 35 hands.

309 1488 65 33 We
400 1488 87 33 have
513 1487 183 35 examined
723 1488 60 34 the
804 1487 137 43 judge’s
968 1493 193 29 comments
1188 1488 34 34 in
1249 1488 89 34 their

123 1537 159 43 entirety.
300 1538 56 33 He
370 1537 105 43 spoke
491 1542 36 29 at
542 1548 97 23 some
654 1537 118 43 length
788 1537 106 35 about
910 1537 59 35 the
984 1538 108 34 crime
1107 1537 69 35 and
1191 1538 59 34 the
1265 1537 72 35 fact

123 1586 78 34 that
212 1586 26 34 it
249 1586 170 35 exceeded
430 1587 168 43 anything
609 1587 44 34 he
663 1587 69 34 had
743 1598 80 23 seen
833 1587 102 34 while
945 1587 135 43 serving
1091 1598 43 23 on
1146 1587 58 34 the
1214 1587 122 34 bench.

124 1636 66 34 We
202 1647 60 23 are
274 1636 165 34 satisified
452 1636 52 35 his
517 1636 111 35 words
641 1648 90 23 were
744 1637 162 34 intended
919 1637 34 34 in
967 1648 20 23 a
1000 1637 181 43 figurative
1194 1648 146 23 sense—

124 1697 44 24 an
182 1686 103 36 effort
298 1692 35 28 to
345 1686 171 35 verbalize
529 1687 59 34 the
601 1687 171 44 enormity
784 1686 39 35 of
833 1687 59 34 the
904 1687 117 35 crime.
1036 1687 158 44 Nothing
1208 1687 43 35 he
1263 1687 75 35 said

124 1736 120 35 before
264 1747 38 24 or
323 1736 90 35 after
434 1737 59 34 the
513 1737 129 44 quoted
663 1742 175 30 comment
859 1743 157 38 suggests
1037 1737 44 35 he
1102 1737 162 35 intended
1285 1737 53 35 his

124 1787 155 34 remarks
292 1792 35 29 to
339 1787 43 34 be
393 1787 104 35 taken
509 1787 159 44 literally.
683 1788 31 34 It
726 1799 69 23 was
808 1799 20 23 a
840 1798 83 33 poor
935 1788 120 34 choice
1066 1787 40 35 of
1114 1787 121 42 words,
1248 1793 36 29 to
1296 1788 43 34 be

124 1847 89 29 sure,
229 1837 63 34 but
306 1837 76 34 that
396 1847 65 24 can
477 1837 43 34 be
535 1837 191 34 attributed
741 1837 35 34 in
791 1842 77 39 part
882 1842 36 29 to
932 1837 60 34 the
1006 1838 108 33 crime
1128 1837 102 35 itself.
1248 1837 90 43 (The

124 1886 122 34 child’s
263 1886 136 43 vagina,
418 1891 134 29 rectum
570 1886 69 34 and
657 1887 121 34 mouth
796 1898 89 23 were
903 1887 105 43 badly
1025 1887 175 34 lacerated
1218 1887 45 43 by
1280 1887 59 34 the

124 1935 228 44 penetration,
366 1936 60 34 her
438 1936 110 35 entire
560 1936 91 45 body
664 1947 69 24 was
746 1936 138 35 bruised
897 1936 69 35 and
979 1936 142 45 patches
1133 1936 40 35 of
1182 1937 75 34 hair
1270 1936 68 35 had

124 1986 87 35 been
228 1991 77 30 torn
321 1986 87 43 out.)
426 1986 81 35 And
523 1986 102 36 while
641 1997 217 34 appearance
873 1987 28 35 is
918 1987 200 44 important,
1135 1987 26 35 it
1177 1987 86 35 need
1280 1992 59 30 not

124 2036 156 36 override
290 2048 121 24 reason
422 2037 99 35 when
532 2037 60 35 the
602 2037 124 45 reality
736 2038 28 34 is
775 2038 59 35 the
840 2037 137 45 judge’s
988 2038 128 35 overall
1127 2037 165 45 handling
1303 2038 39 35 of

124 2087 60 34 the
205 2098 81 24 case
307 2099 70 23 was
400 2093 59 29 not
482 2088 138 43 lacking
643 2088 35 34 in
700 2088 156 35 fairness.
880 2089 92 34 That
995 2089 43 34 he
1060 2088 155 44 imposed
1238 2100 20 23 a
1281 2093 58 30 net

124 2142 163 29 sentence
301 2137 39 34 of
351 2137 189 43 thirty-five
554 2148 100 32 years
668 2138 100 34 when
783 2138 43 34 he
840 2138 102 34 could
956 2138 77 34 well
1047 2138 88 34 have
1149 2138 155 43 imposed
1318 2149 21 23 a

124 2186 61 33 life
197 2191 162 29 sentence
371 2186 27 33 is
411 2197 20 22 a
444 2191 118 37 strong
575 2186 189 34 indication
777 2187 43 33 he
832 2187 69 33 had
914 2192 60 28 not
986 2187 65 33 lost
1064 2187 52 33 his
1129 2187 208 42 objectivity.

216 2261 189 44 Appellant
416 2272 179 33 compares
608 2262 59 34 the
678 2272 80 24 case
769 2267 35 29 to
815 2263 163 33 Burrows
988 2273 30 23 v.
1031 2264 123 32 Forest
1168 2263 89 42 City,
1271 2263 68 34 260

124 2311 86 34 Ark.
228 2312 79 40 712,
324 2312 65 33 543
406 2311 143 35 S.W.2d
565 2312 66 34 498
651 2311 138 43 (1976),
804 2312 114 34 where
933 2312 59 34 the
1003 2312 108 43 judge
1126 2312 140 34 advised
1281 2312 59 35 the

124 2360 192 35 defendant
325 2366 35 29 to
370 2361 99 43 bring
479 2361 52 35 his
540 2361 207 35 toothbrush
756 2367 36 29 to
802 2373 20 23 a
832 2362 196 35 revocation
1038 2362 154 43 hearing.
1204 2362 68 35 But
1281 2362 59 35 the

125 2411 80 34 trial
214 2411 108 43 judge
333 2422 70 23 was
416 2411 217 44 functioning
646 2412 35 34 in
694 2423 20 23 a
726 2411 73 35 fact
811 2411 131 44 finding
955 2412 71 34 role
1038 2412 35 34 in
1084 2413 173 40 Burrows,
1271 2411 69 35 and
