1640 2696
115 425 119 33 supra.

1262 273 66 33 223

391 497 74 34 The
475 497 100 34 seller
585 496 40 35 of
631 508 21 23 a
663 497 155 34 business
828 496 77 35 who
915 497 153 34 finances
1079 497 59 34 the
1148 497 72 34 sale
1229 497 55 43 by,
1296 497 35 34 in

115 546 116 41 effect,
249 547 138 43 lending
403 547 58 34 the
477 547 170 43 purchase
663 557 124 33 money
802 551 36 30 to
853 547 59 34 the
928 547 108 43 buyer
1052 547 62 34 has
1130 558 44 23 an
1190 547 140 34 obvious

116 596 171 35 incentive
313 602 59 29 not
398 602 35 29 to
458 602 160 38 compete
643 596 83 35 with
752 597 52 34 his
830 597 108 43 buyer
964 596 101 35 while
1091 607 95 24 some
1211 596 39 35 of
1272 597 60 34 the

116 646 172 44 purchase
300 647 93 43 price
405 647 27 34 is
445 646 69 35 still
526 646 96 35 owed
635 651 36 30 to
684 646 83 35 him.
780 646 74 35 The
866 647 100 34 seller
979 647 160 43 logically
1151 652 109 29 wants
1273 646 59 35 the

116 696 109 44 buyer
239 701 36 30 to
290 696 145 35 succeed
449 707 37 24 so
501 697 44 34 he
558 707 66 24 can
639 707 67 33 pay
720 696 52 35 off
783 696 59 35 the
855 696 83 35 debt
953 702 35 29 to
1003 696 59 35 the
1076 697 99 34 seller
1189 696 69 35 and
1272 702 60 29 not

112 746 203 44 jeopardize
327 746 59 35 the
398 751 156 30 contract
567 746 39 35 of
616 746 82 35 sale.
713 747 65 34 We
790 757 65 24 can
868 746 152 44 imagine
1033 757 105 33 many
1150 747 181 34 situations

117 796 35 34 in
164 796 113 34 which
291 796 26 34 it
328 795 112 35 would
453 796 43 34 be
508 796 204 35 reasonable
724 796 54 34 for
790 807 20 24 a
822 806 172 34 company
1002 796 74 44 just
1088 796 132 44 getting
1232 807 44 24 on
1289 797 43 34 its

117 845 71 35 feet
198 845 91 35 after
300 846 126 44 paying
436 846 52 34 off
495 846 60 34 the
565 846 100 34 seller
675 851 36 29 to
721 846 86 34 need
818 857 96 24 more
923 846 86 35 time
1018 851 36 30 to
1064 846 165 35 establish
1239 846 96 35 itself

117 895 120 35 before
255 896 102 43 being
374 896 159 44 required
551 901 36 29 to
604 901 159 39 compete
780 895 82 36 with
880 896 59 35 the
956 896 110 35 seller.
1086 897 103 34 More
1206 896 125 44 impor­

117 946 123 43 tantly,
251 946 166 40 however,
427 946 35 34 in
471 945 68 35 this
549 956 80 24 case
637 946 60 34 the
705 946 100 34 seller
813 945 59 35 did
882 951 60 30 not
950 956 44 33 go
1003 951 61 30 out
1073 946 39 35 of
1118 946 59 35 the
1184 946 148 43 vending

117 995 163 35 machine
295 995 165 35 business.
480 995 103 44 Hyde
598 995 157 35 retained
771 996 59 34 the
846 995 111 35 music
973 995 69 35 and
1057 996 168 43 cigarette
1240 996 92 34 busi­

117 1055 77 24 ness
208 1056 38 23 as
259 1045 76 35 well
349 1055 37 25 as
399 1056 20 24 a
433 1044 139 36 kitchen
585 1046 113 34 which
711 1051 37 29 at
760 1056 65 24 one
837 1046 96 43 point
945 1056 71 24 was
1029 1046 120 35 rented
1162 1051 36 30 to
1210 1046 123 44 Valley

118 1094 172 44 Vending,
308 1095 81 41 Inc.,
405 1095 99 34 when
521 1096 123 43 Valley
659 1096 113 43 began
787 1101 35 29 to
837 1101 159 38 compete
1011 1096 83 35 with
1110 1096 31 34 C
1157 1096 53 34 M.
1226 1096 106 41 Thus,

117 1144 118 35 unlike
253 1145 59 34 the
330 1145 98 34 seller
446 1145 77 34 who
541 1145 70 34 rids
629 1145 143 35 himself
786 1145 40 35 of
840 1145 59 35 the
916 1146 88 34 tools
1022 1145 39 35 of
1076 1146 52 34 his
1146 1146 109 41 trade,
1274 1146 59 34 the

117 1200 169 35 contacts,
304 1194 67 35 and
388 1195 59 34 the
464 1195 112 43 “good
593 1195 91 34 will”
701 1195 40 34 of
754 1195 59 35 the
828 1196 191 43 operation,
1037 1195 103 44 Hyde
1156 1196 177 34 remained

118 1244 118 43 poised
266 1249 36 29 to
330 1255 135 24 resume
494 1244 82 35 food
605 1244 69 35 and
703 1245 168 43 beverage
898 1245 159 43 vending.
1088 1245 121 35 Under
1237 1246 96 34 these

117 1294 270 34 circumstances
407 1294 59 34 the
485 1299 170 30 covenant
675 1300 59 29 not
754 1300 35 29 to
809 1300 158 39 compete
986 1305 70 25 was
1076 1295 39 34 of
1132 1295 202 35 reasonable

118 1342 173 36 duration.
304 1344 65 34 We
379 1354 58 24 are
448 1349 60 29 not
518 1344 194 44 persuaded
723 1344 45 44 by
778 1344 59 35 the
847 1345 205 44 appellants’
1064 1350 183 38 argument
1257 1345 77 35 that

118 1393 31 34 C
164 1394 42 34 M
221 1393 69 35 had
304 1404 44 24 no
362 1383 203 54 protective
578 1394 153 41 interest,
746 1395 84 34 such
844 1405 37 24 as
896 1394 99 36 trade
1008 1400 138 36 secrets,
1161 1400 173 30 customer

118 1442 85 43 lists,
214 1454 38 24 or
261 1444 127 44 special
399 1444 154 35 licenses.
565 1445 39 34 In
614 1455 96 24 some
719 1441 39 38 of
764 1445 59 35 the
832 1445 72 35 sale
912 1444 40 36 of
958 1445 156 35 business
1124 1455 96 25 cases
1229 1445 104 35 noted

118 1494 110 34 above
240 1505 51 23 we
304 1494 172 44 approved
489 1500 186 29 covenants
689 1500 60 30 not
761 1500 36 30 to
809 1500 159 39 compete
980 1495 115 35 where
1107 1496 59 34 the
1178 1496 155 35 business

118 1554 70 24 was
207 1555 44 23 no
268 1544 66 34 less
352 1544 175 35 mundane
544 1555 38 24 or
599 1555 97 24 more
713 1545 164 37 secretive
894 1556 38 24 or
949 1546 207 43 specialized
1173 1546 85 34 than
1275 1546 60 34 the

117 1593 150 44 vending
290 1594 160 34 machine
472 1594 168 41 business,
664 1606 74 32 e.g.,
762 1594 150 36 Bledsoe
932 1606 31 23 v.
989 1596 200 43 Carpenter,
1213 1606 119 33 supra,

120 1643 190 44 (tailoring,
320 1644 158 44 cleaning
488 1644 69 35 and
567 1644 184 44 pressing);
760 1644 135 35 Robins
903 1656 30 23 v.
943 1644 115 41 Plant,
1068 1656 120 33 supra,
1201 1644 132 45 (cotton

118 1693 88 44 gin);
232 1693 132 45 Wright
383 1705 30 24 v.
434 1694 191 40 Marshall,
647 1706 120 33 supra,
790 1694 241 44 (restaurant).

553 1788 31 34 2.
611 1787 71 35 The
701 1789 200 42 Injunction

304 1870 74 34 The
395 1870 196 34 chancellor
609 1870 160 43 enjoined
787 1868 127 37 breach
932 1870 40 35 of
986 1871 60 34 the
1063 1877 179 28 covenant.
1260 1872 75 34 The

114 1918 187 42 judgment
312 1918 81 34 does
406 1924 59 29 not
476 1919 133 43 specify
620 1924 37 29 to
668 1919 113 34 whom
793 1920 59 34 the
863 1920 192 43 injunction
1068 1920 27 34 is
1107 1920 163 34 directed.
1284 1921 50 33 To

118 1967 60 33 the
199 1972 117 29 extent
337 1968 26 33 it
383 1978 81 32 may
484 1968 44 34 be
547 1968 203 34 considered
770 1974 36 28 to
826 1969 131 42 enjoint
977 1969 60 34 the
1057 1974 276 38 non-corporate,

118 2015 191 34 individual
325 2016 193 43 appellants
534 2016 92 34 from
642 2017 188 42 breaching
846 2017 59 34 the
920 2023 168 35 contract,
1105 2018 27 34 it
1147 2023 92 29 must
1254 2018 81 43 only

118 2064 105 43 apply
238 2069 36 29 to
291 2065 81 33 Bert
388 2064 68 34 and
471 2065 129 43 Nancy
616 2065 114 43 Hyde,
746 2076 38 24 as
799 2066 82 43 they
896 2075 60 25 are
971 2066 60 34 the
1046 2067 80 43 only
1142 2067 192 43 appellants

118 2113 78 35 who
206 2124 60 24 are
276 2114 127 44 parties
414 2119 36 30 to
460 2114 60 35 the
529 2120 168 30 contract.
708 2115 75 35 The
793 2115 98 35 other
902 2121 276 40 non-corporate,
1189 2116 144 35 individ­

118 2164 59 35 ual
187 2165 194 44 appellants
391 2165 167 42 however,
568 2177 38 24 as
616 2165 77 36 well
703 2177 38 24 as
751 2166 123 45 Valley
883 2166 171 45 Vending,
1066 2167 83 42 Inc.,
1159 2167 123 35 should
1292 2167 43 35 be

118 2215 161 44 enjoined
293 2216 79 44 only
385 2215 91 36 from
489 2216 118 44 aiding
620 2228 39 23 or
671 2217 157 44 abetting
842 2218 82 34 Bert
936 2228 39 24 or
987 2217 128 45 Nancy
1129 2217 102 45 Hyde
1244 2218 91 35 from

119 2265 189 44 breaching
325 2266 59 34 the
400 2271 168 30 contract.
585 2267 69 34 See
669 2267 186 43 Daughtry
871 2278 31 24 v.
922 2268 145 43 Capital
1083 2268 73 34 Gas
1174 2269 73 40 Co.,
1266 2269 66 33 285

118 2315 80 34 Ala.
214 2316 56 40 89,
285 2316 67 34 229
367 2316 56 34 So.
439 2315 45 35 2d
498 2317 69 33 480
582 2316 138 43 (1969).
735 2318 50 33 As
799 2317 118 44 equity
930 2328 96 23 cases
1040 2328 60 24 are
1112 2317 166 35 reviewed
1291 2317 44 35 de

119 2375 98 30 novo,
233 2365 116 44 Apple
364 2376 30 23 v.
414 2366 147 43 Cooper,
579 2367 66 33 263
663 2366 86 34 Ark.
767 2367 79 40 467,
865 2367 66 34 565
949 2366 143 35 S.W.2d
1109 2368 68 33 436
1196 2367 138 43 (1978),

119 2414 68 35 this
207 2420 99 29 court
327 2426 80 33 may
427 2415 134 44 modify
580 2416 60 34 the
659 2416 203 43 injunction.
