1632 2688
310 412 141 35 interest
466 412 27 34 is
509 411 53 35 for
577 411 60 35 life
651 412 90 44 only,
758 422 61 24 nor
833 412 76 34 that
924 412 61 34 she
999 411 59 35 did
1073 417 59 29 not
1147 417 92 29 want
1253 411 61 35 her
1329 411 142 35 interest
1486 416 35 30 to

310 473 128 32 appear
463 462 39 34 of
523 462 130 34 record.
681 463 30 33 It
736 462 27 34 is
788 461 208 45 undisputed
1021 462 76 34 that
1123 463 69 33 Mr.
1218 462 81 43 Guy
1323 462 127 40 Green,
1476 472 44 23 an

310 517 158 37 attorney
480 511 34 34 in
528 512 135 34 Kansas
676 511 82 44 City
771 512 234 43 representing
1017 512 89 33 John
1121 513 147 38 Hoover,
1281 511 168 44 prepared
1462 511 59 34 the

310 561 100 43 Piper
427 565 98 30 trust.
544 561 152 43 Spencer
715 561 134 34 Bovard
866 560 165 35 contends
1049 561 77 34 that
1143 561 115 33 Green
1276 561 168 43 prepared
1462 561 59 33 the

311 610 133 34 Bovard
460 615 88 29 trust
562 621 37 23 as
614 610 86 34 well.
716 610 74 34 The
804 610 100 43 Piper
919 615 88 29 trust
1022 621 69 23 was
1106 609 164 35 recorded
1285 620 44 24 on
1345 610 175 43 February

314 661 51 39 19,
391 660 98 40 1948,
511 659 58 34 the
590 659 134 35 Bovard
745 665 88 29 trust
853 670 43 23 on
919 660 86 42 May
1026 661 32 39 7,
1084 660 97 34 1948.

311 271 44 33 20

730 748 232 43 Proceedings
981 748 117 34 Below

399 830 74 34 The
482 835 138 29 current
629 830 171 43 litigation
810 829 111 44 began
931 830 35 34 in
980 830 83 34 1981
1076 830 99 34 when
1185 829 189 43 Sugarloaf
1381 829 138 43 Mining

309 879 183 44 Company
515 879 79 35 filed
619 879 67 35 this
710 879 229 44 interpleader
963 879 39 35 of
1021 880 76 34 coal
1121 880 171 43 royalties.
1317 879 140 35 Named
1481 890 37 24 as

308 929 206 35 defendants
534 941 89 23 were
643 930 87 34 Lula
750 930 103 34 Anna
875 931 137 33 Hoover
1032 930 112 43 Dopp,
1165 930 88 34 Lula
1274 930 87 43 May
1382 931 137 33 Hoover

309 979 142 41 Deleon,
461 979 152 44 Spencer
624 979 145 41 Bovard,
780 980 182 43 Margaret
971 981 38 33 T.
1021 980 110 43 Piper,
1142 981 116 33 James
1269 981 45 33 H.
1324 980 194 40 Anderson,

308 1040 20 23 a
340 1029 126 43 lawyer
477 1029 97 34 hired
585 1029 44 44 by
640 1029 152 44 Spencer
803 1029 68 35 and
884 1030 156 43 Dorothy
1052 1029 134 35 Bovard
1197 1030 35 34 in
1247 1031 86 33 1963
1346 1035 36 29 to
1392 1041 127 32 pursue

308 1079 88 34 their
405 1079 115 41 claim,
530 1079 69 34 and
609 1079 116 34 Marie
734 1080 155 42 Nugent,
899 1079 59 35 the
966 1079 121 35 widow
1096 1079 39 35 of
1141 1080 166 43 Anthony
1316 1080 35 34 P.
1362 1080 155 42 Nugent,

308 1129 53 34 Sr.
374 1129 70 34 Mr.
456 1129 144 43 Nugent
611 1140 69 23 was
692 1129 73 34 also
775 1129 97 34 hired
884 1129 44 43 by
939 1129 59 34 the
1010 1129 151 34 Bovards
1172 1129 34 34 in
1218 1130 206 33 association
1436 1130 82 33 with

309 1179 69 34 Mr.
394 1178 192 35 Anderson.
602 1179 74 34 The
691 1179 151 34 Bovards
857 1179 69 34 had
941 1179 200 34 contracted
1156 1179 82 34 with
1252 1179 182 34 Anderson
1449 1179 68 34 and

307 1228 144 42 Nugent
476 1228 53 34 for
553 1228 159 34 one-half
732 1228 39 34 of
792 1239 67 32 any
884 1239 160 32 recovery
1068 1228 69 34 and
1161 1228 68 34 had
1254 1229 99 42 given
1377 1229 96 33 them
1497 1239 20 23 a

307 1277 145 34 mineral
464 1277 87 34 deed
563 1277 188 43 conveying
763 1277 159 34 one-half
931 1277 39 34 of
979 1288 68 33 any
1058 1278 163 34 minerals
1233 1278 182 33 recovered
1427 1278 91 34 from

307 1326 59 34 the
385 1326 109 34 lands.

398 1408 50 43 By
456 1408 136 34 various
601 1408 288 44 cross-pleadings
899 1409 59 33 the
966 1408 107 35 issues
1083 1420 89 23 were
1176 1409 129 43 joined.
1317 1410 87 33 Mrs.
1415 1410 102 42 Dopp

306 1457 68 34 and
391 1458 87 33 Mrs.
496 1458 131 33 Deleon
643 1457 105 34 relied
764 1468 43 23 on
823 1458 59 34 the
896 1458 101 43 Piper
1012 1463 99 35 trust,
1128 1458 164 43 claiming
1307 1459 60 33 the
1382 1458 134 34 Bovard

306 1511 88 30 trust
412 1517 69 23 was
499 1517 21 24 a
538 1506 137 44 forgery
692 1518 38 23 or
748 1518 69 23 was
835 1507 163 34 obtained
1016 1507 45 44 by
1079 1507 113 35 fraud.
1211 1508 152 43 Spencer
1382 1508 134 34 Bovard

306 1556 106 34 relied
422 1567 44 24 on
476 1556 59 35 the
547 1556 133 35 Bovard
691 1562 88 29 trust
789 1556 68 35 and
869 1557 133 43 alleged
1013 1557 77 34 that
1099 1557 183 34 Anderson
1293 1557 69 35 and
1372 1558 145 43 Nugent

306 1606 69 34 had
396 1606 105 34 failed
522 1611 35 30 to
577 1617 127 33 pursue
723 1607 58 34 the
802 1607 134 34 Bovard
956 1607 114 34 claim.

396 1688 74 34 The
480 1688 196 35 chancellor
687 1688 126 44 upheld
825 1689 59 34 the
896 1689 134 34 Bovard
1042 1694 99 36 trust,
1153 1689 68 34 and
1233 1690 88 34 Mrs.
1334 1690 101 43 Dopp
1446 1689 69 35 and

307 1738 87 34 Mrs.
408 1738 131 34 Deleon
552 1738 86 35 have
650 1738 178 44 appealed.
841 1739 97 43 They
950 1739 130 34 submit
1092 1739 59 34 the
1162 1739 195 35 chancellor
1370 1739 97 34 erred
1479 1740 35 33 in

306 1792 59 30 not
381 1787 130 44 finding
527 1788 58 34 the
602 1788 134 35 Bovard
752 1793 88 30 trust
856 1799 70 24 was
942 1789 125 34 barred
1083 1789 45 43 by
1143 1789 138 43 forgery
1296 1800 38 23 or
1349 1789 113 41 fraud,
1479 1790 35 33 in

305 1837 159 43 allowing
484 1838 58 34 the
560 1838 232 34 introduction
811 1838 40 34 of
867 1838 236 35 inadmissible
1122 1839 171 41 evidence,
1313 1839 68 34 and
1401 1839 34 34 in
1455 1845 60 28 not

304 1887 192 43 sustaining
511 1887 59 34 the
585 1888 120 34 claims
721 1887 39 35 of
772 1888 116 34 laches
904 1888 68 34 and
988 1888 142 34 adverse
1145 1889 200 43 possession.
1362 1890 66 33 We
1442 1889 72 34 find

304 1937 59 33 the
376 1936 162 35 evidence
551 1937 128 44 clearly
693 1937 267 44 preponderates
974 1938 136 42 against
1123 1938 59 34 the
1195 1938 104 34 claim
1312 1938 39 34 of
1362 1939 152 43 Spencer

305 1986 145 40 Bovard,
464 1986 76 34 that
552 1987 59 34 the
624 1987 135 34 Bovard
771 1992 89 29 trust
873 1987 27 34 is
914 1987 109 34 either
1035 1998 20 23 a
1069 1987 137 43 forgery
1218 1998 38 23 or
1268 1999 69 23 was
1350 1988 163 33 obtained

304 2035 45 43 by
369 2035 112 34 fraud.

729 2124 237 44 Background
983 2127 105 33 Facts

393 2205 83 34 This
490 2205 27 34 is
530 2216 44 23 an
589 2205 260 44 extraordinary
861 2216 89 24 case.
965 2206 74 34 The
1052 2206 131 34 factual
1196 2206 118 41 issues,
1328 2207 185 43 extending

303 2254 89 35 back
412 2265 80 24 over
513 2254 91 45 forty
625 2266 110 33 years,
757 2266 59 24 are
837 2256 167 43 complex.
1027 2256 112 34 There
1159 2267 59 23 are
1239 2257 216 34 accusations
1477 2256 39 35 of

303 2304 149 34 murder.
465 2305 130 44 Except
606 2304 53 35 for
670 2306 87 34 Mrs.
769 2306 112 43 Dopp,
894 2306 87 34 Mrs.
994 2306 131 34 Deleon
1136 2306 67 34 and
1215 2307 70 33 Mr.
1297 2306 145 41 Bovard,
1454 2307 60 34 the

303 2353 205 35 individuals
529 2355 115 34 whose
664 2355 185 43 testimony
870 2355 101 34 could
992 2356 43 34 be
1056 2356 158 34 material
1235 2367 60 23 are
1315 2367 75 23 now
1411 2356 100 34 dead:

303 2403 89 34 John
403 2405 137 33 Hoover
550 2404 34 34 in
598 2405 99 40 1948,
708 2405 156 43 Dorothy
875 2405 134 34 Bovard
1019 2405 34 34 in
1067 2406 99 40 1965,
1177 2406 182 42 Margaret
1368 2406 101 43 Piper
1478 2406 35 33 in
