1641 2702
110 408 98 34 three
216 407 166 40 children,
392 407 82 35 with
482 407 176 34 visitation
667 407 179 43 privileges
856 406 34 35 in
899 406 59 34 the
967 406 146 35 mother.
1123 406 66 34 We
1197 410 127 30 cannot

110 468 113 33 agree.
229 458 64 33 We
306 456 74 35 said
394 458 34 34 in
447 458 98 40 1958,
560 456 68 35 and
642 456 87 35 have
742 456 95 35 often
851 456 174 44 repeated,
1040 456 76 34 that
1129 455 98 35 there
1238 455 29 35 is
1279 466 45 23 no

110 513 82 38 type
204 507 40 34 of
253 518 80 23 case
346 507 33 33 in
393 507 112 34 which
518 507 59 34 the
590 507 159 43 personal
761 506 234 35 observations
1008 505 39 35 of
1057 506 60 34 the
1129 505 195 34 chancellor

111 569 60 23 are
198 568 96 23 more
319 557 195 42 significant
539 556 86 35 than
651 556 35 35 in
712 556 92 35 child
830 555 145 44 custody
1000 566 107 24 cases.
1138 554 131 35 Wilson
1292 566 31 23 v.

116 607 142 41 Wilson,
276 608 65 33 228
359 607 84 35 Ark.
460 607 80 40 789,
558 607 68 34 310
642 606 143 35 S.W.2d
802 607 67 33 500
886 605 138 43 (1958).
1041 605 104 35 Since
1163 605 88 34 1980
1267 605 59 34 the

112 663 68 29 two
195 657 212 35 chancellors
422 657 87 34 have
523 656 69 35 had
607 656 260 44 opportunities,
882 655 124 35 denied
1020 661 36 29 to
1070 666 51 30 us,
1136 660 36 29 to
1186 655 141 34 observe

113 707 85 35 both
207 707 97 34 these
313 712 138 38 parents
461 706 68 35 and
539 711 35 30 to
583 706 84 34 hear
676 707 96 34 them
781 705 127 44 testify.
919 706 32 33 It
959 706 82 34 does
1051 716 140 33 appear,
1200 715 126 33 among

113 757 99 34 other
228 757 126 42 things,
371 757 77 34 that
464 757 117 34 Potter
597 756 62 34 has
676 756 125 43 sought
818 761 34 29 to
869 755 204 35 undermine
1089 755 58 34 the
1163 754 163 35 mother’s

113 807 159 44 parental
285 806 175 44 authority
472 806 34 34 in
518 806 60 34 the
589 816 79 33 eyes
680 806 39 35 of
728 806 61 34 her
800 805 165 35 children.
978 806 75 34 The
1064 805 80 34 trial
1155 809 98 30 court
1264 805 62 34 has

115 856 193 44 attempted
322 861 35 29 to
371 857 101 34 offset
485 856 99 34 those
598 855 143 35 actions.
756 856 65 34 We
834 866 60 24 are
906 860 60 29 not
979 854 188 36 convinced
1180 854 76 34 that
1269 855 59 34 the

115 906 146 44 custody
281 906 99 34 order
401 907 27 34 is
448 906 128 43 clearly
597 916 194 24 erroneous.

1256 265 63 33 143

325 983 41 33 V.
378 984 158 33 Interest.
548 982 75 34 The
634 981 83 35 final
728 981 122 35 decree
862 981 144 35 allowed
1017 981 142 34 interest
1171 985 36 30 at
1218 980 56 35 6%
1285 991 44 24 on

116 1037 163 30 amounts
290 1032 68 34 due
367 1032 109 35 under
486 1032 60 34 the
555 1032 74 34 first
640 1031 123 35 decree
772 1031 90 35 from
873 1031 44 34 its
927 1030 82 36 date
1019 1036 36 29 to
1066 1031 59 34 the
1135 1030 81 35 date
1226 1030 38 35 of
1271 1031 60 34 the

116 1082 83 34 final
218 1082 134 40 decree,
372 1082 67 34 and
459 1082 142 34 interest
620 1086 36 29 at
679 1081 77 35 10%
775 1081 89 34 after
883 1080 77 35 that
979 1092 44 23 on
1042 1081 46 34 all
1107 1080 59 34 the
1184 1080 143 34 awards.

116 1132 119 34 Potter
246 1142 123 32 argues
380 1132 76 34 that
467 1131 52 35 his
530 1130 137 35 tenders
678 1131 40 35 of
725 1135 164 40 payment
899 1141 90 24 were
1000 1130 149 41 refused;
1160 1130 62 34 but
1232 1129 99 35 those

117 1181 139 35 tenders
268 1192 89 24 were
370 1181 33 35 in
416 1182 59 34 the
487 1186 124 30 nature
623 1180 39 35 of
671 1181 245 44 compromises
929 1180 69 35 and
1010 1191 90 24 were
1111 1179 219 36 conditioned

117 1243 44 23 on
183 1232 88 34 Mrs.
293 1232 144 34 Potter’s
458 1231 135 44 signing
613 1231 137 35 various
769 1230 226 36 unidentified
1015 1230 181 44 quitclaim
1215 1229 115 42 deeds,

118 1282 78 34 bills
209 1281 40 35 of
259 1281 82 41 sale,
355 1282 157 40 releases,
526 1281 68 35 and
608 1281 98 35 other
719 1281 213 35 documents.
947 1281 117 34 Potter
1077 1291 70 24 was
1160 1285 36 29 at
1208 1280 124 44 liberty

118 1337 36 29 to
164 1342 68 33 pay
242 1331 58 34 the
309 1331 133 35 awards
452 1336 36 30 at
499 1342 69 32 any
577 1331 84 34 time
670 1331 69 35 and
749 1330 153 44 actually
910 1330 156 35 retained
1077 1330 59 35 the
1145 1340 124 33 money
1278 1330 54 34 for

118 1392 110 33 years.
250 1381 112 34 There
382 1382 27 34 is
430 1392 44 24 no
494 1381 160 43 injustice
674 1381 35 34 in
729 1381 59 34 the
808 1380 188 35 allowance
1015 1380 40 35 of
1072 1380 151 34 interest.

328 1458 59 34 VI.
411 1457 202 44 Attorney’s
636 1459 96 33 Fees.
757 1457 74 35 The
855 1457 196 35 chancellor
1075 1456 144 35 allowed
1244 1457 87 34 Mrs.

120 1508 125 44 Easley
258 1519 20 23 a
293 1508 126 40 $1,200
433 1508 188 43 attorney’s
635 1507 84 42 fees,
733 1507 121 44 basing
867 1507 60 35 the
940 1512 144 30 amount
1097 1518 44 23 on
1154 1506 178 45 pleadings

119 1559 77 35 that
209 1558 103 35 could
325 1558 87 35 have
425 1559 87 34 been
525 1557 146 36 avoided
685 1558 144 44 “except
842 1557 53 35 for
908 1557 60 35 the
980 1557 251 36 unreasonable
1243 1557 89 44 legal

118 1609 190 44 positions”
328 1608 103 35 taken
451 1609 45 43 by
513 1609 129 34 Potter.
662 1608 57 35 On
738 1608 59 35 the
814 1608 74 34 first
907 1608 124 43 appeal
1049 1619 51 23 we
1118 1607 176 35 sustained
1312 1619 21 23 a

119 1659 133 34 similar
264 1658 188 35 allowance
464 1669 44 24 on
520 1658 60 34 the
592 1658 134 43 ground
738 1658 77 34 that
827 1669 44 23 an
884 1658 117 34 award
1013 1657 39 35 of
1062 1657 186 43 attorney’s
1261 1657 71 35 fees

119 1709 28 32 is
161 1708 132 42 largely
306 1707 119 34 within
438 1708 59 33 the
509 1707 187 34 discretion
709 1707 39 34 of
758 1707 59 34 the
829 1707 79 34 trial
918 1707 119 42 judge,
1051 1707 76 33 who
1140 1707 28 33 is
1181 1706 152 34 familiar

119 1757 84 33 with
224 1756 168 34 counsel’s
413 1756 156 34 services.
591 1756 66 33 We
676 1756 72 34 find
769 1766 43 24 no
832 1756 108 34 abuse
959 1756 40 34 of
1016 1755 184 34 discretion
1220 1755 35 34 in
1275 1756 59 33 the

120 1806 282 43 supplementary
422 1806 199 34 allowance.

213 1880 180 36 Affirmed.

213 1959 160 39 Purtle,
394 1959 42 40 J.,
457 1963 60 30 not
537 1957 256 45 participating.

214 2036 121 39 Holt,
356 2034 86 41 C.J.,
464 2034 68 35 and
553 2034 209 41 Newbern,
783 2035 42 39 J.,
846 2033 140 35 dissent.

214 2111 127 33 David
352 2110 208 40 Newbern,
573 2109 142 42 Justice,

727 2109 199 43 dissenting.
939 2110 40 34 In
990 2120 63 24 our
1064 2109 123 34 earlier
1197 2108 139 44 opinion

122 2170 52 23 we
188 2159 125 43 simply
327 2159 74 34 said
416 2159 113 34 David
543 2160 117 33 Potter
675 2159 116 34 “owns
805 2170 20 23 a
840 2164 159 38 separate
1012 2159 142 34 interest
1168 2158 35 34 in
1216 2158 59 35 the
1288 2159 49 33 lot

122 2208 70 35 and
214 2209 108 34 house
343 2208 34 34 in
398 2209 59 34 the
478 2213 145 30 amount
644 2209 40 34 of
703 2209 183 40 $9,565.08
910 2208 112 35 which
1044 2219 78 24 sum
1143 2208 27 34 is
1192 2207 146 44 directly

122 2259 178 34 traceable
319 2264 36 29 to
375 2259 59 34 the
454 2258 164 45 proceeds
639 2257 40 36 of
696 2259 59 34 the
776 2258 71 35 sale
867 2258 39 34 of
923 2258 52 35 his
996 2263 160 39 separate
1176 2263 161 38 property

123 2309 121 34 owned
255 2309 92 43 prior
357 2313 35 30 to
402 2309 59 35 the
470 2308 207 43 marriage.”
690 2310 68 33 280
768 2309 84 34 Ark.
864 2313 37 29 at
911 2309 134 40 48, 655
1057 2307 143 35 S.W.2d
1210 2312 36 29 at
1258 2309 78 33 388.

124 2359 175 42 Contrary
310 2363 35 29 to
357 2358 59 35 the
426 2358 198 43 suggestion
635 2357 40 35 of
683 2358 60 34 the
754 2358 161 43 majority
926 2358 139 43 opinion
1077 2368 44 24 on
1132 2357 68 34 this
1212 2357 126 34 second

124 2408 136 43 appeal,
283 2418 63 23 our
368 2407 73 35 first
463 2407 139 43 opinion
624 2406 59 35 did
706 2412 60 29 not
788 2418 61 32 say
871 2407 167 42 anything
1061 2407 107 33 about
1189 2406 149 42 limiting
