1632 2688
321 272 62 33 196

441 413 200 43 (Emphasis
662 413 140 42 added.)

405 491 75 33 The
501 491 106 33 ballot
628 491 75 34 title
723 502 37 23 as
781 492 154 33 certified
956 492 38 34 is:

439 569 56 33 An
506 574 56 29 act
573 574 35 29 to
618 569 112 34 affirm
740 570 59 33 the
809 570 149 43 people’s
969 570 91 43 right
1070 576 35 29 to
1116 571 123 34 revoke
1248 571 68 34 and
1327 571 132 44 modify
1468 572 60 34 the

439 618 190 35 franchises
646 618 68 35 and
730 619 170 35 exclusive
916 620 187 34 territories
1118 620 39 35 of
1170 621 116 43 public
1301 621 141 35 utilities
1458 621 68 35 and

438 669 234 44 cooperatives
685 669 53 35 for
746 669 73 44 just
831 680 104 25 cause
947 681 91 33 upon
1052 671 163 44 approval
1228 671 44 44 by
1284 682 21 24 a
1318 671 161 45 majority
1491 672 39 35 of

438 725 94 29 votes
548 720 34 34 in
598 731 20 23 a
635 720 137 43 regular
788 720 145 35 election
949 720 68 35 and
1034 726 35 29 to
1084 721 117 35 award
1217 721 59 35 the
1291 733 96 23 same
1401 727 36 30 to
1453 734 73 23 new

439 769 258 43 franchisee(s);
710 775 36 29 to
759 771 102 33 make
873 782 20 23 a
906 771 131 43 finding
1049 771 77 34 that
1138 772 178 34 Arkansas
1328 773 117 33 Power
1458 773 68 34 and

440 819 102 42 Light
554 819 183 43 Company
748 820 61 33 has
819 820 150 34 violated
981 820 42 34 its
1034 820 174 35 franchise
1219 821 45 43 by
1274 822 128 34 misuse
1412 822 68 34 and
1491 827 35 29 to

439 869 123 33 revoke
573 868 68 34 and
654 869 134 33 rescind
800 869 59 34 the
871 869 174 34 franchise
1057 870 68 34 and
1138 870 170 34 exclusive
1319 871 160 43 territory
1490 871 40 34 of

438 918 178 34 Arkansas
644 919 118 33 Power
790 918 68 34 and
888 919 104 42 Light
1020 919 194 43 Company;
1243 925 35 29 to
1306 920 139 43 provide
1473 920 53 34 for

439 967 137 34 interim
594 967 129 34 service
741 968 44 43 by
802 968 179 34 Arkansas
999 969 117 33 Power
1134 968 68 35 and
1221 969 105 43 Light
1344 970 182 43 Company

438 1017 86 33 until
540 1017 84 34 such
640 1017 84 34 time
739 1028 37 23 as
792 1028 20 23 a
828 1028 73 23 new
917 1017 174 35 franchise
1106 1018 27 34 is
1148 1018 173 41 awarded;
1337 1024 36 29 to
1387 1019 139 44 provide

438 1066 53 34 for
501 1077 19 23 a
531 1066 149 35 residual
691 1066 174 35 franchise
874 1072 35 29 to
919 1067 99 34 allow
1028 1068 178 34 Arkansas
1216 1069 118 33 Power
1343 1069 69 34 and
1422 1069 104 43 Light

438 1116 183 43 Company
641 1121 35 29 to
697 1117 102 33 make
820 1116 62 34 full
903 1128 61 23 use
984 1117 39 34 of
1040 1117 43 34 its
1104 1123 162 38 property
1286 1118 111 34 which
1419 1119 27 33 is
1467 1124 59 29 not

437 1165 164 43 acquired
610 1176 38 23 or
657 1165 226 40 condemned;
893 1171 35 29 to
937 1166 179 34 authorize
1126 1167 68 33 and
1203 1167 110 34 direct
1321 1167 59 34 the
1389 1168 135 34 Arkan-

437 1224 54 23 sas
518 1214 120 34 Public
662 1214 138 34 Service
826 1215 232 34 Commission
1083 1220 36 29 to
1144 1216 117 34 award
1286 1227 67 33 any
1378 1217 147 34 revoked

437 1263 190 34 franchises
648 1263 68 35 and
737 1264 170 34 exclusive
927 1265 187 34 territories
1135 1265 39 34 of
1192 1266 116 43 public
1328 1266 141 34 utilities
1490 1272 35 29 to

437 1324 73 23 new
533 1313 245 43 franchisee(s)
803 1314 90 35 after
915 1314 179 44 obtaining
1116 1316 220 43 competitive
1358 1316 75 35 bids
1456 1316 68 35 and

436 1363 209 44 conducting
667 1364 116 43 public
805 1364 171 44 hearings;
999 1370 35 29 to
1057 1365 164 35 establish
1243 1366 190 43 guidelines
1456 1367 68 34 and

436 1413 205 44 procedures
665 1413 53 35 for
741 1414 206 35 submission
970 1415 39 35 of
1029 1415 75 35 bids
1128 1416 45 43 by
1195 1416 213 44 prospective
1431 1417 92 34 fran-

436 1463 164 43 chisee^)
614 1464 68 34 and
693 1464 53 34 for
756 1464 58 35 the
825 1465 116 34 award
951 1465 39 34 of
997 1476 74 24 new
1082 1466 117 43 public
1208 1465 115 45 utility
1333 1466 191 35 franchises

436 1513 44 43 by
489 1514 59 33 the
556 1514 178 34 Arkansas
744 1514 120 35 Public
873 1515 138 34 Service
1020 1515 244 42 Commission;
1274 1521 36 29 to
1318 1517 151 43 prohibit
1477 1517 47 34 all

436 1574 73 23 new
519 1564 116 42 public
644 1564 114 43 utility
767 1564 245 43 franchisee(s)
1023 1565 174 34 hereafter
1207 1566 161 34 awarded
1377 1566 146 34 revoked

435 1612 190 35 franchises
636 1613 90 34 from
736 1614 181 43 affiliating
927 1614 82 34 with
1020 1625 20 24 a
1051 1615 208 34 multi-state
1267 1616 257 42 conglomerate

434 1673 38 23 or
491 1663 170 43 engaging
680 1663 34 34 in
733 1663 220 35 out-of-state
971 1664 234 35 construction
1223 1665 40 34 of
1278 1676 113 33 power
1409 1666 113 43 plants

434 1712 145 34 without
594 1724 20 23 a
629 1713 92 43 prior
736 1713 249 35 three-fourths
999 1719 79 29 vote
1092 1714 40 34 of
1143 1714 59 34 the
1217 1714 150 35 General
1382 1716 140 33 Assem-

435 1762 68 43 bly;
522 1767 36 29 to
577 1762 150 44 prohibit
746 1763 141 34 utilities
906 1763 162 35 awarded
1087 1763 118 35 future
1223 1764 190 35 franchises
1432 1765 90 34 from

434 1812 166 42 charging
622 1817 197 38 ratepayers
841 1812 54 35 for
916 1813 101 43 legal,
1039 1813 163 44 lobbying
1224 1814 68 34 and
1314 1814 208 44 advertising

436 1861 137 43 (except
593 1862 116 42 public
728 1862 146 43 notices)
896 1873 176 33 expenses;
1092 1868 36 29 to
1148 1863 163 35 establish
1331 1864 190 34 additional

434 1911 138 43 specific
604 1911 270 35 considerations
907 1912 54 34 for
994 1912 232 35 Commission
1259 1913 194 35 evaluation
1486 1914 35 34 in

434 1960 176 43 awarding
631 1972 73 23 new
725 1961 202 41 franchises;
948 1967 36 29 to
1004 1962 119 34 confer
1143 1973 92 33 upon
1255 1963 58 34 the
1333 1974 74 23 new
1427 1963 93 35 fran-

433 2010 165 43 chisee^)
615 2011 59 34 the
688 2021 113 33 power
815 2011 39 34 of
866 2012 152 34 eminent
1033 2011 140 36 domain
1188 2018 35 29 to
1237 2013 169 34 condemn
1420 2024 100 33 prop-

433 2065 75 38 erty
520 2060 40 34 of
569 2060 59 35 the
641 2060 146 35 revoked
801 2061 195 35 franchisee
1009 2062 68 34 and
1091 2062 114 35 others
1219 2062 68 35 and
1300 2068 35 29 to
1348 2063 173 43 prescribe

433 2110 59 34 the
505 2121 61 23 use
580 2110 39 34 of
629 2110 84 34 such
728 2121 124 33 power;
868 2117 36 28 to
914 2111 159 44 prohibit
1087 2111 224 35 closed-door
1322 2112 199 35 settlement

433 2159 220 44 conferences
663 2160 175 44 involving
846 2172 97 23 more
953 2161 85 34 than
1049 2167 66 29 two
1121 2164 135 41 parties
1267 2168 35 28 to
1312 2173 22 23 a
1343 2162 178 35 ratemak-

433 2211 60 41 ing
500 2209 215 44 proceeding
726 2210 71 34 and
810 2216 169 38 attempts
993 2217 36 28 to
1044 2211 170 43 influence
1228 2211 57 35 the
1299 2212 225 44 ratemaking

428 2270 145 32 process
581 2259 140 35 outside
730 2260 140 34 normal
878 2260 94 44 legal
980 2260 231 44 channelsfor
1214 2261 176 43 personal,
1398 2261 123 44 politi-

432 2308 65 40 cal,
508 2309 175 43 financial
698 2320 41 23 or
754 2312 178 32 economic
946 2313 83 41 gain
1045 2310 69 34 and
1130 2316 35 29 to
1181 2311 139 43 provide
1336 2311 53 34 for
1406 2322 20 24 a
1442 2311 78 35 civil

432 2358 68 34 fine
517 2358 40 35 of
571 2364 60 29 not
648 2359 65 34 less
732 2359 84 35 than
835 2360 186 41 $5,000.00
1039 2371 38 23 or
1094 2371 96 24 more
1207 2360 85 35 than
1311 2362 209 40 $10,000.00

432 2408 79 41 and,
522 2408 31 34 if
558 2419 20 23 a
588 2409 117 43 public
714 2409 136 41 official,
861 2410 151 34 removal
1022 2410 91 34 from
1121 2410 109 41 office,
1241 2422 37 23 as
1288 2422 20 23 a
1318 2411 140 43 penalty
1466 2411 55 34 for
