1668 2700
1289 259 66 33 597

233 399 105 35 Steve
350 399 119 41 Clark,
480 399 100 43 Att’y
590 399 101 40 Gen.,
703 399 55 43 by:
769 400 141 34 Jerome
925 400 34 33 T.
972 401 170 41 Kearney,
1153 399 93 34 Asst.
1258 399 99 43 Att’y

142 448 102 40 Gen.,
266 448 52 35 for
339 449 165 43 appellee.

234 530 99 34 Jack
356 531 118 40 Holt,
497 531 68 40 Jr.,
588 530 108 35 Chief
714 530 140 35 Justice.

876 530 75 35 The
971 530 108 35 issues
1101 530 112 35 raised
1234 531 34 34 in
1289 530 68 36 this

142 580 126 43 appeal
287 590 147 24 concern
453 585 100 30 court
572 580 132 43 rulings
724 580 185 44 admitting
928 581 133 34 certain
1080 581 185 43 testimony
1285 581 73 34 into

143 630 173 34 evidence.
328 630 64 34 We
401 630 70 34 find
481 641 44 23 no
534 641 93 24 error
636 630 69 34 and
715 630 113 35 affirm
836 631 59 34 the
904 630 79 35 trial
992 636 109 29 court.
1112 631 103 34 Since
1223 631 68 34 this
1300 631 27 35 is
1337 642 20 23 a

142 679 127 35 second
279 680 134 44 appeal,
423 691 62 23 our
490 679 220 44 jurisdiction
719 680 28 35 is
756 685 168 40 pursuant
932 685 36 30 to
977 681 84 44 Sup.
1072 680 56 35 Ct.
1140 682 41 33 R.
1193 681 62 43 29(
1262 681 32 43 1)
1301 680 54 44 (b)

143 730 69 34 and
235 729 57 44 (j)-

234 812 75 34 The
322 812 186 44 appellant,
522 811 114 36 David
650 813 70 34 Lee
732 812 121 42 Lewis,
866 823 71 24 was
950 812 179 36 convicted
1142 814 45 43 by
1200 824 20 24 a
1229 813 80 45 jury
1322 813 39 35 of

142 862 76 34 first
231 861 125 44 degree
368 862 136 44 battery
518 862 68 34 and
601 862 211 43 aggravated
825 863 147 43 robbery
985 874 44 23 on
1042 863 153 35 October
1210 864 147 40 5,1984,

144 912 69 34 and
224 912 185 35 sentenced
421 917 35 30 to
467 913 44 34 60
523 923 99 32 years
634 912 272 44 imprisonment.
920 912 57 35 On
988 913 124 44 appeal
1124 918 35 29 to
1170 912 67 35 this
1249 918 108 36 court,

143 961 60 35 the
214 961 132 35 verdict
358 972 69 24 was
440 962 157 34 reversed
611 961 69 36 and
693 962 188 35 remanded
893 972 44 24 on
950 962 152 43 grounds
1115 968 59 29 not
1187 963 171 43 pertinent

143 1011 93 34 here.
254 1013 110 33 Lewis
379 1022 29 23 v.
425 1012 113 40 State,
555 1012 68 34 286
640 1012 85 34 Ark.
744 1013 79 39 372,
840 1013 64 33 691
925 1012 144 35 S.W.2d
1086 1013 68 33 864
1172 1012 136 43 (1985).
1325 1013 34 33 A

144 1060 127 35 second
288 1060 79 35 trial
383 1072 69 23 was
468 1061 80 34 held
565 1061 206 44 September
791 1062 40 34 19
848 1061 69 35 and
934 1063 55 40 20,
1011 1063 99 40 1985,
1127 1062 112 35 which
1256 1062 103 44 again

144 1110 151 34 resulted
315 1110 34 34 in
367 1110 59 34 the
443 1111 193 34 conviction
655 1110 39 35 of
709 1111 110 35 Lewis
838 1111 68 35 and
925 1122 20 23 a
963 1117 162 29 sentence
1143 1111 39 35 of
1198 1113 44 33 54
1260 1123 98 33 years

144 1159 274 44 imprisonment.
432 1161 30 33 It
474 1161 28 34 is
514 1160 91 35 from
617 1160 58 35 the
687 1160 126 35 second
824 1161 193 34 conviction
1029 1161 77 35 that
1117 1162 68 34 this
1197 1161 122 44 appeal
1331 1161 28 35 is

144 1209 161 42 brought.

236 1290 75 35 The
328 1291 204 44 appellant’s
551 1291 74 35 first
643 1292 198 34 contention
859 1303 44 24 on
921 1292 124 44 appeal
1064 1292 27 34 is
1110 1293 76 34 that
1204 1293 59 34 the
1280 1293 79 35 trial

143 1345 100 30 court
261 1341 98 35 erred
377 1341 44 43 by
438 1341 160 44 allowing
616 1341 59 35 the
691 1342 218 43 prosecution
927 1347 36 29 to
979 1341 84 36 read
1080 1342 60 35 the
1156 1342 92 45 prior
1265 1343 93 35 testi-

144 1401 105 32 mony
264 1390 39 35 of
316 1390 95 35 Otha
426 1392 69 34 Lee
510 1391 124 44 Spikes
649 1391 73 35 into
737 1391 162 36 evidence
913 1397 37 29 at
964 1392 60 35 the
1038 1393 128 34 second
1180 1392 90 35 trial.
1285 1392 75 35 The

144 1440 80 35 trial
250 1446 99 29 court
375 1440 106 35 based
506 1441 44 34 its
576 1440 114 44 ruling
716 1452 44 24 on
786 1441 59 35 the
869 1442 74 35 fact
968 1442 77 35 that
1071 1442 123 44 Spikes
1220 1454 69 23 was
1314 1453 45 24 an

144 1490 221 35 unavailable
384 1490 136 35 witness
541 1491 110 35 under
672 1491 97 35 Unif.
791 1492 42 34 R.
855 1491 96 35 Evid.
975 1493 78 34 804.

236 1572 75 34 The
322 1572 101 44 proof
431 1583 44 24 on
486 1572 68 35 this
567 1573 91 35 issue
669 1573 134 35 reflects
815 1573 76 35 that
902 1573 60 35 the
972 1574 80 35 trial
1064 1574 110 35 lasted
1185 1579 67 30 two
1263 1575 95 43 days:

144 1622 207 44 September
377 1623 39 34 19
438 1622 68 35 and
528 1624 56 33 20.
606 1624 34 33 A
661 1623 176 44 subpoena
859 1634 69 24 was
950 1623 114 35 issued
1086 1624 69 34 and
1176 1624 118 35 served
1315 1635 44 23 on

145 1671 124 44 Spikes
279 1672 113 35 which
402 1672 144 35 ordered
556 1673 74 34 him
640 1678 36 28 to
686 1683 129 33 appear
825 1684 44 23 on
879 1674 206 43 September
1099 1675 52 33 19.
1163 1674 197 43 According

145 1726 36 29 to
193 1722 59 34 the
262 1722 186 43 testimony
459 1722 39 34 of
506 1722 60 34 the
577 1722 122 41 bailiff,
712 1722 122 44 Spikes
847 1723 173 44 appeared
1031 1733 44 24 on
1087 1723 205 44 September
1307 1724 52 40 19,

145 1771 63 34 but
218 1771 44 35 he
272 1782 70 24 was
354 1776 58 30 not
423 1771 111 35 called
544 1777 36 29 to
591 1772 59 35 the
660 1772 103 35 stand
774 1772 76 35 that
860 1773 78 43 day.
950 1773 75 35 The
1035 1773 115 35 bailiff
1157 1773 148 35 testified
1317 1773 43 35 he

145 1821 73 34 told
229 1821 46 34 all
286 1821 59 35 the
355 1821 174 35 witnesses
539 1827 36 29 to
586 1827 118 30 return
715 1823 59 34 the
784 1822 174 44 following
969 1823 79 44 day,
1059 1823 167 41 however,
1237 1823 44 35 he
1290 1834 70 24 was

145 1876 60 29 not
220 1871 144 44 positive
378 1871 121 44 Spikes
514 1882 70 24 was
600 1872 34 35 in
649 1872 60 34 the
722 1872 137 35 witness
874 1883 97 25 room
985 1879 37 29 at
1036 1873 77 35 that
1127 1874 94 34 time.
1237 1874 123 44 Spikes

144 1920 59 35 did
220 1926 59 30 not
295 1927 117 29 return
427 1922 59 34 the
500 1921 176 44 following
691 1922 78 44 day.
786 1922 103 35 After
904 1922 105 35 lunch
1023 1934 45 24 on
1083 1923 205 44 September
1303 1924 57 41 20,

145 1971 60 35 the
224 1976 199 39 prosecutor
443 1971 205 36 announced
668 1977 36 30 to
724 1973 59 34 the
802 1978 98 30 court
919 1973 77 35 that
1016 1974 59 34 the
1094 1973 149 35 sheriffs
1262 1974 99 35 office

144 2020 103 36 could
263 2027 60 29 not
338 2021 71 35 find
425 2022 133 44 Spikes.
575 2023 34 34 A
624 2022 130 44 deputy
770 2023 122 35 sheriff
904 2023 150 35 testified
1069 2023 77 35 that
1162 2024 43 34 he
1220 2029 90 29 went
1324 2029 36 29 to

144 2071 135 43 Spikes’
303 2072 103 34 home
425 2072 78 34 that
523 2073 161 42 morning
705 2072 138 43 looking
865 2073 53 34 for
940 2073 73 34 him
1035 2073 69 34 and
1125 2073 106 44 spoke
1251 2079 37 29 to
1308 2073 53 35 his

145 2120 151 34 brother.
309 2122 55 33 He
372 2121 82 34 then
463 2121 118 34 talked
591 2127 35 28 to
635 2132 21 23 a
665 2121 131 35 farmer
805 2122 114 34 whose
928 2123 101 33 truck
1037 2122 39 34 fit
1085 2122 59 34 the
1153 2123 207 43 description

144 2169 40 33 of
194 2179 66 24 one
273 2169 123 43 Spikes
410 2180 69 23 was
492 2180 81 23 seen
588 2170 135 42 leaving
737 2171 34 33 in
786 2171 75 33 that
874 2171 170 42 morning.
1061 2171 39 33 In
1114 2171 89 43 spite
1215 2171 39 33 of
1264 2172 97 33 these

145 2218 132 39 efforts,
297 2218 60 34 the
376 2218 129 44 deputy
524 2229 71 23 was
615 2219 129 34 unable
764 2224 35 29 to
818 2219 113 35 locate
951 2219 134 44 Spikes.

370 2300 33 34 A
421 2300 138 35 witness
578 2300 28 35 is
625 2300 202 35 considered
846 2301 220 35 unavailable
1085 2301 30 35 if
1130 2301 44 35 he
1192 2301 28 34 is
1239 2302 122 34 absent

145 2349 92 35 from
254 2349 61 35 the
332 2349 142 44 hearing
493 2350 69 35 and
579 2350 60 35 the
655 2356 193 38 proponent
865 2351 38 34 of
918 2351 53 34 his
989 2356 188 30 statement
1194 2351 63 35 has
1274 2352 88 34 been

145 2399 129 34 unable
287 2404 36 29 to
337 2410 144 33 procure
495 2399 52 35 his
562 2400 209 35 attendance
785 2400 45 44 by
844 2411 136 33 process
994 2412 39 23 or
1047 2401 99 34 other
1159 2401 203 35 reasonable
