1632 2696
130 409 83 34 with
235 409 106 40 him,”
363 408 76 34 that
460 409 138 33 Hoover
619 418 101 23 never
741 406 174 35 indicated
935 406 77 34 that
1033 405 134 35 Bovard
1188 404 69 35 had
1278 415 67 33 any

131 459 143 34 interest
291 459 34 34 in
342 459 58 34 the
416 463 171 39 property.
607 457 122 34 Hobbs
746 456 74 35 said
837 456 44 35 he
897 467 101 23 never
1015 467 69 23 saw
1102 454 134 36 Bovard
1253 454 93 35 mine

131 520 69 32 any
221 509 87 40 coal,
331 508 78 41 and,
432 507 243 44 significantly,
697 507 44 34 he
762 518 101 23 never
885 517 69 24 saw
977 505 134 35 Bovard
1134 505 132 35 around
1287 505 59 34 the

132 564 162 39 property
312 558 89 35 after
419 558 89 35 John
527 559 138 33 Hoover
682 557 91 41 died,
792 567 60 24 nor
870 556 107 35 heard
996 555 135 35 Bovard
1148 567 77 23 ever
1242 555 104 35 claim

132 620 68 33 any
214 609 143 34 interest
371 609 33 34 in
419 609 59 34 the
491 613 172 39 property.
679 609 49 33 At
742 607 59 35 the
813 607 80 34 trial
907 607 44 34 he
964 606 75 35 said
1054 606 43 34 he
1111 605 68 36 had
1193 611 59 29 not
1266 616 80 24 seen

134 660 70 33 Mr.
228 659 135 34 Bovard
385 658 90 35 from
496 659 59 34 the
576 658 85 35 time
681 657 39 35 of
739 658 70 34 Mr.
832 657 167 34 Hoover’s
1020 656 106 35 death
1148 656 109 34 “until
1279 655 68 35 this

133 709 194 43 morning.”

1301 264 42 33 29

478 797 201 40 Testimony
699 794 46 44 of
759 793 106 35 Orval
884 792 124 35 Hobbs

226 873 107 34 Orval
345 873 121 34 Hobbs
477 872 150 35 testified
638 872 77 34 that
726 872 44 34 he
780 871 69 35 had
860 871 89 34 lived
960 882 84 23 near
1054 870 59 34 the
1124 874 160 40 property
1295 869 54 34 for

134 923 191 43 thirty-five
351 933 108 33 years,
487 922 154 42 working
668 922 35 34 in
730 922 59 34 the
815 921 109 34 mines
951 920 82 34 with
1061 920 52 34 his
1140 920 114 34 father
1281 919 68 34 and

135 973 151 34 brother.
305 973 56 33 He
376 972 74 34 said
467 972 43 34 he
526 971 104 34 made
646 971 131 34 several
793 971 84 44 trips
894 976 35 29 to
946 971 137 33 Kansas
1101 970 81 43 City
1198 969 82 34 with
1297 969 52 34 his

135 1022 116 34 father
262 1027 35 29 to
308 1022 74 34 talk
391 1027 35 29 to
437 1021 90 35 John
539 1022 139 33 Hoover
690 1021 106 34 about
807 1020 131 43 leasing
949 1020 60 34 the
1019 1019 56 35 old
1086 1019 263 35 Northwestern

135 1072 94 34 mine
239 1072 63 34 but
313 1073 137 33 Hoover
460 1071 166 34 wouldn’t
636 1071 93 34 lease
739 1070 59 35 the
808 1070 275 40 Northwestern,
1095 1080 37 24 so
1143 1069 81 44 they
1234 1068 115 35 leased

136 1122 145 34 another
292 1121 139 44 nearby.
443 1122 56 33 He
509 1121 74 34 said
594 1121 153 43 Spencer
758 1120 134 34 Bovard
903 1131 102 23 never
1015 1119 75 35 said
1100 1120 43 34 he
1153 1119 119 34 owned
1283 1130 67 32 any

136 1172 143 34 interest
291 1172 35 33 in
339 1172 59 34 the
410 1176 162 39 property
585 1170 69 35 and
666 1181 71 24 was
750 1175 59 29 not
822 1175 137 39 present
972 1169 125 43 during
1110 1169 59 34 the
1182 1169 167 42 negotiat-

136 1222 58 42 ing
205 1221 158 41 sessions,
375 1221 76 34 that
462 1221 82 43 they
554 1220 116 35 leased
682 1220 59 35 the
752 1220 81 34 land
844 1220 91 34 from
946 1219 90 35 John
1049 1220 147 33 Hoover.
1210 1220 56 33 He
1275 1218 75 34 said

136 1272 91 34 John
238 1272 138 33 Hoover
385 1271 72 34 told
466 1271 73 34 him
549 1271 44 34 he
602 1270 69 35 and
681 1270 152 44 Spencer
843 1269 135 35 Bovard
988 1280 90 23 were
1087 1268 102 44 going
1199 1273 35 30 to
1244 1279 106 33 pump

136 1327 108 28 water
254 1326 60 29 out
324 1320 39 35 of
369 1321 59 34 the
437 1320 57 35 old
503 1320 266 35 Northwestern
778 1320 93 34 mine
881 1319 69 35 and
959 1319 78 34 that
1046 1330 70 23 was
1126 1318 77 44 why
1214 1319 137 34 Hoover

136 1371 60 34 did
206 1376 60 29 not
275 1376 93 29 want
376 1376 36 29 to
421 1371 92 34 lease
522 1370 60 35 the
590 1370 57 35 old
656 1370 274 35 Northwestern.
942 1370 56 34 He
1007 1369 75 35 said
1092 1369 81 44 they
1182 1379 101 24 never
1293 1373 59 38 got

137 1421 105 35 much
253 1426 106 30 water
368 1420 151 45 pumped
529 1426 61 29 out
599 1420 149 35 because
757 1420 39 35 of
802 1420 173 44 problems
984 1419 84 35 with
1077 1419 59 35 the
1145 1424 139 29 motors.
1296 1419 56 34 He

137 1471 150 35 testified
302 1472 76 34 that
392 1471 152 44 Spencer
559 1471 136 35 Bovard
709 1482 101 23 never
825 1470 74 35 said
914 1470 168 44 anything
1096 1470 107 34 about
1216 1469 136 43 owning

137 1527 79 38 part
236 1522 40 34 of
292 1522 60 34 the
371 1527 172 38 property,
564 1521 120 35 before
703 1532 38 24 or
762 1521 90 34 after
872 1521 90 34 John
983 1520 167 35 Hoover’s
1170 1519 116 35 death.

404 1606 171 35 Bovard’s
593 1606 164 35 Attitude
781 1605 147 35 Toward
946 1607 143 33 Hoover

231 1685 140 34 Marvin
385 1684 122 35 Hobbs
520 1683 181 36 described
714 1684 90 34 John
817 1685 139 33 Hoover
969 1694 37 24 as
1020 1694 20 24 a
1054 1683 95 34 “real
1161 1683 77 34 nice
1249 1683 103 44 guy.”

139 1735 197 44 Curiously,
359 1735 152 44 Spencer
534 1734 135 35 Bovard
691 1734 179 35 described
893 1734 90 35 John
1006 1735 138 33 Hoover
1166 1733 35 35 in
1223 1733 131 35 similar

139 1791 117 29 terms.
275 1785 113 35 When
406 1785 106 35 asked
529 1785 45 44 by
592 1785 52 34 his
662 1796 76 24 own
755 1785 139 34 counsel
912 1784 107 35 about
1036 1784 90 35 John
1144 1785 148 40 Hoover,
1311 1783 43 35 he

139 1835 87 41 said,
241 1836 80 33 “He
334 1846 69 23 was
418 1847 20 22 a
453 1835 71 34 real
539 1835 89 43 good
643 1835 116 34 man.”
775 1835 187 34 Whatever
975 1845 82 32 may
1071 1834 43 34 be
1128 1833 74 35 said
1216 1833 39 35 of
1266 1833 87 41 that,

139 1885 94 33 what
260 1895 110 23 seems
398 1884 219 34 remarkable
644 1889 35 29 to
707 1895 40 23 us
775 1884 27 34 is
830 1884 53 34 for
911 1884 153 43 Spencer
1092 1883 135 34 Bovard
1254 1888 36 28 to
1317 1893 37 23 so

139 1934 236 34 characterize
387 1945 19 22 a
419 1944 82 23 man
513 1934 87 39 who,
613 1933 31 34 if
653 1933 164 34 Bovard’s
828 1933 134 34 version
974 1932 28 34 is
1014 1937 88 36 true,
1115 1932 69 34 had
1196 1932 157 34 commit-

139 1983 59 33 ted
208 1994 21 22 a
239 1983 83 33 base
332 1982 102 34 fraud
444 1983 137 42 against
591 1982 84 40 him,
686 1982 45 43 by
741 1982 195 43 conspiring
946 1987 36 28 to
992 1981 102 34 cheat
1104 1981 73 34 him
1186 1986 60 29 out
1256 1980 39 34 of
1301 1981 53 33 his

140 2032 142 34 interest
298 2032 34 34 in
347 2032 59 34 the
420 2031 265 35 Northwestern
701 2031 99 34 lands
815 2036 35 29 to
865 2031 59 34 the
939 2030 67 35 end
1021 2030 77 35 that
1113 2030 44 34 he
1172 2029 68 35 had
1256 2035 99 38 spent

140 2081 92 45 forty
245 2093 99 33 years
357 2081 113 45 trying
483 2086 36 30 to
531 2092 139 24 recover
682 2081 94 35 what
788 2092 70 24 was
871 2080 181 45 rightfully
1065 2080 63 35 his.
1143 2079 35 36 If
1187 2085 87 36 true,
1287 2080 27 35 it
1326 2080 28 34 is

140 2133 257 34 inconceivable
420 2132 76 35 that
520 2132 44 35 he
587 2132 114 35 would
725 2131 90 36 refer
839 2137 35 29 to
898 2131 60 35 the
981 2136 215 39 perpetrator
1220 2130 38 35 of
1279 2130 77 35 that

141 2183 179 43 egregious
341 2193 116 33 wrong
477 2193 38 24 as
536 2183 44 34 “a
601 2182 71 35 real
693 2182 89 44 good
802 2182 116 34 man.”

232 2260 112 34 Other
354 2260 213 34 weaknesses
578 2260 35 34 in
624 2260 59 34 the
694 2259 135 35 Bovard
839 2259 104 34 claim
954 2259 102 34 could
1067 2259 43 34 be
1119 2258 102 41 cited,
1233 2258 62 34 but
1305 2269 52 23 we

141 2310 88 34 have
242 2309 186 35 belabored
441 2310 60 33 the
514 2309 96 44 point
624 2309 148 43 enough.
788 2309 65 34 We
866 2319 59 24 are
939 2308 145 43 entirely
1097 2307 187 35 convinced
1297 2307 59 34 the

142 2359 136 35 Bovard
295 2364 89 29 trust
400 2359 27 34 is
444 2359 167 44 specious.
629 2359 66 35 We
712 2359 87 34 have
815 2358 166 35 searched
997 2358 68 34 this
1082 2357 120 35 record
1219 2357 53 34 for
1289 2368 68 32 any

142 2409 163 35 evidence
318 2415 36 29 to
366 2409 186 35 document
566 2409 152 44 Spencer
732 2408 164 35 Bovard’s
908 2408 135 35 version
1056 2407 40 35 of
1105 2408 59 34 the
1177 2407 100 35 facts.
1292 2407 66 34 We
