1663 2689
311 394 42 33 its
373 393 129 34 refusal
521 399 35 28 to
575 399 101 36 grant
695 404 20 23 a
734 393 157 34 mistrial.
911 393 92 33 That
1021 392 129 34 drastic
1168 397 75 38 step
1261 391 123 35 should
1404 397 59 28 not
1481 391 43 34 be

310 443 103 33 taken
426 443 114 33 unless
552 442 58 33 the
622 442 191 42 possibility
824 442 39 34 of
871 441 177 44 prejudice
1058 445 127 30 cannot
1197 441 42 34 be
1250 440 160 35 removed
1422 441 45 42 by
1478 451 44 23 an

311 491 214 35 admonition
541 497 35 28 to
592 491 59 34 the
662 491 91 43 jury,
770 501 37 24 or
823 491 81 34 here
920 496 35 29 to
970 490 60 35 the
1040 491 108 42 juror.
1167 489 97 35 Cobb
1278 501 31 22 v.
1325 490 113 40 State,
1455 490 66 33 265

311 542 84 34 Ark.
421 542 78 40 527,
523 542 66 34 579
612 540 143 35 S.W.2d
778 541 67 34 612
870 539 137 44 (1979).
1032 541 94 34 Here
1147 539 59 35 the
1227 539 79 35 trial
1325 539 107 44 judge
1454 550 69 23 was

311 591 172 43 evidently
495 591 188 44 impressed
697 591 45 43 by
754 591 58 34 the
820 590 127 44 juror’s
959 590 330 35 conscientiousness
1301 590 35 34 in
1349 589 174 45 reporting

310 642 59 34 the
382 646 137 30 matter.
533 641 75 34 The
616 641 109 44 judge
737 652 69 23 was
820 640 34 35 in
868 652 19 23 a
901 640 54 35 far
969 640 111 35 better
1093 640 147 44 position
1254 640 84 34 than
1351 651 52 24 we
1415 645 35 29 to
1462 650 62 33 say

310 692 154 34 whether
478 692 60 34 the
552 691 188 44 particular
751 691 97 43 juror
862 691 112 43 might
988 690 43 35 be
1045 689 150 36 affected
1210 691 45 43 by
1269 690 59 34 the
1342 690 182 44 telephone

311 742 77 34 call.
403 741 94 35 Such
512 740 168 35 incidents
694 741 177 44 obviously
884 745 127 30 cannot
1025 741 43 34 be
1081 740 195 44 prevented.
1293 740 65 34 For
1371 750 39 24 us
1424 745 36 29 to
1473 744 51 29 set

311 791 95 35 aside
424 791 59 34 the
501 791 79 34 trial
600 790 53 34 for
671 791 93 34 what
782 801 110 24 seems
911 795 36 29 to
965 790 87 35 have
1071 790 86 34 been
1176 790 59 34 the
1253 800 123 33 proper
1394 800 76 32 way
1488 794 35 29 to

311 840 127 35 handle
451 841 59 34 the
523 845 127 30 matter
663 840 112 43 might
787 850 194 33 encourage
994 840 85 34 such
1092 850 214 33 anonymous
1320 839 84 35 calls
1418 839 34 34 in
1465 839 59 34 the

311 891 127 34 future.

310 256 66 33 438

402 969 112 35 There
530 970 27 33 is
574 980 44 23 no
635 970 184 34 substance
835 974 35 30 to
887 969 59 34 the
962 973 184 39 argument
1163 968 76 35 that
1256 968 58 35 the
1331 967 78 36 trial
1425 973 99 29 court

311 1019 209 43 improperly
530 1018 180 35 restricted
720 1019 59 34 the
788 1018 142 35 defense
940 1019 35 33 in
986 1018 59 35 the
1054 1018 346 34 cross-examination
1411 1018 39 34 of
1456 1023 67 29 two

311 1068 185 34 witnesses.
514 1068 74 33 The
604 1068 74 34 first
694 1078 70 23 was
782 1068 123 34 Zones.
922 1068 75 33 The
1013 1067 142 35 defense
1171 1067 69 35 had
1257 1068 87 33 been
1361 1066 162 43 provided

312 1117 82 33 with
407 1127 19 23 a
439 1117 136 34 written
588 1122 147 29 account
746 1116 39 34 of
794 1127 20 23 a
827 1117 105 34 social
945 1117 160 33 worker’s
1117 1116 174 34 interview
1304 1115 82 35 with
1400 1117 123 32 Zones.

311 1166 74 34 The
404 1171 148 29 account
571 1165 159 44 reported
750 1166 112 37 Zones
882 1177 37 23 as
939 1165 126 43 having
1084 1164 75 35 said
1178 1165 77 35 that
1273 1164 100 35 when
1392 1165 43 34 he
1453 1175 70 23 was

312 1215 157 35 fourteen
484 1216 43 34 he
540 1215 69 35 had
622 1215 146 35 stabbed
782 1226 20 24 a
816 1226 81 24 man
911 1214 69 36 and
993 1215 77 35 that
1083 1215 46 34 all
1142 1214 53 35 his
1208 1215 61 34 life
1281 1214 44 35 he
1338 1214 69 36 had
1420 1214 69 35 had
1503 1225 20 23 a

310 1266 128 35 violent
455 1270 133 40 temper
606 1265 76 36 that
700 1265 55 35 led
773 1265 72 35 him
862 1271 36 30 to
915 1265 106 35 strike
1038 1265 121 45 people
1176 1265 69 35 and
1262 1264 118 37 smash
1397 1264 126 44 things.

312 1316 152 35 Defense
476 1316 138 35 counsel
629 1315 201 36 disclaimed
844 1327 68 33 any
925 1316 168 35 intention
1107 1315 39 35 of
1155 1316 122 43 asking
1291 1316 114 34 Zones
1417 1315 107 35 about

311 1367 59 34 the
392 1367 139 43 specific
554 1366 161 43 stabbing
739 1365 162 42 incident,
926 1366 62 34 but
1010 1366 44 34 he
1077 1365 59 35 did
1158 1371 93 29 want
1274 1371 36 29 to
1333 1366 62 34 ask
1418 1365 106 35 about

312 1416 142 34 Zones’s
464 1416 139 43 general
614 1420 197 36 statement,
822 1416 112 34 which
944 1416 59 34 the
1009 1415 108 44 judge
1126 1415 75 35 said
1211 1416 44 34 he
1263 1414 114 35 would
1387 1415 135 44 permit.

312 1465 151 35 Counsel
478 1466 87 34 later
579 1465 106 35 asked
700 1466 123 34 Zones:
840 1466 123 34 “Have
976 1476 67 32 you
1057 1476 78 24 ever
1149 1465 103 35 made
1265 1465 59 34 the
1338 1469 186 31 statement

311 1516 76 34 that
403 1526 67 33 you
486 1516 87 34 have
589 1526 20 24 a
624 1526 82 33 very
722 1515 171 44 explosive
909 1514 68 35 and
992 1515 128 35 violent
1136 1520 133 39 temper
1285 1514 77 35 that
1378 1514 94 35 leads
1488 1519 35 30 to

311 1565 126 43 hitting
450 1565 69 35 and
532 1565 140 44 beating
685 1565 167 44 people?”
868 1566 113 33 Zones
994 1565 86 41 said,
1094 1565 93 40 “No,
1200 1565 80 41 sir,”
1295 1564 68 35 and
1376 1565 101 34 stuck
1488 1569 36 30 to

312 1616 51 34 his
374 1615 147 44 position
532 1615 98 34 when
641 1616 59 34 the
709 1626 97 23 same
815 1615 158 45 question
983 1626 70 23 was
1064 1614 106 35 asked
1180 1619 67 30 two
1257 1625 38 24 or
1304 1614 98 35 three
1411 1615 111 34 times.

312 1665 151 34 Counsel
485 1675 123 32 argues
628 1665 60 34 the
707 1665 97 43 point
824 1670 36 29 at
880 1675 96 24 some
996 1664 118 43 length
1135 1664 34 34 in
1189 1665 53 34 his
1263 1664 100 40 brief,
1384 1664 62 35 but
1466 1664 59 34 the

311 1714 135 34 trouble
460 1714 27 34 is
501 1714 60 34 the
574 1714 148 34 absence
735 1713 39 35 of
784 1725 68 32 any
866 1714 138 43 specific
1017 1713 200 44 complaint.
1232 1714 92 34 That
1337 1713 39 40 is,
1391 1713 133 35 neither

311 1764 59 33 the
384 1763 154 34 abstract
552 1773 61 24 nor
627 1763 59 34 the
699 1763 93 34 brief
802 1768 68 29 sets
885 1763 93 33 forth
992 1773 69 33 any
1074 1763 189 43 particular
1276 1763 158 42 question
1448 1762 76 34 that

311 1812 139 34 counsel
471 1823 69 23 was
561 1816 59 29 not
641 1811 185 44 permitted
846 1817 36 29 to
902 1812 72 34 ask.
995 1812 59 34 No
1074 1822 94 23 error
1188 1811 28 35 is
1236 1812 128 33 shown.

401 1890 75 34 The
486 1889 126 36 second
623 1890 159 35 occasion
793 1889 166 36 occurred
969 1889 125 44 during
1105 1890 169 34 counsel’s
1285 1889 237 35 cross-exami-

311 1940 119 34 nation
446 1940 39 35 of
499 1941 69 33 Ms.
586 1940 120 41 Bettis,
724 1940 181 35 Holland’s
922 1939 129 36 former
1066 1940 65 43 girl
1147 1939 123 35 friend.
1288 1939 150 35 Counsel
1454 1938 70 35 had

312 1989 136 35 elicited
461 2001 44 24 an
518 1990 187 35 admission
718 1990 90 34 from
821 1990 70 35 Ms.
906 1989 108 35 Bettis
1026 1990 77 34 that
1115 1989 59 35 the
1182 1989 152 43 juvenile
1345 1994 98 30 court
1454 1988 70 35 had

312 2039 150 43 charged
484 2040 61 34 her
566 2039 81 35 with
669 2040 103 42 being
792 2050 20 24 a
834 2039 187 44 neglectful
1043 2044 123 39 parent
1186 2039 69 35 and
1277 2039 76 34 that
1373 2039 61 35 she
1454 2049 70 24 was

311 2089 156 43 engaged
482 2090 34 34 in
531 2101 20 23 a
566 2089 89 43 legal
669 2089 110 35 battle
793 2089 107 35 about
913 2089 60 35 the
986 2089 145 44 custody
1145 2088 39 35 of
1195 2089 61 35 her
1270 2088 164 35 children.
1449 2088 75 35 The

312 2145 158 37 attorney
489 2140 87 33 later
595 2139 116 35 asked:
733 2138 58 35 “If
808 2140 157 33 Herman
985 2138 154 35 Holland
1158 2139 27 33 is
1204 2138 179 35 convicted
1401 2138 39 35 of
1455 2138 68 34 this

311 2189 128 43 charge
451 2199 38 24 or
502 2200 68 32 any
582 2188 99 36 other
694 2188 196 44 significant
902 2189 139 42 charge,
1055 2189 15 34 I
1084 2199 138 24 assume
1234 2188 77 35 that
1323 2187 76 36 that
1411 2187 113 35 would

311 2250 137 23 remove
457 2249 65 24 one
531 2239 167 43 potential
707 2239 137 35 witness
854 2239 77 34 that
939 2249 67 33 you
1016 2238 114 35 would
1139 2238 87 35 have
1235 2249 20 24 a
1265 2237 155 45 problem
1429 2237 93 41 with,

311 2288 165 35 wouldn’t
488 2289 72 34 it?”
573 2288 75 35 The
659 2293 99 30 court
769 2289 159 44 properly
940 2288 177 35 sustained
1129 2288 60 34 the
1200 2288 128 35 State’s
1340 2287 182 44 objection,

312 2339 119 42 noting
449 2339 76 34 that
543 2338 59 35 the
619 2338 158 43 question
795 2349 71 24 was
884 2338 286 43 argumentative.
1189 2338 75 34 Not
1281 2337 80 44 only
1378 2348 69 24 was
1465 2337 59 34 the

312 2388 157 44 question
487 2388 287 43 argumentative;
790 2388 27 34 it
833 2387 184 36 contained
1033 2387 244 35 unwarranted
1294 2387 230 44 assumptions
