1670 2701
1288 261 63 34 581

237 400 39 34 In
285 402 161 33 Brown v.
455 401 113 40 State,
579 401 68 34 262
656 401 85 34 Ark.
752 402 157 40 298, 556
918 401 145 35 S.W.2d
1071 402 68 33 418
1151 401 138 43 (1977),
1297 402 61 34 the

144 450 191 34 defendant
348 449 101 35 made
461 450 59 34 the
531 461 97 24 same
640 456 193 38 argument.
848 451 123 34 Brown
983 451 149 34 testified
1145 451 76 35 that
1233 451 43 34 he
1287 462 70 23 was

144 499 35 34 in
196 499 178 44 Memphis
390 505 35 29 at
440 499 59 35 the
513 500 85 34 time
612 499 40 35 of
664 500 59 34 the
738 500 156 43 robbery.
910 501 34 34 A
959 500 137 35 witness
1112 511 69 24 was
1196 501 110 34 called
1322 505 35 29 to

145 548 119 43 testify
275 549 76 35 that
362 549 122 34 Brown
496 549 206 44 telephoned
713 549 60 35 her
784 550 76 34 that
870 549 144 44 evening
1026 549 68 36 and
1105 550 75 35 said
1190 551 44 34 he
1243 561 70 24 was
1323 550 35 34 in

146 599 189 43 Memphis.
357 599 74 34 The
452 603 187 30 statement
660 610 70 24 was
752 599 166 35 excluded
940 610 37 24 as
999 600 157 43 hearsay,
1179 600 90 34 Rule
1291 601 63 34 801

145 648 128 43 having
285 659 44 24 no
341 648 210 44 application
563 654 37 29 to
611 649 61 34 the
682 659 91 31 case,
785 649 150 35 because
946 649 159 41 “Brown,
1117 649 30 35 if
1157 649 120 44 guilty,
1289 649 70 36 had

146 698 60 34 the
231 708 97 25 same
353 698 126 35 motive
505 698 54 35 for
584 698 209 35 fabrication
819 698 98 35 when
943 699 44 35 he
1013 698 103 36 made
1141 700 59 34 the
1225 699 134 44 alleged

146 747 183 43 telephone
338 748 66 34 call
414 759 37 23 as
461 748 43 34 he
513 748 70 35 had
593 748 99 35 when
702 748 44 35 he
755 749 148 34 testified
913 749 35 34 in
958 748 59 35 the
1026 749 114 35 case.”
1150 750 66 34 We
1225 749 133 35 further

146 797 114 35 stated
276 798 34 34 in
325 797 147 35 Kitchen
486 809 30 23 v.
531 798 114 41 State,
662 799 63 34 271
745 799 84 34 Ark.
850 800 28 39 1,
894 799 67 34 607
977 798 144 35 S.W.2d
1138 800 65 34 345
1222 798 136 44 (1980),

146 847 60 35 the
230 852 203 30 statements
457 858 89 24 were
570 853 60 29 not
654 848 200 35 admissible
878 848 173 35 “because
1073 849 60 35 the
1156 849 127 35 motive
1306 849 53 35 for

147 896 209 36 fabrication
372 908 71 24 was
460 908 38 24 as
515 903 99 38 great
629 898 100 35 when
746 898 60 35 the
821 898 75 35 first
912 903 188 31 statement
1115 910 71 24 was
1203 899 102 35 made
1321 910 38 24 as

147 947 100 35 when
267 947 59 35 the
346 947 185 44 testimony
550 958 71 25 was
641 948 134 44 given.”

238 1022 188 44 Similarly,
436 1023 206 44 appellant’s
651 1023 128 36 motive
786 1024 35 34 in
830 1023 195 45 describing
1033 1025 61 34 the
1101 1024 159 45 shooting
1269 1036 37 24 as
1315 1036 45 24 an

147 1071 160 36 accident
321 1077 36 30 at
372 1073 58 34 the
444 1072 84 35 time
542 1073 40 35 of
593 1079 110 30 arrest
717 1084 70 24 was
801 1074 59 35 the
874 1085 96 24 same
984 1085 39 24 as
1037 1074 27 35 it
1077 1075 113 34 would
1205 1074 43 35 be
1261 1075 98 35 when

147 1122 115 43 giving
274 1123 77 34 that
362 1123 186 44 testimony
560 1128 36 30 at
607 1123 90 35 trial.
711 1123 74 35 The
796 1129 98 30 court
905 1134 70 25 was
987 1129 133 30 correct
1131 1124 35 34 in
1178 1124 182 43 excluding

148 1171 59 34 the
227 1172 186 43 testimony
432 1183 38 23 as
490 1172 157 44 hearsay.

731 1256 49 33 IV

284 1329 381 35 INTRODUCTION
686 1330 62 35 OF
768 1330 217 35 HASHISH
1007 1331 219 35 REFUSED

356 1403 74 35 The
447 1404 83 35 final
547 1404 97 44 point
661 1404 40 35 of
715 1415 94 24 error
826 1415 164 25 concerns
1008 1416 21 24 a
1047 1406 101 34 small
1165 1411 144 30 amount
1325 1406 40 34 of

148 1452 143 36 hashish
305 1453 108 35 found
427 1454 34 35 in
477 1454 115 35 Frank
606 1454 127 36 Rock’s
748 1455 86 35 shirt
848 1456 123 43 pocket
986 1455 175 44 following
1175 1456 59 35 the
1247 1456 113 36 shoot­

147 1503 69 44 ing.
234 1503 113 36 There
363 1504 28 34 is
408 1515 44 24 no
468 1504 103 44 proof
584 1504 77 35 that
678 1505 43 35 he
738 1505 69 35 had
823 1505 85 35 used
924 1506 38 41 it,
978 1517 63 24 nor
1057 1506 94 35 what
1166 1507 60 34 the
1241 1507 121 35 effects

148 1553 112 44 might
279 1554 43 34 be
339 1553 30 36 if
384 1554 43 35 he
444 1554 80 41 had,
543 1555 63 35 but
624 1555 177 44 appellant
819 1555 114 35 insists
951 1555 62 36 she
1030 1556 123 35 should
1171 1557 87 34 have
1275 1556 87 36 been

148 1603 186 43 permitted
351 1608 35 30 to
403 1604 86 35 offer
506 1604 68 35 this
592 1605 103 43 proof
708 1615 38 25 as
763 1605 125 43 having
906 1606 179 35 relevance
1101 1611 35 29 to
1153 1606 59 35 the
1228 1606 134 44 alleged

147 1653 129 35 violent
289 1654 163 35 behavior
465 1653 46 44 by
524 1654 110 35 Rock.
649 1655 75 34 The
737 1655 148 43 premise
898 1655 28 35 is
940 1661 57 29 too
1011 1655 212 44 conjectural
1236 1667 44 23 on
1294 1656 67 35 this

148 1702 121 35 record
295 1703 69 34 and
388 1703 154 35 whether
566 1704 44 34 its
635 1704 180 36 relevance
838 1705 196 34 warranted
1059 1711 209 38 acceptance
1291 1716 70 24 was

147 1752 122 35 within
286 1753 59 34 the
363 1753 80 34 trial
460 1753 127 35 court’s
605 1753 197 35 discretion.
820 1754 173 35 Hamblin
1008 1765 32 24 v.
1057 1755 114 41 State,
1190 1755 66 34 268
1276 1755 84 35 Ark.

148 1802 160 39 497, 597
321 1802 142 35 S.W.2d
476 1803 67 34 589
557 1802 139 44 (1980);
707 1802 144 36 Shelton
860 1814 31 24 v.
903 1804 111 41 State,
1026 1805 67 34 287
1105 1805 85 34 Ark.
1203 1805 157 41 322, 699

148 1851 145 34 S.W.2d
314 1852 66 34 728
404 1851 137 43 (1986).

240 1925 180 35 Affirmed.

240 2000 161 40 Purtle,
421 2001 43 40 J.,
484 2005 60 29 not
563 2001 258 44 participating.
