1661 2688
432 388 207 34 determines
654 387 153 35 whether
822 387 27 34 it
864 387 27 33 is
907 397 41 24 ex
964 391 75 39 post
1055 386 104 34 facto.
1180 386 70 34 The
1265 385 138 35 critical
1416 396 102 32 ques-

434 440 72 32 tion
519 440 30 33 is
562 436 153 36 whether
727 437 57 35 the
798 437 66 34 law
876 435 150 46 changes
1040 435 57 35 the
1111 435 92 45 legal
1215 446 253 32 consequences
1480 433 45 45 of

432 494 75 28 acts
528 486 199 45 completed
744 487 119 44 before
883 489 46 32 its
949 487 155 43 effective
1124 485 91 36 date.

310 250 66 33 488

311 560 199 43 (Emphasis
531 559 128 42 added)

492 631 112 34 There
617 641 59 23 are
690 635 67 29 two
770 629 132 35 critical
916 630 165 34 elements
1095 629 111 34 which
1220 633 93 29 must
1326 628 43 34 be
1382 633 136 39 present

308 680 54 35 for
385 691 20 23 a
430 680 157 34 criminal
612 679 101 44 penal
737 680 66 34 law
827 684 35 29 to
886 679 43 34 be
952 690 41 23 ex
1017 683 76 39 post
1117 677 104 36 facto:
1251 677 32 43 1)
1310 677 26 34 it
1360 682 92 30 must
1476 677 43 34 be

308 729 253 44 retrospective,
574 729 76 35 that
663 729 39 41 is,
715 729 27 35 it
754 734 92 29 must
858 728 104 45 apply
975 734 35 29 to
1022 733 116 30 events
1150 727 181 43 occurring
1344 727 118 35 before
1474 727 43 34 its

308 784 208 35 enactment,
531 779 68 35 and
614 778 36 43 2)
666 779 26 34 it
705 784 92 30 must
810 778 248 44 disadvantage
1071 778 59 34 the
1142 777 155 36 offender
1310 777 150 35 affected
1473 777 45 43 by

309 830 36 34 it.
361 829 148 35 Neither
524 829 39 34 of
575 829 98 34 those
687 834 67 29 two
769 829 165 34 elements
950 829 27 34 is
993 833 137 39 present
1145 827 34 35 in
1195 828 58 34 the
1268 838 79 24 case
1362 833 36 29 at
1413 826 103 36 hand.

308 880 85 33 Ark.
403 879 89 34 Stat.
503 880 91 33 Ann.
607 879 17 42 §
635 879 154 34 43-2829
801 879 37 33 B.
851 877 67 43 (3),
928 878 158 34 effective
1094 878 99 43 April
1207 878 142 40 1,1977,
1359 878 62 34 has
1431 877 34 34 in
1474 887 44 24 no

307 940 76 32 way
393 928 87 34 been
491 928 137 44 applied
639 933 35 29 to
685 928 204 44 appellant’s
901 928 91 43 prior
1002 927 132 34 federal
1145 927 116 43 felony
1271 927 202 34 conviction.
1486 927 31 33 It

308 989 69 23 was
388 978 79 42 only
478 977 137 44 applied
626 982 35 29 to
672 977 204 44 appellant’s
889 978 41 33 35
943 988 82 32 year
1035 981 90 29 state
1135 976 116 44 felony
1261 976 192 35 conviction
1465 976 53 34 for

308 1038 92 33 rape.
411 1027 74 34 The
495 1038 82 32 rape
585 1038 70 23 was
665 1026 202 35 committed
877 1026 34 34 in
921 1027 88 42 May
1023 1027 98 39 1978,
1132 1026 79 43 long
1221 1026 91 34 after
1321 1025 59 35 the
1389 1031 129 29 statute

308 1077 82 34 took
409 1076 113 34 effect.
543 1076 113 34 There
675 1076 28 33 is
724 1086 43 24 no
787 1087 41 23 ex
848 1080 76 39 post
944 1075 94 35 facto
1057 1075 174 34 violation.

398 1147 179 35 Affirmed.

398 1219 159 40 Purtle,
579 1219 42 40 J.,
642 1223 59 29 not
722 1217 253 45 participating.

332 1410 267 35 AMERICAN
620 1410 259 35 TRUCKING
899 1410 148 41 ASS’N,
1070 1409 109 42 INC.,
1201 1415 34 29 et
1255 1410 43 34 al.
1320 1420 28 23 v.
1371 1411 120 42 Henry

317 1461 41 34 C.
380 1461 148 41 GRAY,
550 1460 85 41 Dir.,
656 1460 178 35 Arkansas
855 1459 172 45 Highway
1051 1461 33 33 &
1106 1460 145 44 Transp.
1273 1459 115 44 Dep’t,
1409 1465 34 29 et
1462 1459 44 35 al.

359 1510 69 35 and
447 1510 267 35 AMERICAN
735 1510 259 35 TRUCKING
1014 1510 149 41 ASS’N,
1185 1510 110 41 INC.,
1316 1515 34 29 et
1370 1510 44 34 al.
1435 1521 28 23 v.

356 1560 145 34 Charles
522 1561 42 33 D.
586 1560 252 40 RAGLAND,
860 1559 156 35 Comm’r
1036 1559 39 35 of
1092 1560 192 40 Revenues,
1305 1560 163 34 Revenue

806 1609 89 41 Div.,
916 1615 34 29 et
970 1610 44 34 al.

308 1682 126 33 85-101
462 1681 33 34 &
519 1682 129 33 85-112

1196 1682 67 33 707
1285 1680 143 35 S.W.2d
1449 1681 66 34 759

633 1753 169 43 Supreme
822 1753 111 34 Court
952 1752 41 35 of
1008 1752 179 35 Arkansas

584 1802 151 43 Opinion
755 1801 172 36 delivered
946 1802 100 44 April
1071 1803 52 39 14,
1149 1803 87 34 1986

330 1850 250 40 [Supplemental
599 1850 137 40 Opinion
754 1860 40 22 on
813 1850 113 32 Denial
945 1850 36 32 of
996 1850 180 40 Rehearing
1195 1851 80 39 May
1294 1851 50 36 27,
1367 1850 123 39 1986.*]

372 2389 151 30 *Hickman,
539 2389 30 30 J.,
586 2389 80 25 would
681 2393 82 28 grant;
778 2389 92 30 Purtle,
886 2389 30 30 J.,
932 2393 43 22 not
990 2388 185 34 participating.
