1632 2696
91 446 144 39 support
251 441 59 34 the
325 440 79 35 trial
419 440 128 34 court’s
563 439 127 40 action,
707 450 50 23 we
773 438 72 35 also
860 437 94 35 can’t
969 448 135 23 reverse
1119 436 114 35 unless
1249 435 59 35 the

92 491 121 35 record
235 491 252 34 demonstrates
509 494 170 39 apparent
702 499 103 24 error.
827 487 158 35 Sharum
1006 498 31 23 v.
1060 485 156 42 Dodson,
1239 486 68 34 264

92 542 85 34 Ark.
194 542 55 40 57,
265 542 65 34 568
345 540 142 35 S.W.2d
503 540 65 34 503
585 538 139 44 (1978).
737 540 185 41 Kimery v.
936 536 190 44 Shockley,
1141 536 67 35 226
1222 536 85 34 Ark.

93 592 160 40 437, 290
263 590 142 35 S.W.2d
415 591 68 34 442
495 589 139 44 (1956).
644 588 218 45 Appellant’s
872 592 184 39 argument
1065 586 80 35 fails
1154 586 53 35 for
1216 591 92 29 want

93 641 39 35 of
150 653 20 23 a
191 641 131 35 record.

1262 295 43 33 37

185 720 190 44 Appellant
388 720 119 34 makes
520 730 66 23 one
598 718 97 44 point
708 717 119 35 within
840 717 68 35 this
921 717 67 34 last
1001 721 184 39 argument
1198 715 112 35 which

94 775 169 30 warrants
291 781 63 23 our
382 769 180 35 attention.
591 769 76 34 The
694 773 99 29 court
820 766 146 45 granted
995 766 112 35 Linda
1135 766 126 43 Young
1290 776 20 24 a

95 820 259 44 proportionate
363 820 101 33 share
473 819 40 34 of
519 819 60 34 the
589 818 153 43 military
752 817 141 44 pension
903 816 205 43 amounting
1118 820 36 30 to
1163 826 65 24 one
1238 814 76 35 half

95 870 40 34 of
153 868 180 47 18/20ths.
350 869 74 34 The
440 868 121 35 record
578 868 157 34 however
750 867 81 34 does
848 871 60 30 not
925 871 143 38 support
1083 865 77 35 that
1177 864 68 35 and
1261 876 51 23 we

96 930 139 23 assume
244 930 20 23 a
273 918 138 35 clerical
420 928 93 25 error
522 928 70 24 was
601 916 114 35 made.
725 916 189 44 Appellant
923 915 141 35 entered
1073 915 59 34 the
1141 914 128 35 service
1278 914 34 34 in

96 970 156 42 January
276 969 87 34 1960
383 967 68 35 and
470 967 127 35 retired
617 967 35 34 in
671 967 155 42 January
849 966 98 34 1980.
967 965 76 34 The
1061 965 144 42 Youngs
1224 975 89 23 were

97 1018 152 35 married
272 1018 35 34 in
330 1019 164 42 January,
522 1017 87 34 1963
634 1016 69 35 and
726 1015 183 45 separated
932 1015 35 34 in
994 1015 99 34 1984.
1117 1014 74 35 The
1213 1013 100 35 order

97 1068 124 35 should
235 1068 43 35 be
291 1067 163 35 modified
467 1073 36 29 to
516 1072 103 38 grant
632 1066 156 44 appellee
800 1065 160 35 one-half
969 1064 40 35 of
1023 1063 170 47 17/20ths
1206 1063 39 35 of
1255 1064 59 34 the

97 1118 154 44 military
271 1118 155 34 benefits.

189 1196 171 35 Affirmed
381 1207 37 24 as
438 1195 175 36 modified.

190 1276 161 41 Purtle,
372 1276 42 41 J.,
435 1280 60 30 not
515 1274 257 45 participating.

192 1357 199 39 Hickman,
412 1355 42 41 J.,
475 1354 158 35 dissents.

192 1435 181 34 Darrell
391 1435 198 39 Hickman,
609 1432 142 41 Justice,

770 1432 201 43 dissenting.
991 1432 15 34 I
1025 1442 59 24 am
1102 1431 39 34 of
1156 1431 59 34 the
1231 1431 85 34 view

100 1485 78 33 that
190 1484 154 34 Paulsen
355 1494 31 24 v.
400 1483 164 41 Paulsen,
579 1483 67 34 269
660 1482 86 35 Ark.
762 1483 78 39 523,
855 1482 64 34 601
936 1480 145 36 S.W.2d
1095 1482 66 33 873
1178 1480 138 43 (1980),

100 1533 125 35 should
238 1539 60 29 not
310 1533 43 34 be
364 1532 190 41 overruled,
567 1543 38 24 so
618 1533 15 33 I
646 1532 140 34 dissent.
800 1532 15 34 I
828 1531 88 35 have
927 1531 195 44 previously
1134 1530 113 35 stated
1259 1539 58 34 my

100 1583 175 44 objection
287 1588 36 29 to
335 1583 59 34 the
406 1582 192 44 majority’s
610 1582 136 43 change
757 1581 39 35 of
805 1581 148 44 position
965 1581 35 34 in
1012 1582 79 42 Day
1102 1591 31 24 v.
1146 1582 89 41 Day,
1249 1580 63 34 281

100 1634 87 34 Ark.
209 1634 80 40 261,
311 1634 66 34 663
399 1632 144 35 S.W.2d
564 1633 67 34 719
655 1631 137 44 (1984).

117 1913 114 35 Leslie
250 1914 39 34 T.
312 1913 195 35 CARTER
528 1923 28 24 v.
579 1912 138 43 George
737 1912 39 34 E.
797 1911 69 35 and
887 1910 117 35 Bessie
1024 1909 280 36 MATTHEWS

104 1993 132 35 85-192

998 1991 64 34 701
1087 1989 144 36 S.W.2d
1252 1990 67 35 374

433 2071 171 44 Supreme
625 2071 111 34 Court
756 2070 39 35 of
811 2070 179 34 Arkansas

357 2121 152 43 Opinion
529 2120 174 35 delivered
723 2120 154 43 January
901 2121 53 39 13,
979 2120 88 33 1986
