1641 2698
314 285 63 33 102

399 502 81 35 Joel
504 504 45 33 W.
571 504 109 39 Price,
702 502 53 35 for
775 503 187 43 appellant.

398 579 105 34 Steve
521 579 120 40 Clark,
659 580 99 42 Att’y
775 579 100 41 Gen.,
894 579 54 43 by:
966 579 81 34 Joel
1064 579 38 34 O.
1121 581 173 42 Huggins,
1311 580 94 34 Asst.
1423 580 99 43 Att’y

308 629 101 40 Gen.,
431 628 53 34 for
504 628 165 44 appellee.

400 704 161 34 George
578 704 99 34 Rose
694 704 131 40 Smith,
843 704 141 34 Justice.

1001 705 76 33 The
1092 705 176 42 appellant
1284 716 70 23 was
1371 704 150 43 charged

308 754 82 33 with
406 754 118 39 incest,
540 754 34 33 in
588 753 76 34 that
678 754 44 33 he
736 753 68 34 had
819 753 118 35 sexual
951 754 212 34 intercourse
1176 754 82 34 with
1272 754 52 34 his
1339 754 181 42 daughter,

308 802 82 34 then
414 803 38 33 19
471 813 98 32 years
587 802 67 34 old.
673 803 74 34 The
764 803 205 43 appellant’s
987 803 151 40 defense,
1156 804 182 42 voluntary
1355 804 165 34 intoxica-

308 851 83 41 tion,
404 862 70 23 was
487 851 189 35 submitted
688 857 37 29 to
736 852 60 33 the
804 852 80 43 jury
897 852 34 34 in
944 852 129 34 AMCI
1087 853 137 33 4005.1.
1237 852 75 34 The
1320 853 80 42 jury
1413 852 107 35 found

308 901 59 33 the
376 900 190 35 defendant
575 901 110 43 guilty
695 900 68 35 and
773 900 154 44 imposed
938 912 20 23 a
968 901 164 44 five-year
1141 902 115 43 prison
1266 907 170 29 sentence.
1447 902 74 34 The

308 960 79 24 case
407 961 69 23 was
495 950 213 35 transferred
729 956 35 29 to
784 961 39 24 us
844 962 37 23 as
902 951 197 43 presenting
1119 962 44 23 an
1184 951 90 35 issue
1294 951 39 34 of
1350 956 171 39 statutory

307 1000 245 35 construction.
567 1001 89 34 Rule
669 1000 172 44 29(l)(c).
853 1002 75 34 The
939 1001 65 35 five
1016 1001 113 44 points
1142 1001 52 35 for
1206 1002 149 34 reversal
1367 1001 107 35 relate
1485 1007 36 29 to

308 1051 59 34 the
376 1050 73 36 voir
459 1050 74 36 dire
543 1051 39 35 of
590 1051 59 34 the
656 1051 81 44 jury
748 1051 68 34 and
827 1056 36 30 to
874 1052 59 34 the
943 1051 243 44 admissibility
1197 1051 68 35 and
1276 1051 199 45 sufficiency
1485 1052 39 35 of

308 1101 171 35 evidence.
495 1102 65 34 We
572 1101 44 35 do
629 1107 59 29 not
702 1101 71 35 find
786 1113 68 32 any
867 1101 91 36 basis
972 1101 53 35 for
1038 1101 194 44 disturbing
1245 1102 59 34 the
1316 1102 203 35 conviction.

397 1177 76 35 The
486 1178 213 43 prosecutrix
713 1178 148 34 testified
876 1178 76 34 that
966 1178 61 35 she
1040 1178 69 35 had
1124 1189 20 23 a
1157 1179 94 43 baby
1264 1178 99 35 when
1377 1178 61 35 she
1451 1190 69 23 was

308 1228 120 33 twelve
444 1227 68 34 and
529 1228 103 42 living
649 1228 82 34 with
748 1227 60 34 her
824 1227 132 44 family.
974 1228 141 43 Shortly
1131 1228 90 35 after
1237 1228 76 34 that
1329 1229 62 34 her
1406 1228 115 35 father

308 1276 111 43 began
448 1276 156 43 fondling
631 1277 61 34 her
720 1277 67 35 and
816 1278 194 43 eventually
1037 1277 70 35 had
1134 1289 58 23 sex
1220 1278 82 34 with
1330 1278 70 35 her.
1429 1278 91 35 That

306 1326 187 35 continued
506 1326 87 35 until
606 1327 61 34 she
679 1338 70 23 was
761 1333 193 35 seventeen,
967 1328 100 34 when
1080 1327 61 34 she
1152 1327 151 35 married
1316 1327 69 35 and
1397 1328 123 34 moved

307 1381 36 29 to
372 1387 44 23 an
446 1382 197 37 apartment
672 1377 82 34 with
784 1377 60 34 her
874 1377 169 34 husband.
1074 1377 71 34 She
1174 1377 68 35 and
1271 1377 61 34 her
1361 1377 159 35 husband

307 1425 193 44 separated,
522 1426 62 34 but
604 1426 61 34 she
684 1427 81 43 kept
785 1426 59 35 the
864 1432 208 39 apartment.

398 1501 119 34 About
543 1513 20 23 a
589 1502 96 33 week
709 1501 120 35 before
854 1503 59 33 the
938 1502 132 34 offense
1095 1503 60 33 the
1180 1502 189 35 defendant
1395 1503 47 33 let
1467 1503 52 34 his

307 1550 171 43 daughter
494 1551 99 33 know
609 1551 76 33 that
701 1551 44 34 he
761 1551 136 34 wanted
914 1556 35 28 to
965 1551 87 34 have
1068 1562 59 23 sex
1142 1552 83 33 with
1241 1551 61 34 her
1319 1551 113 43 again.
1450 1552 70 33 She

306 1599 149 34 testified
466 1599 76 35 that
553 1600 60 34 she
623 1599 59 34 did
693 1605 59 29 not
763 1600 118 34 intend
892 1605 35 29 to
938 1601 126 42 permit
1075 1600 26 33 it
1111 1600 69 34 and
1191 1600 144 34 enlisted
1347 1601 59 33 the
1416 1600 57 34 aid
1483 1601 40 33 of

306 1659 21 23 a
340 1648 124 41 friend,
476 1649 77 34 who
565 1649 111 34 called
688 1649 60 34 the
759 1649 120 43 police.
892 1648 76 35 The
979 1649 116 34 officer
1107 1649 76 34 said
1193 1650 78 33 that
1282 1650 60 33 the
1353 1649 111 44 police
1475 1649 44 35 do

307 1703 59 29 not
378 1703 57 29 act
447 1698 113 34 unless
573 1708 20 25 a
605 1698 189 44 complaint
806 1698 28 34 is
847 1698 112 35 made.
972 1699 75 34 The
1058 1699 213 44 prosecutrix
1283 1698 148 36 testified
1443 1699 76 35 that

306 1748 98 34 when
431 1747 60 35 her
516 1748 115 35 father
656 1748 206 44 telephoned
887 1749 61 34 her
974 1749 76 35 that
1075 1748 44 35 he
1143 1760 69 24 was
1238 1749 137 44 coming
1400 1754 35 29 to
1460 1750 59 34 the

306 1803 209 38 apartment,
527 1798 60 35 she
599 1798 103 43 again
713 1798 113 35 called
837 1799 61 34 her
910 1797 123 37 friend.
1047 1800 55 34 He
1113 1799 149 35 testified
1273 1799 77 35 that
1361 1799 43 35 he
1415 1799 104 35 drove

306 1858 79 24 over
407 1847 97 35 there
527 1848 68 35 and
617 1848 158 35 watched
797 1848 59 35 the
877 1848 191 36 defendant
1090 1849 110 35 arrive
1221 1849 35 34 in
1278 1849 52 35 his
1352 1860 69 24 car.
1445 1850 74 34 The

306 1898 212 43 prosecutrix
528 1898 149 34 testified
687 1899 76 34 that
773 1898 61 34 her
844 1898 115 35 father
969 1898 141 35 entered
1120 1899 58 34 the
1187 1904 208 39 apartment,
1406 1899 112 43 began

305 1947 157 43 fondling
472 1947 71 42 her,
553 1947 68 35 and
632 1948 195 43 eventually
836 1947 70 36 laid
916 1948 61 34 her
986 1959 44 24 on
1039 1960 21 23 a
1070 1949 105 43 pallet
1184 1948 68 35 and
1262 1949 256 43 accomplished

306 1997 52 34 his
369 2008 157 33 purpose.
539 1998 70 34 She
619 1998 75 34 said
705 1998 77 34 that
792 1998 35 34 in
838 1998 59 35 the
907 2003 77 38 past
995 1998 43 35 he
1048 1998 70 35 had
1128 1998 203 35 threatened
1341 2004 36 29 to
1387 1998 59 35 kill
1457 1999 61 34 her

306 2047 30 34 if
344 2047 61 34 she
417 2047 71 34 told
501 2058 144 33 anyone.
659 2048 71 34 She
741 2047 75 35 said
828 2048 44 34 he
883 2059 70 23 was
966 2053 59 30 not
1037 2048 210 35 intoxicated
1259 2048 77 35 that
1347 2048 169 44 morning.

395 2122 76 35 The
490 2123 177 44 appellant
686 2123 150 35 testified
855 2124 78 35 that
952 2124 45 34 he
1015 2124 70 35 had
1105 2124 87 34 been
1212 2135 45 24 an
1277 2124 168 35 alcoholic
1465 2124 53 35 for

306 2183 105 33 many
422 2183 109 32 years.
546 2174 55 33 He
612 2173 176 43 professed
800 2178 36 30 to
848 2174 193 34 remember
1053 2174 143 43 nothing
1208 2173 106 35 about
1325 2174 59 35 the
1395 2174 123 34 earlier

305 2222 169 35 incidents
487 2223 68 34 and
567 2222 58 35 did
638 2228 59 29 not
709 2233 57 24 see
777 2223 76 34 how
866 2224 81 42 they
958 2223 102 35 could
1072 2223 87 34 have
1170 2223 191 44 happened.
1375 2224 56 34 He
1443 2224 75 34 said

304 2271 77 35 that
392 2282 44 24 on
448 2272 59 34 the
519 2272 159 43 morning
689 2272 40 34 of
737 2272 59 34 the
808 2272 134 43 alleged
954 2273 131 34 offense
1097 2273 43 33 he
1151 2273 69 34 had
1232 2272 113 35 drunk
1356 2273 80 34 beer
1448 2273 69 34 and

305 2321 141 44 whisky.
466 2322 64 34 His
547 2322 182 42 daughter,
747 2322 185 43 according
949 2327 36 29 to
1001 2322 52 35 his
1070 2322 144 41 version,
1231 2322 111 35 called
1359 2322 73 35 him
1449 2322 68 35 and

305 2371 105 35 asked
428 2371 72 34 him
517 2377 35 29 to
567 2382 99 24 come
682 2377 35 29 to
734 2372 61 34 her
811 2376 208 40 apartment.
1037 2373 56 34 He
1108 2371 104 36 drove
1227 2382 80 24 over
1322 2372 107 35 there.
1447 2372 71 35 She

305 2421 181 43 explained
497 2422 77 34 that
585 2421 61 34 she
656 2433 70 23 was
738 2422 144 34 worried
893 2421 107 35 about
1012 2433 95 23 some
1118 2422 76 34 bills
1206 2423 61 33 her
1277 2421 159 36 husband
1448 2422 69 35 had
