1632 2696
126 406 77 34 that
225 406 95 34 since
342 406 58 34 the
421 406 183 44 appellees,
627 406 168 44 plaintiffs
818 406 120 41 below,
961 405 59 35 did
1042 411 60 29 not
1124 417 99 23 move
1244 405 54 35 for
1320 417 21 23 a

126 455 155 35 directed
292 455 141 41 verdict,
446 456 81 43 they
539 466 89 24 were
640 455 186 44 precluded
838 456 44 43 by
894 456 129 34 ARCP
1035 456 91 34 Rule
1138 455 98 43 50(e)
1249 455 92 35 from

127 505 139 43 moving
283 505 53 34 for
353 516 20 23 a
389 516 74 23 new
480 505 90 34 trial.
588 506 66 33 We
670 505 71 34 find
758 516 44 24 no
818 505 101 34 merit
935 511 36 29 to
988 505 68 34 this
1073 511 183 37 argument
1273 505 68 35 and

127 555 114 34 affirm
261 555 60 34 the
340 555 151 34 decision
511 554 40 35 of
567 555 60 34 the
646 555 80 34 trial
746 560 108 29 court.

1276 265 63 33 157

218 644 84 34 This
321 644 27 34 is
366 655 20 23 a
405 644 200 43 negligence
622 654 81 24 case
720 644 170 43 involving
909 655 44 23 an
972 644 159 35 accident
1148 644 154 35 between
1321 655 20 24 a

127 693 266 35 tractor-trailer
409 693 51 43 rig
476 693 69 35 and
562 704 20 24 a
598 704 69 24 car.
685 694 74 34 The
775 694 90 34 issue
881 693 39 35 of
933 694 148 43 liability
1096 705 69 23 was
1181 694 161 43 virtually

127 743 175 35 conceded
321 743 45 44 by
384 743 59 35 the
461 743 204 45 appellants.
684 743 75 35 The
777 744 193 43 appellants
989 754 59 24 are
1066 744 59 34 the
1143 743 111 35 driver
1273 743 68 36 and

128 804 115 23 owner
256 793 39 34 of
305 793 59 35 the
377 793 61 43 rig.
453 794 88 33 Mrs.
556 793 150 35 Roberts
719 804 69 24 was
802 793 135 44 injured
949 794 100 34 when
1063 793 61 35 her
1135 793 132 35 vehicle
1280 793 62 35 left

128 843 60 35 the
201 843 161 44 highway
374 843 154 35 between
542 843 208 44 Springdale
763 843 68 35 and
845 843 197 35 Huntsville
1054 854 44 24 on
1112 854 20 24 a
1145 854 112 24 curve.
1272 843 71 35 She

128 893 69 34 and
212 893 130 34 several
355 893 115 35 others
484 893 150 35 testified
648 893 77 35 that
738 894 148 43 Yeager,
901 894 59 34 the
973 894 102 34 truck
1087 893 123 42 driver,
1224 893 118 36 forced

129 943 61 34 her
200 943 52 34 off
259 943 60 35 the
329 943 93 35 road.
434 943 135 44 During
580 943 131 44 closing
722 949 199 38 arguments
932 944 59 35 the
1001 944 204 44 appellants’
1217 944 126 44 lawyer

128 993 76 35 said
220 993 89 35 “We
323 993 67 35 will
406 993 150 35 concede
571 993 60 35 the
645 993 159 36 accident
818 1005 70 24 was
903 1005 63 24 our
981 994 124 35 fault.”
1121 994 171 35 Evidence
1307 994 39 35 of

128 1043 60 35 the
203 1044 183 44 appellees’
402 1043 166 44 damages
584 1055 70 23 was
670 1044 213 41 introduced,
900 1044 63 35 but
978 1045 60 34 the
1048 1044 82 45 jury
1145 1044 161 35 returned
1322 1056 20 23 a

127 1093 133 35 verdict
280 1093 53 35 for
353 1094 59 34 the
432 1094 204 44 appellants.

313 1183 74 35 The
398 1183 172 45 appellees
582 1183 59 35 did
653 1189 60 29 not
724 1194 98 24 move
833 1183 54 35 for
898 1195 20 23 a
930 1183 155 35 directed
1095 1184 131 34 verdict
1237 1189 36 29 at
1284 1184 60 34 the

128 1233 93 34 close
230 1232 40 35 of
276 1233 59 34 the
344 1244 79 24 case
433 1233 62 35 but
505 1233 59 35 did
574 1244 99 24 move
683 1233 53 35 for
746 1245 20 23 a
773 1233 184 44 judgment
967 1234 307 43 notwithstanding
1284 1234 59 35 the

128 1282 142 41 verdict,
280 1283 112 34 which
401 1293 69 24 was
479 1282 136 42 denied,
625 1283 69 34 and
703 1283 83 34 then
795 1283 103 35 made
906 1294 20 24 a
936 1284 131 34 motion
1076 1283 54 35 for
1139 1295 21 23 a
1169 1295 73 23 new
1251 1284 90 34 trial.

128 1332 76 34 The
227 1332 193 43 appellants
444 1343 108 32 argue
575 1332 77 35 that
676 1333 90 34 Rule
791 1332 111 43 50(e),
927 1344 38 23 as
989 1333 211 44 interpreted
1223 1333 45 44 by
1291 1344 51 30 us,

129 1381 153 43 requires
295 1392 20 23 a
328 1381 153 44 plaintiff
489 1386 36 30 to
536 1392 100 24 move
647 1381 54 35 for
713 1393 21 24 a
746 1381 153 36 directed
909 1382 133 35 verdict
1053 1393 38 24 or
1103 1383 43 34 be
1157 1382 186 44 precluded

129 1430 91 36 from
232 1431 96 43 filing
341 1442 20 23 a
374 1431 130 35 motion
516 1431 54 35 for
583 1442 20 24 a
616 1442 74 24 new
702 1431 79 35 trial
794 1432 149 35 because
954 1432 59 35 the
1024 1432 132 35 verdict
1167 1432 28 35 is
1207 1432 136 44 against

129 1481 59 34 the
201 1481 280 44 preponderance
493 1481 39 35 of
541 1481 60 35 the
614 1481 172 36 evidence.
801 1482 90 35 Rule
905 1482 98 43 50(e)
1019 1482 62 35 has
1094 1482 144 44 nothing
1250 1487 36 30 to
1299 1482 44 35 do

128 1531 84 35 with
232 1531 85 35 such
338 1542 20 24 a
379 1531 130 35 motion
530 1531 54 35 for
604 1543 20 23 a
645 1543 74 23 new
740 1532 89 35 trial.
850 1532 92 35 That
962 1533 75 34 rule
1056 1532 167 44 provides:

254 1621 113 34 When
377 1621 97 34 there
482 1621 63 34 has
555 1621 87 34 been
652 1632 20 24 a
681 1622 79 34 trial
770 1622 45 43 by
820 1622 91 43 jury,
921 1622 60 34 the
989 1621 126 35 failure
1123 1622 40 34 of
1169 1633 20 23 a
1199 1627 100 39 party
1307 1627 36 30 to

254 1681 99 24 move
381 1670 53 35 for
463 1682 20 24 a
512 1670 154 36 directed
694 1671 131 35 verdict
854 1676 36 30 at
918 1671 60 35 the
1005 1672 199 34 conclusion
1232 1671 40 36 of
1297 1672 45 35 all

254 1720 172 42 evidence,
447 1731 38 24 or
505 1725 36 30 to
562 1732 100 24 move
681 1721 54 35 for
751 1721 185 44 judgment
956 1722 308 44 notwithstanding
1284 1722 60 35 the

252 1770 142 42 verdict,
424 1771 150 34 because
602 1771 39 34 of
667 1771 235 44 insufficiency
931 1772 40 36 of
996 1772 60 34 the
1085 1772 162 34 evidence
1275 1772 68 35 will

253 1820 187 35 constitute
465 1832 20 23 a
511 1820 126 35 waiver
663 1821 40 35 of
725 1832 68 33 any
818 1821 158 44 question
1002 1822 196 43 pertaining
1223 1827 36 29 to
1284 1822 60 35 the

253 1870 198 44 sufficiency
471 1870 39 35 of
527 1871 60 34 the
607 1870 163 36 evidence
789 1876 35 30 to
844 1877 143 39 support
1006 1872 60 34 the
1082 1872 81 44 jury
1181 1872 141 35 verdict.

360 1961 33 34 A
408 1966 100 38 party
522 1960 83 35 does
620 1966 60 30 not
694 1961 88 36 have
795 1966 36 30 to
845 1962 103 34 make
962 1973 21 23 a
998 1961 132 35 motion
1144 1962 126 43 testing
1284 1962 60 35 the

129 2010 200 43 sufficiency
344 2010 39 34 of
395 2010 59 34 the
469 2010 163 35 evidence
648 2016 36 29 to
699 2021 44 32 go
758 2016 36 29 to
809 2011 60 34 the
880 2011 81 43 jury
976 2022 38 23 as
1031 2022 20 23 a
1068 2012 225 43 prerequisite
1307 2017 36 28 to

129 2059 143 42 making
282 2069 21 23 a
314 2059 130 34 motion
455 2059 54 34 for
520 2070 20 23 a
551 2070 75 23 new
636 2060 91 33 trial.
739 2060 155 34 Motions
905 2060 54 34 for
969 2060 154 34 directed
1133 2060 131 34 verdict
1274 2060 69 34 and

125 2107 186 43 judgment
331 2108 307 43 notwithstanding
659 2108 59 35 the
737 2108 131 35 verdict
888 2120 60 23 are
967 2108 104 35 made
1090 2114 36 29 to
1146 2120 157 32 preserve
1323 2120 20 23 a

129 2156 88 35 later
228 2162 183 38 argument
421 2167 43 25 on
475 2157 60 35 the
544 2157 200 45 sufficiency
753 2158 40 35 of
800 2158 59 35 the
868 2158 163 35 evidence
1041 2163 36 30 to
1086 2169 44 33 go
1140 2163 36 30 to
1186 2158 59 35 the
1250 2158 91 44 jury.

128 2207 131 34 ARCP
280 2208 43 33 59
344 2207 209 44 specifically
573 2212 106 30 states
700 2219 20 23 a
741 2208 131 35 motion
892 2208 53 35 for
966 2219 20 24 a
1007 2219 74 24 new
1100 2209 80 34 trial
1200 2220 81 32 may
1301 2209 44 34 be

128 2256 148 43 granted
295 2256 53 35 for
366 2257 94 43 eight
478 2268 150 30 reasons,
647 2268 65 24 one
730 2257 39 35 of
783 2258 113 34 which
913 2258 28 34 is
959 2258 115 34 where
1091 2258 60 34 the
1167 2258 131 34 verdict
1315 2258 28 34 is

129 2306 129 44 clearly
276 2311 161 39 contrary
455 2312 36 29 to
509 2307 60 34 the
587 2307 280 44 preponderance
885 2307 40 35 of
939 2307 60 35 the
1017 2307 172 35 evidence.
1209 2308 95 34 Such
1322 2319 21 23 a

129 2356 132 35 motion
280 2356 82 35 does
380 2361 59 30 not
458 2362 67 29 test
544 2357 59 34 the
621 2357 199 44 sufficiency
838 2357 39 35 of
892 2357 60 35 the
970 2357 163 35 evidence
1150 2357 69 35 and
1237 2358 28 34 is
1284 2362 60 30 not

129 2406 187 44 precluded
337 2406 45 45 by
402 2407 91 34 Rule
514 2406 110 44 50(e).
