1672 2703
152 407 171 43 allegedly
332 407 213 41 committed,
556 408 69 34 and
634 408 80 35 thus
724 408 59 35 the
788 408 107 44 judge
903 419 71 24 was
983 414 133 30 correct
1125 409 35 35 in
1169 408 196 44 dismissing

152 457 60 35 the
232 457 125 35 action.

1297 269 64 34 583

339 533 181 42 Margaret
531 533 185 34 McEntire
726 532 68 35 had
804 532 141 35 silicone
954 533 165 44 implants
1129 533 122 44 placed
1260 534 35 33 in
1305 533 61 35 her

153 582 133 34 breasts
303 582 34 33 in
357 582 97 35 1978.
471 581 71 35 She
557 592 81 30 was,
655 588 37 28 at
707 582 76 35 that
798 583 94 40 time,
909 582 151 35 married
1076 587 35 30 to
1126 583 59 35 the
1200 583 164 44 appellee.

154 632 74 34 Her
237 632 189 43 complaint
435 632 134 42 alleged
579 633 77 33 that
665 632 35 35 in
714 633 88 34 1982
811 632 61 35 she
880 643 70 24 was
959 632 152 45 severely
1120 633 125 35 beaten
1254 633 45 43 by
1307 633 60 35 the

153 682 167 43 appellee,
337 681 68 35 and
421 682 59 34 the
496 682 137 43 battery
649 682 128 35 caused
793 694 44 23 an
853 682 147 44 implant
1016 688 36 30 to
1068 683 108 41 burst,
1193 683 87 41 leak,
1297 683 69 35 and

153 732 108 34 result
273 732 35 33 in
321 732 128 34 serious
462 737 205 38 permanent
680 732 124 44 injury,
818 732 167 43 although
997 733 27 34 it
1036 744 69 23 was
1118 733 249 35 unbeknownst

154 787 36 28 to
210 781 61 34 her
291 782 87 34 until
398 781 96 35 later.
517 782 184 43 Margaret
720 781 189 36 thereafter
928 793 70 23 was
1018 782 161 35 divorced
1199 782 90 35 from
1308 783 60 34 the

154 831 157 43 appellee
336 830 69 36 and
431 831 151 35 married
609 832 30 33 J.
667 833 43 33 A.
739 832 194 41 McEntire,
960 833 63 34 III.
1051 832 71 35 She
1148 832 133 44 alleged
1307 833 61 34 she

154 880 199 35 discovered
364 881 58 34 the
432 886 116 29 extent
558 881 40 34 of
605 881 61 34 her
676 881 114 44 injury
800 881 90 35 from
900 882 59 34 the
973 883 89 34 1982
1072 882 137 43 battery
1219 883 148 43 through

154 941 143 33 surgery
313 930 195 44 performed
523 932 140 42 August
679 932 56 40 27,
755 932 98 34 1984.
869 932 75 34 The
958 931 205 45 appellants’
1179 932 189 45 complaint

155 980 141 44 seeking
308 980 164 43 damages
485 981 53 34 for
551 982 159 43 personal
722 981 113 44 injury
847 981 53 35 for
913 982 183 43 Margaret
1108 981 69 36 and
1188 981 54 35 for
1253 983 67 34 loss
1332 983 39 34 of

154 1030 213 34 consortium
376 1030 53 35 for
439 1031 29 34 J.
479 1032 43 33 A.
535 1031 195 40 McEntire,
742 1031 62 41 III,
814 1042 69 23 was
892 1031 81 35 filed
982 1042 44 24 on
1037 1032 176 43 February
1222 1033 144 40 4,1985.

155 1079 75 35 The
253 1080 114 34 action
390 1091 69 23 was
481 1080 183 35 dismissed
687 1081 148 35 because
856 1082 85 34 Ark.
965 1081 89 35 Stat.
1078 1082 92 34 Ann.
1196 1082 17 42 §
1239 1083 125 34 37-201

157 1129 125 45 (Supp.
311 1129 103 43 1985)
439 1130 153 44 requires
615 1130 77 35 that
714 1142 45 24 an
782 1131 114 35 action
919 1131 54 35 for
995 1131 138 44 battery
1155 1132 43 35 be
1220 1132 148 43 brought

155 1179 121 35 within
297 1190 65 24 one
381 1190 81 34 year
483 1179 90 36 after
594 1180 58 35 the
672 1191 104 25 cause
796 1181 39 35 of
852 1181 115 35 action
987 1192 152 24 accrues.

472 1265 30 33 1.
529 1263 71 35 The
618 1263 225 44 Appellants’
860 1265 195 43 Argument

247 1337 76 35 The
332 1338 191 44 appellants
533 1338 149 35 contend
692 1339 60 34 the
761 1344 171 38 statutory
941 1349 165 34 one-year
1114 1339 118 44 period
1242 1339 58 35 did
1310 1345 60 29 not

155 1387 105 43 begin
268 1393 37 29 to
314 1398 64 24 run
386 1388 88 34 until
483 1387 60 36 the
551 1393 118 30 extent
677 1388 40 35 of
723 1388 60 35 the
791 1389 113 43 injury
913 1389 92 34 from
1013 1389 60 34 the
1081 1389 136 43 battery
1226 1389 144 35 became

156 1437 135 34 known.
307 1437 39 34 In
360 1443 141 38 support
515 1437 39 35 of
564 1438 68 34 this
647 1438 210 44 proposition
871 1438 82 45 they
965 1439 69 34 cite
1047 1438 59 35 the
1119 1439 78 35 four
1210 1450 95 24 cases
1319 1450 51 24 we

156 1497 76 24 now
253 1487 141 35 discuss.

250 1564 81 33 Urie
342 1574 30 23 v.
390 1562 211 45 Thompson,
616 1564 66 33 337
696 1563 84 35 U.S.
798 1564 62 34 163
877 1563 138 43 (1949),
1028 1564 28 34 is
1068 1563 92 35 cited
1172 1574 38 24 as
1222 1563 147 45 perhaps

156 1611 103 43 being
271 1611 60 35 the
341 1612 74 34 first
426 1622 79 25 case
515 1617 37 29 to
562 1623 63 23 use
635 1613 61 34 the
705 1612 332 45 time-of-discovery
1048 1613 75 35 rule
1133 1619 36 29 to
1180 1613 190 35 determine

156 1661 99 33 when
268 1672 20 23 a
300 1671 104 24 cause
415 1661 39 34 of
462 1661 116 34 action
590 1672 142 24 accrues
745 1661 53 34 for
810 1673 163 32 purposes
985 1662 40 34 of
1033 1663 163 43 applying
1209 1674 20 22 a
1241 1668 129 29 statute

155 1709 40 35 of
205 1710 214 34 limitations.
433 1710 112 34 There
558 1721 21 23 a
591 1710 162 35 worker’s
766 1721 104 24 cause
882 1711 39 34 of
931 1711 116 35 action
1059 1722 71 24 was
1143 1711 79 35 held
1234 1717 36 29 to
1283 1712 87 34 have

156 1758 149 35 accrued
330 1759 99 34 when
453 1759 59 35 the
536 1759 73 35 fact
633 1759 41 34 of
695 1760 52 34 his
772 1760 123 43 injury,
921 1761 66 40 i.e.,
1012 1761 59 34 the
1095 1761 214 35 contraction
1333 1761 40 35 of

155 1808 156 41 silicosis,
332 1809 143 35 became
495 1810 124 34 known
639 1814 36 30 to
695 1810 83 35 him.

248 1884 40 34 In
300 1884 228 44 Raymond v.
541 1884 60 36 Eli
612 1884 93 44 Lilly
720 1886 30 34 &
767 1886 73 41 Co.,
854 1886 63 34 371
933 1885 93 35 A.2d
1043 1887 65 34 170
1122 1885 112 44 (N.H.
1252 1886 117 43 1977),

156 1933 59 35 the
231 1934 155 43 plaintiff
398 1934 134 44 alleged
547 1935 79 34 that
640 1946 63 24 use
717 1935 40 35 of
769 1946 45 24 an
829 1936 74 34 oral
918 1936 257 43 contraceptive
1189 1936 180 35 manufac­

156 1984 101 33 tured
271 1984 44 42 by
327 1984 89 42 Lilly
428 1984 69 34 had
509 1984 129 34 caused
650 1985 128 42 optical
790 1985 246 42 hemorrhages
1048 1985 112 35 which
1173 1986 149 34 resulted
1334 1986 35 34 in

155 2033 62 33 her
236 2032 181 43 becoming
435 2033 126 43 legally
579 2033 106 35 blind.
704 2033 72 35 She
793 2033 58 35 did
869 2039 60 29 not
947 2034 96 35 learn
1060 2034 60 34 the
1137 2045 104 24 cause
1257 2034 40 35 of
1310 2035 59 34 the

156 2082 247 43 hemorrhages
419 2083 87 34 until
524 2093 96 24 more
636 2083 85 34 than
738 2083 51 34 six
806 2094 98 33 years
923 2083 75 43 (the
1014 2083 203 36 limitations
1233 2084 134 44 period)

156 2131 70 35 had
241 2132 134 44 passed.
394 2132 38 35 In
448 2143 44 24 an
508 2132 139 44 opinion
663 2133 192 44 answering
871 2144 20 23 a
906 2134 158 43 question
1080 2133 40 35 of
1131 2134 89 34 New
1236 2135 133 43 Hamp­

156 2181 93 35 shire
261 2182 66 34 law
339 2182 154 35 certified
506 2182 45 44 by
563 2183 60 35 the
635 2182 132 36 United
779 2183 116 35 States
909 2184 111 35 Court
1032 2183 39 36 of
1080 2184 153 44 Appeals
1246 2184 54 35 for
1312 2184 59 35 the

158 2231 89 36 First
270 2232 144 41 Circuit,
438 2232 107 36 Chief
564 2233 132 35 Justice
718 2234 152 35 Kenison
892 2233 167 36 reviewed
1081 2245 106 33 many
1208 2234 162 44 products

156 2282 149 44 liability
315 2293 96 24 cases
420 2283 84 34 with
515 2288 134 38 respect
660 2288 36 29 to
706 2289 146 29 statutes
863 2283 38 35 of
908 2284 204 34 limitations
1123 2283 69 35 and
1203 2284 59 34 the
1271 2284 99 35 time-­

157 2331 231 44 of-discovery
407 2332 83 34 rule.
513 2332 65 34 His
599 2333 136 34 concise
755 2338 186 29 statement
961 2344 81 23 was:

283 2405 65 34 We
359 2405 130 35 believe
500 2405 77 35 that
589 2406 59 34 the
658 2416 125 34 proper
794 2406 224 35 formulation
1030 2406 39 35 of
1077 2406 60 35 the
1148 2406 74 35 rule
1233 2406 68 35 and
1312 2406 60 35 the
