1664 2693
122 422 64 34 Co.

1268 279 67 40 287

218 499 86 34 Carl
317 501 42 32 A.
379 500 108 38 Crow,
504 500 64 39 Jr.,
586 498 82 43 City
684 499 109 43 Att’y,
811 497 68 36 and
897 498 39 34 G.
954 499 105 33 Latía
1074 497 182 39 Bachelor,
1274 498 64 40 III,

124 549 141 43 Deputy
281 549 81 43 City
376 549 109 43 Att’y,
501 548 53 34 for
569 548 204 43 appellants,
790 548 81 43 City
885 547 40 35 of
937 548 73 34 Hot
1024 548 143 43 Springs
1183 547 68 34 and
1267 548 72 34 Hot

123 598 146 43 Springs
289 598 221 42 Advertising
531 597 69 35 and
620 598 139 34 Tourist
779 597 198 35 Promotion
999 597 243 35 Commission.

216 674 156 43 Harkey,
395 673 198 44 Walmsley,
612 673 115 35 Belew
746 675 30 33 &
795 673 252 44 Blankenship,
1065 673 55 44 by:
1138 672 94 36 John
1247 674 93 33 Nor-

124 734 83 24 man
227 723 157 43 Harkey,
406 724 53 34 for
479 723 166 44 appellee.

216 800 104 33 Steve
331 799 121 41 Clark,
462 799 99 43 Att’y
571 799 102 41 Gen.,
682 799 56 44 by:
750 800 119 34 Curtis
879 800 36 33 L.
926 798 156 42 Nebben,
1093 800 139 43 Deputy
1242 798 98 44 Att’y

125 849 102 40 Gen.,
249 849 53 34 for
323 849 203 40 intervenor,
548 849 100 34 State
668 849 39 34 of
724 849 188 35 Arkansas.

217 925 162 34 George
403 926 100 34 Rose
527 925 132 41 Smith,
684 925 141 35 Justice.

850 924 83 35 This
957 924 28 35 is
1010 936 20 23 a
1054 924 195 45 taxpayer’s
1273 925 68 34 suit

125 975 180 43 attacking
319 975 59 35 the
389 975 144 43 validity
545 974 40 35 of
595 986 20 23 a
630 976 210 40 $3,000,000
853 975 190 44 municipal
1056 975 92 35 bond
1162 975 90 35 issue
1264 975 77 34 that

125 1036 71 23 was
211 1025 74 34 sold
301 1025 178 44 primarily
493 1030 35 29 to
543 1036 68 33 pay
626 1025 147 43 existing
787 1025 208 43 obligations
1010 1025 39 35 of
1061 1026 122 43 Magic
1198 1025 143 44 Springs

125 1075 134 35 Theme
274 1076 100 40 Park,
391 1087 20 23 a
426 1075 169 45 privately
610 1075 121 35 owned
746 1080 218 30 amusement
980 1076 87 43 park
1082 1075 34 35 in
1131 1086 38 24 or
1185 1086 82 24 near
1282 1075 60 35 the

126 1125 83 44 City
231 1125 39 35 of
290 1127 72 33 Hot
384 1126 154 44 Springs.
562 1126 211 35 Creviston’s
795 1125 190 44 complaint
1007 1125 54 35 for
1082 1137 21 24 a
1125 1125 216 44 declaratory

123 1175 186 44 judgment
322 1176 68 34 and
403 1176 189 44 injunctive
604 1176 101 34 relief
715 1187 69 24 was
797 1175 81 36 filed
890 1176 36 34 in
942 1177 89 33 1984
1044 1176 137 43 against
1193 1176 59 34 the
1264 1175 78 35 four

127 1226 205 43 appellants:
351 1226 59 34 the
428 1226 82 43 City
527 1225 40 35 of
582 1227 73 33 Hot
673 1226 154 44 Springs,
846 1226 43 34 its
907 1225 223 44 Advertising
1152 1227 33 34 &
1204 1226 138 34 Tourist

127 1275 200 34 Promotion
346 1275 244 41 Commission,
610 1275 68 35 and
697 1281 67 29 two
783 1277 72 33 Hot
873 1275 145 44 Springs
1037 1276 120 34 banks.
1176 1275 103 35 After
1297 1286 45 24 an

127 1325 175 34 extensive
314 1325 78 35 trial
406 1326 59 34 the
477 1325 198 34 chancellor
688 1325 79 35 held
781 1326 76 34 that
869 1325 60 35 the
941 1325 110 35 bonds
1065 1336 59 24 are
1137 1325 138 41 invalid,
1289 1325 54 35 for

127 1375 98 35 three
236 1386 149 24 reasons:
397 1376 75 34 The
482 1375 110 34 bonds
603 1386 90 24 were
703 1381 60 29 not
774 1375 113 35 issued
898 1375 54 35 for
963 1375 59 35 the
1033 1375 308 35 “establishment”

127 1424 40 35 of
175 1425 60 34 the
246 1425 118 35 theme
375 1426 96 43 park;
483 1425 83 44 they
577 1436 90 24 were
679 1430 59 30 not
750 1424 114 36 issued
876 1425 54 35 for
942 1436 20 24 a
975 1425 117 44 public
1103 1435 157 35 purpose;
1273 1424 69 36 and

127 1475 82 43 they
223 1486 90 23 were
328 1480 58 29 not
400 1475 204 35 authorized
619 1476 46 43 by
679 1486 44 24 an
738 1475 156 35 election.
911 1476 65 34 We
991 1475 87 35 need
1092 1475 157 35 consider
1263 1476 80 43 only

128 1525 60 34 the
199 1530 128 29 matter
338 1525 39 34 of
385 1536 20 23 a
417 1525 117 44 public
546 1535 149 34 purpose
706 1525 68 35 and
786 1526 59 34 the
856 1525 87 34 need
955 1525 54 34 for
1020 1536 45 24 an
1077 1526 156 40 election,
1246 1525 98 34 those

129 1575 107 34 issues
257 1575 102 43 being
380 1575 157 35 decisive.

221 1651 122 43 Magic
362 1652 143 43 Springs
525 1662 70 24 was
614 1652 140 34 created
773 1653 35 33 in
832 1652 86 34 1978
940 1663 37 23 as
997 1663 20 23 a
1037 1652 168 44 privately
1224 1651 119 35 owned

128 1706 220 29 amusement
362 1702 95 43 park,
472 1701 83 35 with
570 1702 60 34 the
644 1702 89 43 hope
747 1702 76 35 that
837 1701 27 35 it
877 1701 114 35 would
1005 1702 44 34 be
1062 1701 192 45 profitable.
1270 1701 75 35 The

128 1756 192 38 promoters
334 1751 218 35 contributed
565 1762 97 23 some
674 1751 103 35 funds
790 1757 36 29 to
838 1751 59 34 the
910 1751 142 44 project,
1066 1751 62 35 but
1141 1751 59 35 the
1213 1751 84 34 bulk
1308 1751 39 35 of

128 1800 60 34 the
200 1800 112 34 initial
325 1806 73 29 cost
410 1811 70 24 was
493 1800 107 34 borne
613 1800 45 44 by
671 1811 20 24 a
705 1801 210 40 $4,000,000
928 1800 158 35 Garland
1100 1801 139 43 County
1252 1800 91 34 bond

128 1850 103 38 issue,
245 1850 143 33 secured
401 1855 36 28 at
450 1850 88 33 least
550 1850 36 33 in
598 1855 79 37 part
690 1850 45 42 by
748 1860 164 24 revenues
924 1855 37 28 to
973 1850 45 33 be
1029 1849 139 35 derived
1182 1849 91 34 from
1284 1850 60 33 the

128 1898 180 41 operation
329 1898 39 33 of
385 1898 58 33 the
463 1898 96 43 park.

220 1973 217 44 Apparently
451 1973 59 34 the
524 1978 144 29 venture
682 1973 65 35 lost
762 1984 124 33 money
901 1972 91 35 from
1006 1973 60 35 the
1080 1972 197 45 beginning.
1294 1973 50 44 By

132 2022 89 36 1982
232 2022 59 35 the
300 2028 127 40 county
436 2022 110 37 bonds
555 2034 90 25 were
654 2023 35 35 in
698 2023 145 42 default,
854 2023 69 35 and
932 2023 98 36 there
1039 2035 90 24 were
1138 2023 206 36 substantial

128 2073 100 36 debts
244 2079 36 30 to
295 2074 59 35 the
369 2074 109 35 banks
494 2074 54 35 for
563 2085 126 34 money
704 2075 81 35 lent.
801 2076 49 34 At
865 2075 77 34 that
957 2075 85 35 time
1057 2075 86 35 Paul
1159 2076 124 42 Burge,
1299 2086 45 24 an

128 2124 117 34 officer
262 2124 39 35 of
316 2125 88 34 First
420 2125 170 34 National
607 2125 110 41 Bank,
734 2136 70 24 was
821 2125 103 35 made
940 2125 175 44 president
1131 2125 39 35 of
1183 2125 59 34 the
1259 2125 86 43 park

128 2184 173 33 company
318 2179 36 29 to
371 2180 53 38 try
442 2180 35 29 to
494 2175 95 33 work
605 2179 61 29 out
683 2174 43 35 its
744 2174 162 35 financial
924 2175 184 43 problems.
1127 2175 74 34 The
1218 2175 126 34 chosen

130 2223 149 34 solution
296 2234 70 23 was
384 2223 53 34 for
454 2224 59 34 the
529 2223 167 35 creditors
713 2229 36 29 to
766 2223 169 44 persuade
951 2224 60 34 the
1028 2224 83 43 City
1127 2229 36 30 to
1180 2223 90 35 issue
1286 2224 60 34 the

131 2273 210 40 $3,000,000
353 2273 39 34 of
401 2272 109 36 bonds
521 2284 76 23 now
609 2273 34 34 in
655 2273 169 44 question.
837 2273 74 35 The
922 2273 110 35 bonds
1044 2284 59 24 are
1114 2273 143 35 secured
1269 2273 45 44 by
1325 2284 20 24 a

130 2322 124 45 pledge
264 2322 39 35 of
311 2323 59 34 the
380 2334 95 32 gross
486 2323 146 44 receipts
644 2328 59 30 tax
714 2323 109 35 levied
834 2323 45 44 by
889 2323 60 35 the
959 2323 83 44 City
1052 2334 93 34 upon
1156 2323 109 35 hotels
1276 2323 69 35 and

130 2377 214 30 restaurants
360 2373 34 34 in
410 2373 59 35 the
484 2373 92 43 City.
593 2373 67 34 See
675 2374 85 34 Ark.
777 2374 89 34 Stat.
882 2374 93 33 Ann.
993 2373 42 43 §§
1057 2374 149 34 19-4613
1224 2379 33 28 et
1271 2384 71 32 seq.

132 2422 117 44 (Repl.
274 2423 88 34 1980
381 2423 68 34 and
468 2422 108 44 Supp.
600 2422 117 43 1985).
739 2423 39 34 In
797 2423 59 34 the
874 2422 93 35 bond
985 2422 184 35 indenture
1187 2422 59 35 the
1264 2422 83 44 City
