1632 2696
1247 272 62 32 173

194 416 74 33 Per
291 415 163 34 Curiam.

477 414 200 44 Appellant,
699 413 139 43 Timmy
859 414 121 42 Tarry,
1003 412 45 43 by
1070 412 52 34 his
1144 417 168 38 attorney,

102 465 100 35 Gene
223 465 195 40 Worsham,
440 464 62 34 has
522 463 80 35 filed
623 474 20 24 a
664 463 130 35 motion
815 462 53 35 for
888 463 74 34 rule
981 473 44 23 on
1045 462 60 34 the
1124 462 102 34 clerk.

194 542 75 34 The
284 541 128 35 motion
427 540 126 35 admits
567 541 77 34 that
658 540 58 35 the
730 539 119 35 record
863 550 69 24 was
947 544 59 29 not
1019 539 120 43 timely
1152 538 79 35 filed
1245 538 68 34 and

104 592 206 44 appellant’s
323 596 157 38 attorney
493 595 138 39 accepts
645 590 63 34 full
721 589 252 45 responsibility
986 589 54 34 for
1052 594 60 29 not
1124 588 189 44 perfecting

104 642 60 34 the
184 642 123 44 appeal
328 652 43 23 on
392 641 93 34 time.

291 719 65 33 We
373 717 71 35 find
463 718 76 34 that
558 717 85 34 such
663 727 44 24 an
727 727 103 30 error,
850 715 205 44 admittedly
1074 715 103 34 made
1195 715 44 43 by
1257 714 59 35 the

106 774 159 38 attorney
287 768 52 34 for
360 779 20 23 a
400 767 158 35 criminal
579 766 200 41 defendant,
801 766 27 34 is
849 766 88 43 good
958 776 104 24 cause
1082 770 36 29 to
1138 770 100 38 grant
1258 764 59 35 the

107 818 141 35 motion.
263 818 67 34 See
343 829 61 23 our
419 818 62 34 Per
495 817 146 34 Curiam
654 816 138 44 opinion
806 816 104 35 dated
925 816 176 43 February
1115 817 31 39 5,
1165 816 98 39 1979,
1278 815 38 33 In

108 869 62 33 Re:
194 867 143 35 Belated
357 868 152 43 Appeals
530 867 34 34 in
585 866 171 35 Criminal
777 866 118 40 Cases,
917 866 66 34 265
1005 866 85 33 Ark.
1113 866 78 33 964.

198 945 33 33 A
241 954 88 33 copy
338 943 39 35 of
383 944 67 34 this
459 943 139 44 opinion
608 943 68 34 will
687 943 43 34 be
739 942 192 35 forwarded
941 947 36 29 to
986 942 59 34 the
1055 941 211 35 Committee
1274 951 44 24 on

108 994 231 34 Professional
360 992 170 36 Conduct.

201 1070 159 40 Purtle,
381 1067 42 42 J.,
444 1074 59 29 not
523 1068 256 44 participating.

174 1347 155 34 Michael
350 1348 43 33 A.
416 1346 255 35 HARWOOD
693 1356 27 23 v.
744 1344 105 44 Floyd
870 1345 30 34 J.
922 1344 207 41 LOFTON,
1150 1343 111 44 Judge

112 1422 65 35 CR
199 1423 129 34 85-185

1003 1422 68 33 702
1092 1420 142 35 S.W.2d
1255 1421 66 33 805

440 1499 171 44 Supreme
631 1498 111 35 Court
762 1497 39 35 of
817 1497 178 35 Arkansas

354 1549 151 44 Opinion
525 1548 172 35 delivered
720 1548 174 43 February
918 1549 52 39 10,
996 1548 87 34 1986
