<?xml version='1.0' encoding='utf-8'?>
<alto xmlns="http://www.loc.gov/standards/alto/ns-v3#">
  <!--Created by Innodata R.E.D. RLI tool: 2017-04-25 06:27:18.154030-->
  <Description>
    <MeasurementUnit>pixel</MeasurementUnit>
    <sourceImageInformation>
      <fileName>32044078577194_00079_0.tif</fileName>
    </sourceImageInformation>
    <OCRProcessing ID="OP_1">
      <ocrProcessingStep>
        <processingStepDescription>Alto coordinates refer to the deskewed TIFF file. 
		To convert point (x, y) to original image (TIFF or JP2) apply transformation matrix T=(m00, m01, m10, m11, b0, b1) using the rule:
			T * (x,y) = (m00 * x + m01 * y + b0), (m10 * x + m11 * y + b1)</processingStepDescription>
        <processingStepSettings>RED.transform=(0.999995500003375, 0.002999995500002025, -0.002999995500002025, 0.999995500003375, -7.531999999999961, -0.05199999999990723)</processingStepSettings>
      </ocrProcessingStep>
    </OCRProcessing>
  </Description>
  <Styles>
    <TextStyle FONTFAMILY="Times New Roman" FONTSIZE="10.50" FONTSTYLE="bold" FONTTYPE="serif" FONTWIDTH="proportional" ID="Style_2"/>
    <TextStyle FONTFAMILY="Times New Roman" FONTSIZE="10.50" FONTSTYLE="bold smallcaps" FONTTYPE="serif" FONTWIDTH="proportional" ID="Style_3"/>
    <TextStyle FONTFAMILY="Times New Roman" FONTSIZE="11.00" FONTTYPE="serif" FONTWIDTH="proportional" ID="Style_4"/>
    <TextStyle FONTFAMILY="Times New Roman" FONTSIZE="11.00" FONTSTYLE="italics" FONTTYPE="serif" FONTWIDTH="proportional" ID="Style_5"/>
  </Styles>
  <Tags>
    <StructureTag ID="b156-10" LABEL="p"/>
    <StructureTag ID="b157-4" LABEL="pagelabel"/>
    <StructureTag ID="b157-6" LABEL="p"/>
    <StructureTag ID="b157-7" LABEL="p"/>
    <StructureTag ID="b157-8" LABEL="judges"/>
    <StructureTag ID="b157-9" LABEL="judges"/>
    <StructureTag ID="b157-10" LABEL="author"/>
    <StructureTag ID="Ap7" LABEL="p"/>
  </Tags>
  <Layout>
    <Page HEIGHT="2693" ID="PG_157" PHYSICAL_IMG_NR="157" WIDTH="1639">
      <PrintSpace HEIGHT="2693" HPOS="0" ID="PS_157" VPOS="0" WIDTH="1639">
        <TextBlock HEIGHT="992.0" HPOS="108.0" ID="BL_157.1" TAGREFS="b156-10" VPOS="424.0" WIDTH="1222.0">
          <TextLine HEIGHT="46" HPOS="108" ID="TL_157.1.1" VPOS="424" WIDTH="1214">
            <String CONTENT="the" HEIGHT="34" HPOS="108" ID="ST_157.1.1.1" STYLEREFS="Style_4" VPOS="427" WIDTH="60" WC="0.87" CC="000" TAGREFS=""/>
            <SP HPOS="168" ID="SP_157.1.1.2" VPOS="427" WIDTH="9"/>
            <String CONTENT="five-year" HEIGHT="43" HPOS="177" ID="ST_157.1.1.3" STYLEREFS="Style_4" VPOS="427" WIDTH="165" WC="0.92" CC="000000000" TAGREFS=""/>
            <SP HPOS="342" ID="SP_157.1.1.4" VPOS="426" WIDTH="9"/>
            <String CONTENT="termination" HEIGHT="34" HPOS="351" ID="ST_157.1.1.5" STYLEREFS="Style_4" VPOS="426" WIDTH="222" WC="0.99" CC="00000000000" TAGREFS=""/>
            <SP HPOS="573" ID="SP_157.1.1.6" VPOS="430" WIDTH="10"/>
            <String CONTENT="payments" HEIGHT="39" HPOS="583" ID="ST_157.1.1.7" STYLEREFS="Style_4" VPOS="430" WIDTH="182" WC="0.99" CC="00000000" TAGREFS=""/>
            <SP HPOS="765" ID="SP_157.1.1.8" VPOS="436" WIDTH="10"/>
            <String CONTENT="are" HEIGHT="24" HPOS="775" ID="ST_157.1.1.9" STYLEREFS="Style_4" VPOS="436" WIDTH="59" WC="0.92" CC="000" TAGREFS=""/>
            <SP HPOS="834" ID="SP_157.1.1.10" VPOS="424" WIDTH="8"/>
            <String CONTENT="vested" HEIGHT="35" HPOS="842" ID="ST_157.1.1.11" STYLEREFS="Style_4" VPOS="424" WIDTH="117" WC="1.00" CC="000000" TAGREFS=""/>
            <SP HPOS="959" ID="SP_157.1.1.12" VPOS="424" WIDTH="11"/>
            <String CONTENT="marital" HEIGHT="34" HPOS="970" ID="ST_157.1.1.13" STYLEREFS="Style_4" VPOS="424" WIDTH="140" WC="1.00" CC="0000000" TAGREFS=""/>
            <SP HPOS="1110" ID="SP_157.1.1.14" VPOS="429" WIDTH="9"/>
            <String CONTENT="property" HEIGHT="39" HPOS="1119" ID="ST_157.1.1.15" STYLEREFS="Style_4" VPOS="429" WIDTH="161" WC="0.98" CC="00000000" TAGREFS=""/>
            <SP HPOS="1280" ID="SP_157.1.1.16" VPOS="424" WIDTH="10"/>
            <String CONTENT="in" HEIGHT="34" HPOS="1290" ID="ST_157.1.1.17" STYLEREFS="Style_4" VPOS="424" WIDTH="32" WC="0.64" CC="00" TAGREFS=""/>
          </TextLine>
          <TextLine HEIGHT="37" HPOS="109" ID="TL_157.1.2" VPOS="474" WIDTH="1215">
            <String CONTENT="this" HEIGHT="34" HPOS="109" ID="ST_157.1.2.1" STYLEREFS="Style_4" VPOS="477" WIDTH="68" WC="1.00" CC="0000" TAGREFS=""/>
            <SP HPOS="177" ID="SP_157.1.2.2" VPOS="487" WIDTH="18"/>
            <String CONTENT="case." HEIGHT="24" HPOS="195" ID="ST_157.1.2.3" STYLEREFS="Style_4" VPOS="487" WIDTH="90" WC="1.00" CC="00000" TAGREFS=""/>
            <SP HPOS="285" ID="SP_157.1.2.4" VPOS="477" WIDTH="19"/>
            <String CONTENT="We" HEIGHT="33" HPOS="304" ID="ST_157.1.2.5" STYLEREFS="Style_4" VPOS="477" WIDTH="65" WC="1.00" CC="00" TAGREFS=""/>
            <SP HPOS="369" ID="SP_157.1.2.6" VPOS="487" WIDTH="17"/>
            <String CONTENT="are" HEIGHT="23" HPOS="386" ID="ST_157.1.2.7" STYLEREFS="Style_4" VPOS="487" WIDTH="59" WC="0.95" CC="000" TAGREFS=""/>
            <SP HPOS="445" ID="SP_157.1.2.8" VPOS="481" WIDTH="16"/>
            <String CONTENT="not" HEIGHT="29" HPOS="461" ID="ST_157.1.2.9" STYLEREFS="Style_4" VPOS="481" WIDTH="59" WC="1.00" CC="000" TAGREFS=""/>
            <SP HPOS="520" ID="SP_157.1.2.10" VPOS="474" WIDTH="17"/>
            <String CONTENT="concerned" HEIGHT="36" HPOS="537" ID="ST_157.1.2.11" STYLEREFS="Style_4" VPOS="474" WIDTH="193" WC="0.93" CC="000000000" TAGREFS=""/>
            <SP HPOS="730" ID="SP_157.1.2.12" VPOS="474" WIDTH="17"/>
            <String CONTENT="with" HEIGHT="35" HPOS="747" ID="ST_157.1.2.13" STYLEREFS="Style_4" VPOS="474" WIDTH="82" WC="0.88" CC="0000" TAGREFS=""/>
            <SP HPOS="829" ID="SP_157.1.2.14" VPOS="475" WIDTH="17"/>
            <String CONTENT="State" HEIGHT="34" HPOS="846" ID="ST_157.1.2.15" STYLEREFS="Style_4" VPOS="475" WIDTH="101" WC="1.00" CC="00000" TAGREFS=""/>
            <SP HPOS="947" ID="SP_157.1.2.16" VPOS="474" WIDTH="17"/>
            <String CONTENT="Farm’s" HEIGHT="34" HPOS="964" ID="ST_157.1.2.17" STYLEREFS="Style_4" VPOS="474" WIDTH="133" WC="0.83" CC="000090" TAGREFS=""/>
            <SP HPOS="1097" ID="SP_157.1.2.18" VPOS="479" WIDTH="17"/>
            <String CONTENT="true" HEIGHT="29" HPOS="1114" ID="ST_157.1.2.19" STYLEREFS="Style_4" VPOS="479" WIDTH="77" WC="0.89" CC="0000" TAGREFS=""/>
            <SP HPOS="1191" ID="SP_157.1.2.20" VPOS="474" WIDTH="17"/>
            <String CONTENT="retire-" HEIGHT="34" HPOS="1208" ID="ST_157.1.2.21" STYLEREFS="Style_4" VPOS="474" WIDTH="116" WC="0.99" CC="0000000" TAGREFS=""/>
          </TextLine>
          <TextLine HEIGHT="47" HPOS="110" ID="TL_157.1.3" VPOS="523" WIDTH="1215">
            <String CONTENT="ment" HEIGHT="29" HPOS="110" ID="ST_157.1.3.1" STYLEREFS="Style_4" VPOS="532" WIDTH="96" WC="0.90" CC="0000" TAGREFS=""/>
            <SP HPOS="206" ID="SP_157.1.3.2" VPOS="527" WIDTH="22"/>
            <String CONTENT="plan," HEIGHT="43" HPOS="228" ID="ST_157.1.3.3" STYLEREFS="Style_4" VPOS="527" WIDTH="93" WC="0.99" CC="00000" TAGREFS=""/>
            <SP HPOS="321" ID="SP_157.1.3.4" VPOS="526" WIDTH="22"/>
            <String CONTENT="only" HEIGHT="43" HPOS="343" ID="ST_157.1.3.5" STYLEREFS="Style_4" VPOS="526" WIDTH="80" WC="0.82" CC="0000" TAGREFS=""/>
            <SP HPOS="423" ID="SP_157.1.3.6" VPOS="526" WIDTH="21"/>
            <String CONTENT="with" HEIGHT="34" HPOS="444" ID="ST_157.1.3.7" STYLEREFS="Style_4" VPOS="526" WIDTH="83" WC="0.92" CC="0000" TAGREFS=""/>
            <SP HPOS="527" ID="SP_157.1.3.8" VPOS="525" WIDTH="22"/>
            <String CONTENT="the" HEIGHT="35" HPOS="549" ID="ST_157.1.3.9" STYLEREFS="Style_4" VPOS="525" WIDTH="60" WC="0.96" CC="000" TAGREFS=""/>
            <SP HPOS="609" ID="SP_157.1.3.10" VPOS="524" WIDTH="22"/>
            <String CONTENT="60-month" HEIGHT="35" HPOS="631" ID="ST_157.1.3.11" STYLEREFS="Style_4" VPOS="524" WIDTH="184" WC="0.98" CC="00000000" TAGREFS=""/>
            <SP HPOS="815" ID="SP_157.1.3.12" VPOS="530" WIDTH="22"/>
            <String CONTENT="stopgap" HEIGHT="38" HPOS="837" ID="ST_157.1.3.13" STYLEREFS="Style_4" VPOS="530" WIDTH="146" WC="0.98" CC="0000000" TAGREFS=""/>
            <SP HPOS="983" ID="SP_157.1.3.14" VPOS="524" WIDTH="22"/>
            <String CONTENT="that" HEIGHT="34" HPOS="1005" ID="ST_157.1.3.15" STYLEREFS="Style_4" VPOS="524" WIDTH="77" WC="0.93" CC="0000" TAGREFS=""/>
            <SP HPOS="1082" ID="SP_157.1.3.16" VPOS="523" WIDTH="22"/>
            <String CONTENT="is" HEIGHT="35" HPOS="1104" ID="ST_157.1.3.17" STYLEREFS="Style_4" VPOS="523" WIDTH="27" WC="1.00" CC="00" TAGREFS=""/>
            <SP HPOS="1131" ID="SP_157.1.3.18" VPOS="524" WIDTH="23"/>
            <String CONTENT="evidently" HEIGHT="43" HPOS="1154" ID="ST_157.1.3.19" STYLEREFS="Style_4" VPOS="524" WIDTH="171" WC="0.91" CC="000000000" TAGREFS=""/>
          </TextLine>
          <TextLine HEIGHT="45" HPOS="110" ID="TL_157.1.4" VPOS="574" WIDTH="1215">
            <String CONTENT="intended" HEIGHT="35" HPOS="110" ID="ST_157.1.4.1" STYLEREFS="Style_4" VPOS="576" WIDTH="165" WC="0.96" CC="00000000" TAGREFS=""/>
            <SP HPOS="275" ID="SP_157.1.4.2" VPOS="581" WIDTH="16"/>
            <String CONTENT="to" HEIGHT="29" HPOS="291" ID="ST_157.1.4.3" STYLEREFS="Style_4" VPOS="581" WIDTH="36" WC="1.00" CC="00" TAGREFS=""/>
            <SP HPOS="327" ID="SP_157.1.4.4" VPOS="581" WIDTH="15"/>
            <String CONTENT="compensate" HEIGHT="38" HPOS="342" ID="ST_157.1.4.5" STYLEREFS="Style_4" VPOS="581" WIDTH="222" WC="1.00" CC="0000000000" TAGREFS=""/>
            <SP HPOS="564" ID="SP_157.1.4.6" VPOS="575" WIDTH="15"/>
            <String CONTENT="the" HEIGHT="34" HPOS="579" ID="ST_157.1.4.7" STYLEREFS="Style_4" VPOS="575" WIDTH="60" WC="1.00" CC="000" TAGREFS=""/>
            <SP HPOS="639" ID="SP_157.1.4.8" VPOS="580" WIDTH="15"/>
            <String CONTENT="agent" HEIGHT="37" HPOS="654" ID="ST_157.1.4.9" STYLEREFS="Style_4" VPOS="580" WIDTH="104" WC="1.00" CC="00000" TAGREFS=""/>
            <SP HPOS="758" ID="SP_157.1.4.10" VPOS="574" WIDTH="16"/>
            <String CONTENT="for" HEIGHT="34" HPOS="774" ID="ST_157.1.4.11" STYLEREFS="Style_4" VPOS="574" WIDTH="53" WC="1.00" CC="000" TAGREFS=""/>
            <SP HPOS="827" ID="SP_157.1.4.12" VPOS="575" WIDTH="15"/>
            <String CONTENT="lost" HEIGHT="34" HPOS="842" ID="ST_157.1.4.13" STYLEREFS="Style_4" VPOS="575" WIDTH="66" WC="0.93" CC="0000" TAGREFS=""/>
            <SP HPOS="908" ID="SP_157.1.4.14" VPOS="574" WIDTH="15"/>
            <String CONTENT="renewal" HEIGHT="34" HPOS="923" ID="ST_157.1.4.15" STYLEREFS="Style_4" VPOS="574" WIDTH="149" WC="1.00" CC="0000000" TAGREFS=""/>
            <SP HPOS="1072" ID="SP_157.1.4.16" VPOS="574" WIDTH="16"/>
            <String CONTENT="commissions" HEIGHT="34" HPOS="1088" ID="ST_157.1.4.17" STYLEREFS="Style_4" VPOS="574" WIDTH="237" WC="0.90" CC="00000000000" TAGREFS=""/>
          </TextLine>
          <TextLine HEIGHT="45" HPOS="109" ID="TL_157.1.5" VPOS="623" WIDTH="1217">
            <String CONTENT="when" HEIGHT="34" HPOS="109" ID="ST_157.1.5.1" STYLEREFS="Style_4" VPOS="626" WIDTH="100" WC="1.00" CC="0000" TAGREFS=""/>
            <SP HPOS="209" ID="SP_157.1.5.2" VPOS="626" WIDTH="14"/>
            <String CONTENT="the" HEIGHT="34" HPOS="223" ID="ST_157.1.5.3" STYLEREFS="Style_4" VPOS="626" WIDTH="59" WC="0.98" CC="000" TAGREFS=""/>
            <SP HPOS="282" ID="SP_157.1.5.4" VPOS="630" WIDTH="12"/>
            <String CONTENT="contract" HEIGHT="30" HPOS="294" ID="ST_157.1.5.5" STYLEREFS="Style_4" VPOS="630" WIDTH="156" WC="0.94" CC="00000000" TAGREFS=""/>
            <SP HPOS="450" ID="SP_157.1.5.6" VPOS="626" WIDTH="13"/>
            <String CONTENT="is" HEIGHT="34" HPOS="463" ID="ST_157.1.5.7" STYLEREFS="Style_4" VPOS="626" WIDTH="27" WC="1.00" CC="00" TAGREFS=""/>
            <SP HPOS="490" ID="SP_157.1.5.8" VPOS="624" WIDTH="13"/>
            <String CONTENT="terminated" HEIGHT="36" HPOS="503" ID="ST_157.1.5.9" STYLEREFS="Style_4" VPOS="624" WIDTH="210" WC="0.95" CC="0000000000" TAGREFS=""/>
            <SP HPOS="713" ID="SP_157.1.5.10" VPOS="624" WIDTH="13"/>
            <String CONTENT="by" HEIGHT="43" HPOS="726" ID="ST_157.1.5.11" STYLEREFS="Style_4" VPOS="624" WIDTH="45" WC="1.00" CC="00" TAGREFS=""/>
            <SP HPOS="771" ID="SP_157.1.5.12" VPOS="624" WIDTH="13"/>
            <String CONTENT="the" HEIGHT="35" HPOS="784" ID="ST_157.1.5.13" STYLEREFS="Style_4" VPOS="624" WIDTH="58" WC="0.81" CC="000" TAGREFS=""/>
            <SP HPOS="842" ID="SP_157.1.5.14" VPOS="624" WIDTH="12"/>
            <String CONTENT="employer" HEIGHT="44" HPOS="854" ID="ST_157.1.5.15" STYLEREFS="Style_4" VPOS="624" WIDTH="176" WC="0.94" CC="00000000" TAGREFS=""/>
            <SP HPOS="1030" ID="SP_157.1.5.16" VPOS="634" WIDTH="13"/>
            <String CONTENT="or" HEIGHT="24" HPOS="1043" ID="ST_157.1.5.17" STYLEREFS="Style_4" VPOS="634" WIDTH="37" WC="1.00" CC="00" TAGREFS=""/>
            <SP HPOS="1080" ID="SP_157.1.5.18" VPOS="623" WIDTH="14"/>
            <String CONTENT="by" HEIGHT="43" HPOS="1094" ID="ST_157.1.5.19" STYLEREFS="Style_4" VPOS="623" WIDTH="44" WC="1.00" CC="00" TAGREFS=""/>
            <SP HPOS="1138" ID="SP_157.1.5.20" VPOS="623" WIDTH="13"/>
            <String CONTENT="the" HEIGHT="35" HPOS="1151" ID="ST_157.1.5.21" STYLEREFS="Style_4" VPOS="623" WIDTH="59" WC="0.79" CC="000" TAGREFS=""/>
            <SP HPOS="1210" ID="SP_157.1.5.22" VPOS="628" WIDTH="12"/>
            <String CONTENT="agent" HEIGHT="38" HPOS="1222" ID="ST_157.1.5.23" STYLEREFS="Style_4" VPOS="628" WIDTH="104" WC="0.88" CC="00000" TAGREFS=""/>
          </TextLine>
          <TextLine HEIGHT="45" HPOS="111" ID="TL_157.1.6" VPOS="673" WIDTH="1215">
            <String CONTENT="himself." HEIGHT="35" HPOS="111" ID="ST_157.1.6.1" STYLEREFS="Style_4" VPOS="675" WIDTH="150" WC="1.00" CC="00000000" TAGREFS=""/>
            <SP HPOS="261" ID="SP_157.1.6.2" VPOS="676" WIDTH="14"/>
            <String CONTENT="Lawyer" HEIGHT="42" HPOS="275" ID="ST_157.1.6.3" STYLEREFS="Style_4" VPOS="676" WIDTH="143" WC="0.94" CC="000000" TAGREFS=""/>
            <SP HPOS="418" ID="SP_157.1.6.4" VPOS="686" WIDTH="12"/>
            <String CONTENT="was" HEIGHT="24" HPOS="430" ID="ST_157.1.6.5" STYLEREFS="Style_4" VPOS="686" WIDTH="69" WC="0.98" CC="000" TAGREFS=""/>
            <SP HPOS="499" ID="SP_157.1.6.6" VPOS="675" WIDTH="13"/>
            <String CONTENT="born" HEIGHT="34" HPOS="512" ID="ST_157.1.6.7" STYLEREFS="Style_4" VPOS="675" WIDTH="85" WC="0.90" CC="0000" TAGREFS=""/>
            <SP HPOS="597" ID="SP_157.1.6.8" VPOS="675" WIDTH="13"/>
            <String CONTENT="in" HEIGHT="33" HPOS="610" ID="ST_157.1.6.9" STYLEREFS="Style_4" VPOS="675" WIDTH="35" WC="0.74" CC="00" TAGREFS=""/>
            <SP HPOS="645" ID="SP_157.1.6.10" VPOS="675" WIDTH="17"/>
            <String CONTENT="1946" HEIGHT="34" HPOS="662" ID="ST_157.1.6.11" STYLEREFS="Style_4" VPOS="675" WIDTH="87" WC="0.93" CC="9900" TAGREFS=""/>
            <SP HPOS="749" ID="SP_157.1.6.12" VPOS="674" WIDTH="14"/>
            <String CONTENT="and" HEIGHT="34" HPOS="763" ID="ST_157.1.6.13" STYLEREFS="Style_4" VPOS="674" WIDTH="68" WC="0.95" CC="000" TAGREFS=""/>
            <SP HPOS="831" ID="SP_157.1.6.14" VPOS="674" WIDTH="12"/>
            <String CONTENT="will" HEIGHT="34" HPOS="843" ID="ST_157.1.6.15" STYLEREFS="Style_4" VPOS="674" WIDTH="68" WC="1.00" CC="0000" TAGREFS=""/>
            <SP HPOS="911" ID="SP_157.1.6.16" VPOS="679" WIDTH="12"/>
            <String CONTENT="not" HEIGHT="29" HPOS="923" ID="ST_157.1.6.17" STYLEREFS="Style_4" VPOS="679" WIDTH="60" WC="0.97" CC="000" TAGREFS=""/>
            <SP HPOS="983" ID="SP_157.1.6.18" VPOS="673" WIDTH="12"/>
            <String CONTENT="reach" HEIGHT="35" HPOS="995" ID="ST_157.1.6.19" STYLEREFS="Style_4" VPOS="673" WIDTH="104" WC="1.00" CC="00000" TAGREFS=""/>
            <SP HPOS="1099" ID="SP_157.1.6.20" VPOS="674" WIDTH="13"/>
            <String CONTENT="65" HEIGHT="33" HPOS="1112" ID="ST_157.1.6.21" STYLEREFS="Style_4" VPOS="674" WIDTH="42" WC="0.89" CC="00" TAGREFS=""/>
            <SP HPOS="1154" ID="SP_157.1.6.22" VPOS="673" WIDTH="14"/>
            <String CONTENT="until" HEIGHT="35" HPOS="1168" ID="ST_157.1.6.23" STYLEREFS="Style_4" VPOS="673" WIDTH="87" WC="0.96" CC="00000" TAGREFS=""/>
            <SP HPOS="1255" ID="SP_157.1.6.24" VPOS="673" WIDTH="12"/>
            <String CONTENT="the" HEIGHT="34" HPOS="1267" ID="ST_157.1.6.25" STYLEREFS="Style_4" VPOS="673" WIDTH="59" WC="0.87" CC="000" TAGREFS=""/>
          </TextLine>
          <TextLine HEIGHT="47" HPOS="111" ID="TL_157.1.7" VPOS="722" WIDTH="1215">
            <String CONTENT="year" HEIGHT="33" HPOS="111" ID="ST_157.1.7.1" STYLEREFS="Style_4" VPOS="736" WIDTH="82" WC="1.00" CC="0000" TAGREFS=""/>
            <SP HPOS="193" ID="SP_157.1.7.2" VPOS="726" WIDTH="11"/>
            <String CONTENT="2011," HEIGHT="39" HPOS="204" ID="ST_157.1.7.3" STYLEREFS="Style_4" VPOS="726" WIDTH="103" WC="0.90" CC="09999" TAGREFS=""/>
            <SP HPOS="307" ID="SP_157.1.7.4" VPOS="725" WIDTH="11"/>
            <String CONTENT="twenty-five" HEIGHT="43" HPOS="318" ID="ST_157.1.7.5" STYLEREFS="Style_4" VPOS="725" WIDTH="210" WC="0.95" CC="00000000000" TAGREFS=""/>
            <SP HPOS="528" ID="SP_157.1.7.6" VPOS="735" WIDTH="8"/>
            <String CONTENT="years" HEIGHT="33" HPOS="536" ID="ST_157.1.7.7" STYLEREFS="Style_4" VPOS="735" WIDTH="100" WC="1.00" CC="00000" TAGREFS=""/>
            <SP HPOS="636" ID="SP_157.1.7.8" VPOS="724" WIDTH="10"/>
            <String CONTENT="in" HEIGHT="34" HPOS="646" ID="ST_157.1.7.9" STYLEREFS="Style_4" VPOS="724" WIDTH="35" WC="0.86" CC="00" TAGREFS=""/>
            <SP HPOS="681" ID="SP_157.1.7.10" VPOS="724" WIDTH="10"/>
            <String CONTENT="the" HEIGHT="34" HPOS="691" ID="ST_157.1.7.11" STYLEREFS="Style_4" VPOS="724" WIDTH="59" WC="0.93" CC="000" TAGREFS=""/>
            <SP HPOS="750" ID="SP_157.1.7.12" VPOS="723" WIDTH="9"/>
            <String CONTENT="future." HEIGHT="35" HPOS="759" ID="ST_157.1.7.13" STYLEREFS="Style_4" VPOS="723" WIDTH="127" WC="1.00" CC="0000000" TAGREFS=""/>
            <SP HPOS="886" ID="SP_157.1.7.14" VPOS="724" WIDTH="11"/>
            <String CONTENT="When" HEIGHT="34" HPOS="897" ID="ST_157.1.7.15" STYLEREFS="Style_4" VPOS="724" WIDTH="114" WC="1.00" CC="0000" TAGREFS=""/>
            <SP HPOS="1011" ID="SP_157.1.7.16" VPOS="723" WIDTH="9"/>
            <String CONTENT="the" HEIGHT="34" HPOS="1020" ID="ST_157.1.7.17" STYLEREFS="Style_4" VPOS="723" WIDTH="60" WC="1.00" CC="000" TAGREFS=""/>
            <SP HPOS="1080" ID="SP_157.1.7.18" VPOS="723" WIDTH="9"/>
            <String CONTENT="suit" HEIGHT="34" HPOS="1089" ID="ST_157.1.7.19" STYLEREFS="Style_4" VPOS="723" WIDTH="69" WC="1.00" CC="0000" TAGREFS=""/>
            <SP HPOS="1158" ID="SP_157.1.7.20" VPOS="734" WIDTH="9"/>
            <String CONTENT="was" HEIGHT="23" HPOS="1167" ID="ST_157.1.7.21" STYLEREFS="Style_4" VPOS="734" WIDTH="69" WC="0.96" CC="000" TAGREFS=""/>
            <SP HPOS="1236" ID="SP_157.1.7.22" VPOS="722" WIDTH="10"/>
            <String CONTENT="filed" HEIGHT="35" HPOS="1246" ID="ST_157.1.7.23" STYLEREFS="Style_4" VPOS="722" WIDTH="80" WC="1.00" CC="00000" TAGREFS=""/>
          </TextLine>
          <TextLine HEIGHT="44" HPOS="111" ID="TL_157.1.8" VPOS="773" WIDTH="1215">
            <String CONTENT="he" HEIGHT="34" HPOS="111" ID="ST_157.1.8.1" STYLEREFS="Style_4" VPOS="776" WIDTH="44" WC="0.74" CC="00" TAGREFS=""/>
            <SP HPOS="155" ID="SP_157.1.8.2" VPOS="775" WIDTH="14"/>
            <String CONTENT="had" HEIGHT="34" HPOS="169" ID="ST_157.1.8.3" STYLEREFS="Style_4" VPOS="775" WIDTH="69" WC="1.00" CC="000" TAGREFS=""/>
            <SP HPOS="238" ID="SP_157.1.8.4" VPOS="775" WIDTH="14"/>
            <String CONTENT="been" HEIGHT="34" HPOS="252" ID="ST_157.1.8.5" STYLEREFS="Style_4" VPOS="775" WIDTH="87" WC="0.93" CC="0000" TAGREFS=""/>
            <SP HPOS="339" ID="SP_157.1.8.6" VPOS="774" WIDTH="14"/>
            <String CONTENT="with" HEIGHT="35" HPOS="353" ID="ST_157.1.8.7" STYLEREFS="Style_4" VPOS="774" WIDTH="82" WC="0.84" CC="0000" TAGREFS=""/>
            <SP HPOS="435" ID="SP_157.1.8.8" VPOS="773" WIDTH="14"/>
            <String CONTENT="State" HEIGHT="36" HPOS="449" ID="ST_157.1.8.9" STYLEREFS="Style_4" VPOS="773" WIDTH="100" WC="0.89" CC="00000" TAGREFS=""/>
            <SP HPOS="549" ID="SP_157.1.8.10" VPOS="775" WIDTH="15"/>
            <String CONTENT="Farm" HEIGHT="33" HPOS="564" ID="ST_157.1.8.11" STYLEREFS="Style_4" VPOS="775" WIDTH="104" WC="1.00" CC="0000" TAGREFS=""/>
            <SP HPOS="668" ID="SP_157.1.8.12" VPOS="773" WIDTH="14"/>
            <String CONTENT="for" HEIGHT="35" HPOS="682" ID="ST_157.1.8.13" STYLEREFS="Style_4" VPOS="773" WIDTH="53" WC="0.98" CC="000" TAGREFS=""/>
            <SP HPOS="735" ID="SP_157.1.8.14" VPOS="778" WIDTH="13"/>
            <String CONTENT="ten" HEIGHT="30" HPOS="748" ID="ST_157.1.8.15" STYLEREFS="Style_4" VPOS="778" WIDTH="58" WC="0.79" CC="000" TAGREFS=""/>
            <SP HPOS="806" ID="SP_157.1.8.16" VPOS="785" WIDTH="14"/>
            <String CONTENT="years." HEIGHT="32" HPOS="820" ID="ST_157.1.8.17" STYLEREFS="Style_4" VPOS="785" WIDTH="109" WC="0.98" CC="000000" TAGREFS=""/>
            <SP HPOS="929" ID="SP_157.1.8.18" VPOS="773" WIDTH="16"/>
            <String CONTENT="His" HEIGHT="34" HPOS="945" ID="ST_157.1.8.19" STYLEREFS="Style_4" VPOS="773" WIDTH="65" WC="1.00" CC="000" TAGREFS=""/>
            <SP HPOS="1010" ID="SP_157.1.8.20" VPOS="773" WIDTH="14"/>
            <String CONTENT="annual" HEIGHT="34" HPOS="1024" ID="ST_157.1.8.21" STYLEREFS="Style_4" VPOS="773" WIDTH="129" WC="0.77" CC="000000" TAGREFS=""/>
            <SP HPOS="1153" ID="SP_157.1.8.22" VPOS="773" WIDTH="14"/>
            <String CONTENT="commis-" HEIGHT="34" HPOS="1167" ID="ST_157.1.8.23" STYLEREFS="Style_4" VPOS="773" WIDTH="159" WC="1.00" CC="0000000" TAGREFS=""/>
          </TextLine>
          <TextLine HEIGHT="44" HPOS="112" ID="TL_157.1.9" VPOS="823" WIDTH="1215">
            <String CONTENT="sions" HEIGHT="33" HPOS="112" ID="ST_157.1.9.1" STYLEREFS="Style_4" VPOS="826" WIDTH="91" WC="0.80" CC="00000" TAGREFS=""/>
            <SP HPOS="203" ID="SP_157.1.9.2" VPOS="824" WIDTH="11"/>
            <String CONTENT="had" HEIGHT="35" HPOS="214" ID="ST_157.1.9.3" STYLEREFS="Style_4" VPOS="824" WIDTH="69" WC="0.90" CC="000" TAGREFS=""/>
            <SP HPOS="283" ID="SP_157.1.9.4" VPOS="824" WIDTH="10"/>
            <String CONTENT="increased" HEIGHT="35" HPOS="293" ID="ST_157.1.9.5" STYLEREFS="Style_4" VPOS="824" WIDTH="177" WC="0.93" CC="000000000" TAGREFS=""/>
            <SP HPOS="470" ID="SP_157.1.9.6" VPOS="830" WIDTH="10"/>
            <String CONTENT="to" HEIGHT="29" HPOS="480" ID="ST_157.1.9.7" STYLEREFS="Style_4" VPOS="830" WIDTH="36" WC="1.00" CC="00" TAGREFS=""/>
            <SP HPOS="516" ID="SP_157.1.9.8" VPOS="824" WIDTH="9"/>
            <String CONTENT="about" HEIGHT="35" HPOS="525" ID="ST_157.1.9.9" STYLEREFS="Style_4" VPOS="824" WIDTH="107" WC="0.91" CC="00000" TAGREFS=""/>
            <SP HPOS="632" ID="SP_157.1.9.10" VPOS="824" WIDTH="11"/>
            <String CONTENT="$80,000" HEIGHT="40" HPOS="643" ID="ST_157.1.9.11" STYLEREFS="Style_4" VPOS="824" WIDTH="151" WC="0.83" CC="0000000" TAGREFS=""/>
            <SP HPOS="794" ID="SP_157.1.9.12" VPOS="823" WIDTH="11"/>
            <String CONTENT="(from" HEIGHT="43" HPOS="805" ID="ST_157.1.9.13" STYLEREFS="Style_4" VPOS="823" WIDTH="107" WC="0.96" CC="00000" TAGREFS=""/>
            <SP HPOS="912" ID="SP_157.1.9.14" VPOS="823" WIDTH="9"/>
            <String CONTENT="which" HEIGHT="34" HPOS="921" ID="ST_157.1.9.15" STYLEREFS="Style_4" VPOS="823" WIDTH="113" WC="0.99" CC="00000" TAGREFS=""/>
            <SP HPOS="1034" ID="SP_157.1.9.16" VPOS="823" WIDTH="10"/>
            <String CONTENT="he" HEIGHT="34" HPOS="1044" ID="ST_157.1.9.17" STYLEREFS="Style_4" VPOS="823" WIDTH="44" WC="1.00" CC="00" TAGREFS=""/>
            <SP HPOS="1088" ID="SP_157.1.9.18" VPOS="828" WIDTH="9"/>
            <String CONTENT="must" HEIGHT="29" HPOS="1097" ID="ST_157.1.9.19" STYLEREFS="Style_4" VPOS="828" WIDTH="93" WC="0.99" CC="0000" TAGREFS=""/>
            <SP HPOS="1190" ID="SP_157.1.9.20" VPOS="834" WIDTH="9"/>
            <String CONTENT="pay" HEIGHT="33" HPOS="1199" ID="ST_157.1.9.21" STYLEREFS="Style_4" VPOS="834" WIDTH="67" WC="1.00" CC="000" TAGREFS=""/>
            <SP HPOS="1266" ID="SP_157.1.9.22" VPOS="823" WIDTH="9"/>
            <String CONTENT="his" HEIGHT="34" HPOS="1275" ID="ST_157.1.9.23" STYLEREFS="Style_4" VPOS="823" WIDTH="52" WC="0.87" CC="000" TAGREFS=""/>
          </TextLine>
          <TextLine HEIGHT="45" HPOS="112" ID="TL_157.1.10" VPOS="872" WIDTH="1215">
            <String CONTENT="staff" HEIGHT="34" HPOS="112" ID="ST_157.1.10.1" STYLEREFS="Style_4" VPOS="875" WIDTH="86" WC="0.80" CC="00000" TAGREFS=""/>
            <SP HPOS="198" ID="SP_157.1.10.2" VPOS="874" WIDTH="11"/>
            <String CONTENT="and" HEIGHT="35" HPOS="209" ID="ST_157.1.10.3" STYLEREFS="Style_4" VPOS="874" WIDTH="68" WC="0.79" CC="000" TAGREFS=""/>
            <SP HPOS="277" ID="SP_157.1.10.4" VPOS="874" WIDTH="13"/>
            <String CONTENT="office" HEIGHT="35" HPOS="290" ID="ST_157.1.10.5" STYLEREFS="Style_4" VPOS="874" WIDTH="99" WC="0.99" CC="000000" TAGREFS=""/>
            <SP HPOS="389" ID="SP_157.1.10.6" VPOS="884" WIDTH="12"/>
            <String CONTENT="expenses," HEIGHT="33" HPOS="401" ID="ST_157.1.10.7" STYLEREFS="Style_4" VPOS="884" WIDTH="176" WC="0.92" CC="000000000" TAGREFS=""/>
            <SP HPOS="577" ID="SP_157.1.10.8" VPOS="879" WIDTH="14"/>
            <String CONTENT="not" HEIGHT="29" HPOS="591" ID="ST_157.1.10.9" STYLEREFS="Style_4" VPOS="879" WIDTH="60" WC="0.93" CC="000" TAGREFS=""/>
            <SP HPOS="651" ID="SP_157.1.10.10" VPOS="873" WIDTH="12"/>
            <String CONTENT="detailed" HEIGHT="35" HPOS="663" ID="ST_157.1.10.11" STYLEREFS="Style_4" VPOS="873" WIDTH="151" WC="1.00" CC="00000000" TAGREFS=""/>
            <SP HPOS="814" ID="SP_157.1.10.12" VPOS="874" WIDTH="13"/>
            <String CONTENT="in" HEIGHT="34" HPOS="827" ID="ST_157.1.10.13" STYLEREFS="Style_4" VPOS="874" WIDTH="35" WC="1.00" CC="00" TAGREFS=""/>
            <SP HPOS="862" ID="SP_157.1.10.14" VPOS="874" WIDTH="13"/>
            <String CONTENT="the" HEIGHT="34" HPOS="875" ID="ST_157.1.10.15" STYLEREFS="Style_4" VPOS="874" WIDTH="59" WC="1.00" CC="000" TAGREFS=""/>
            <SP HPOS="934" ID="SP_157.1.10.16" VPOS="872" WIDTH="12"/>
            <String CONTENT="testimony)." HEIGHT="44" HPOS="946" ID="ST_157.1.10.17" STYLEREFS="Style_4" VPOS="872" WIDTH="215" WC="0.99" CC="00000000099" TAGREFS=""/>
            <SP HPOS="1161" ID="SP_157.1.10.18" VPOS="873" WIDTH="14"/>
            <String CONTENT="There" HEIGHT="34" HPOS="1175" ID="ST_157.1.10.19" STYLEREFS="Style_4" VPOS="873" WIDTH="112" WC="0.98" CC="00000" TAGREFS=""/>
            <SP HPOS="1287" ID="SP_157.1.10.20" VPOS="873" WIDTH="13"/>
            <String CONTENT="is" HEIGHT="34" HPOS="1300" ID="ST_157.1.10.21" STYLEREFS="Style_4" VPOS="873" WIDTH="27" WC="1.00" CC="00" TAGREFS=""/>
          </TextLine>
          <TextLine HEIGHT="46" HPOS="113" ID="TL_157.1.11" VPOS="922" WIDTH="1216">
            <String CONTENT="no" HEIGHT="23" HPOS="113" ID="ST_157.1.11.1" STYLEREFS="Style_4" VPOS="936" WIDTH="44" WC="0.94" CC="00" TAGREFS=""/>
            <SP HPOS="157" ID="SP_157.1.11.2" VPOS="924" WIDTH="15"/>
            <String CONTENT="indication" HEIGHT="35" HPOS="172" ID="ST_157.1.11.3" STYLEREFS="Style_4" VPOS="924" WIDTH="189" WC="0.94" CC="0000000000" TAGREFS=""/>
            <SP HPOS="361" ID="SP_157.1.11.4" VPOS="924" WIDTH="15"/>
            <String CONTENT="he" HEIGHT="34" HPOS="376" ID="ST_157.1.11.5" STYLEREFS="Style_4" VPOS="924" WIDTH="43" WC="0.94" CC="00" TAGREFS=""/>
            <SP HPOS="419" ID="SP_157.1.11.6" VPOS="924" WIDTH="14"/>
            <String CONTENT="is" HEIGHT="34" HPOS="433" ID="ST_157.1.11.7" STYLEREFS="Style_4" VPOS="924" WIDTH="27" WC="1.00" CC="00" TAGREFS=""/>
            <SP HPOS="460" ID="SP_157.1.11.8" VPOS="924" WIDTH="15"/>
            <String CONTENT="likely" HEIGHT="44" HPOS="475" ID="ST_157.1.11.9" STYLEREFS="Style_4" VPOS="924" WIDTH="104" WC="0.95" CC="000000" TAGREFS=""/>
            <SP HPOS="579" ID="SP_157.1.11.10" VPOS="929" WIDTH="14"/>
            <String CONTENT="to" HEIGHT="29" HPOS="593" ID="ST_157.1.11.11" STYLEREFS="Style_4" VPOS="929" WIDTH="36" WC="1.00" CC="00" TAGREFS=""/>
            <SP HPOS="629" ID="SP_157.1.11.12" VPOS="923" WIDTH="15"/>
            <String CONTENT="terminate" HEIGHT="35" HPOS="644" ID="ST_157.1.11.13" STYLEREFS="Style_4" VPOS="923" WIDTH="185" WC="1.00" CC="000000000" TAGREFS=""/>
            <SP HPOS="829" ID="SP_157.1.11.14" VPOS="924" WIDTH="14"/>
            <String CONTENT="his" HEIGHT="34" HPOS="843" ID="ST_157.1.11.15" STYLEREFS="Style_4" VPOS="924" WIDTH="51" WC="0.93" CC="000" TAGREFS=""/>
            <SP HPOS="894" ID="SP_157.1.11.16" VPOS="923" WIDTH="16"/>
            <String CONTENT="association" HEIGHT="34" HPOS="910" ID="ST_157.1.11.17" STYLEREFS="Style_4" VPOS="923" WIDTH="208" WC="0.93" CC="00000000000" TAGREFS=""/>
            <SP HPOS="1118" ID="SP_157.1.11.18" VPOS="922" WIDTH="14"/>
            <String CONTENT="with" HEIGHT="35" HPOS="1132" ID="ST_157.1.11.19" STYLEREFS="Style_4" VPOS="922" WIDTH="83" WC="1.00" CC="0000" TAGREFS=""/>
            <SP HPOS="1215" ID="SP_157.1.11.20" VPOS="923" WIDTH="14"/>
            <String CONTENT="State" HEIGHT="34" HPOS="1229" ID="ST_157.1.11.21" STYLEREFS="Style_4" VPOS="923" WIDTH="100" WC="1.00" CC="00000" TAGREFS=""/>
          </TextLine>
          <TextLine HEIGHT="46" HPOS="113" ID="TL_157.1.12" VPOS="972" WIDTH="1215">
            <String CONTENT="Farm." HEIGHT="33" HPOS="113" ID="ST_157.1.12.1" STYLEREFS="Style_4" VPOS="976" WIDTH="115" WC="1.00" CC="00000" TAGREFS=""/>
            <SP HPOS="228" ID="SP_157.1.12.2" VPOS="975" WIDTH="13"/>
            <String CONTENT="It" HEIGHT="34" HPOS="241" ID="ST_157.1.12.3" STYLEREFS="Style_4" VPOS="975" WIDTH="31" WC="0.86" CC="00" TAGREFS=""/>
            <SP HPOS="272" ID="SP_157.1.12.4" VPOS="974" WIDTH="10"/>
            <String CONTENT="would" HEIGHT="35" HPOS="282" ID="ST_157.1.12.5" STYLEREFS="Style_4" VPOS="974" WIDTH="113" WC="0.87" CC="00000" TAGREFS=""/>
            <SP HPOS="395" ID="SP_157.1.12.6" VPOS="974" WIDTH="12"/>
            <String CONTENT="be" HEIGHT="34" HPOS="407" ID="ST_157.1.12.7" STYLEREFS="Style_4" VPOS="974" WIDTH="42" WC="0.77" CC="00" TAGREFS=""/>
            <SP HPOS="449" ID="SP_157.1.12.8" VPOS="979" WIDTH="10"/>
            <String CONTENT="next" HEIGHT="30" HPOS="459" ID="ST_157.1.12.9" STYLEREFS="Style_4" VPOS="979" WIDTH="81" WC="0.88" CC="0000" TAGREFS=""/>
            <SP HPOS="540" ID="SP_157.1.12.10" VPOS="979" WIDTH="11"/>
            <String CONTENT="to" HEIGHT="29" HPOS="551" ID="ST_157.1.12.11" STYLEREFS="Style_4" VPOS="979" WIDTH="36" WC="0.80" CC="00" TAGREFS=""/>
            <SP HPOS="587" ID="SP_157.1.12.12" VPOS="973" WIDTH="10"/>
            <String CONTENT="impossible" HEIGHT="45" HPOS="597" ID="ST_157.1.12.13" STYLEREFS="Style_4" VPOS="973" WIDTH="200" WC="0.89" CC="0000000000" TAGREFS=""/>
            <SP HPOS="797" ID="SP_157.1.12.14" VPOS="978" WIDTH="10"/>
            <String CONTENT="to" HEIGHT="30" HPOS="807" ID="ST_157.1.12.15" STYLEREFS="Style_4" VPOS="978" WIDTH="35" WC="0.95" CC="00" TAGREFS=""/>
            <SP HPOS="842" ID="SP_157.1.12.16" VPOS="978" WIDTH="11"/>
            <String CONTENT="put" HEIGHT="39" HPOS="853" ID="ST_157.1.12.17" STYLEREFS="Style_4" VPOS="978" WIDTH="61" WC="0.95" CC="000" TAGREFS=""/>
            <SP HPOS="914" ID="SP_157.1.12.18" VPOS="984" WIDTH="11"/>
            <String CONTENT="a" HEIGHT="23" HPOS="925" ID="ST_157.1.12.19" STYLEREFS="Style_4" VPOS="984" WIDTH="20" WC="1.00" CC="0" TAGREFS=""/>
            <SP HPOS="945" ID="SP_157.1.12.20" VPOS="978" WIDTH="12"/>
            <String CONTENT="present" HEIGHT="39" HPOS="957" ID="ST_157.1.12.21" STYLEREFS="Style_4" VPOS="978" WIDTH="137" WC="0.89" CC="0000000" TAGREFS=""/>
            <SP HPOS="1094" ID="SP_157.1.12.22" VPOS="972" WIDTH="11"/>
            <String CONTENT="value" HEIGHT="35" HPOS="1105" ID="ST_157.1.12.23" STYLEREFS="Style_4" VPOS="972" WIDTH="100" WC="0.79" CC="00000" TAGREFS=""/>
            <SP HPOS="1205" ID="SP_157.1.12.24" VPOS="984" WIDTH="10"/>
            <String CONTENT="on" HEIGHT="23" HPOS="1215" ID="ST_157.1.12.25" STYLEREFS="Style_4" VPOS="984" WIDTH="43" WC="0.68" CC="00" TAGREFS=""/>
            <SP HPOS="1258" ID="SP_157.1.12.26" VPOS="973" WIDTH="12"/>
            <String CONTENT="the" HEIGHT="34" HPOS="1270" ID="ST_157.1.12.27" STYLEREFS="Style_4" VPOS="973" WIDTH="58" WC="0.85" CC="000" TAGREFS=""/>
          </TextLine>
          <TextLine HEIGHT="46" HPOS="112" ID="TL_157.1.13" VPOS="1023" WIDTH="1217">
            <String CONTENT="possibility" HEIGHT="44" HPOS="112" ID="ST_157.1.13.1" STYLEREFS="Style_4" VPOS="1025" WIDTH="193" WC="0.96" CC="00000000000" TAGREFS=""/>
            <SP HPOS="305" ID="SP_157.1.13.2" VPOS="1024" WIDTH="11"/>
            <String CONTENT="that" HEIGHT="35" HPOS="316" ID="ST_157.1.13.3" STYLEREFS="Style_4" VPOS="1024" WIDTH="77" WC="0.94" CC="0000" TAGREFS=""/>
            <SP HPOS="393" ID="SP_157.1.13.4" VPOS="1025" WIDTH="11"/>
            <String CONTENT="Lawyer" HEIGHT="43" HPOS="404" ID="ST_157.1.13.5" STYLEREFS="Style_4" VPOS="1025" WIDTH="144" WC="0.97" CC="000000" TAGREFS=""/>
            <SP HPOS="548" ID="SP_157.1.13.6" VPOS="1024" WIDTH="11"/>
            <String CONTENT="will" HEIGHT="34" HPOS="559" ID="ST_157.1.13.7" STYLEREFS="Style_4" VPOS="1024" WIDTH="68" WC="0.96" CC="0000" TAGREFS=""/>
            <SP HPOS="627" ID="SP_157.1.13.8" VPOS="1023" WIDTH="13"/>
            <String CONTENT="receive" HEIGHT="35" HPOS="640" ID="ST_157.1.13.9" STYLEREFS="Style_4" VPOS="1023" WIDTH="132" WC="0.96" CC="0000000" TAGREFS=""/>
            <SP HPOS="772" ID="SP_157.1.13.10" VPOS="1023" WIDTH="10"/>
            <String CONTENT="termination" HEIGHT="35" HPOS="782" ID="ST_157.1.13.11" STYLEREFS="Style_4" VPOS="1023" WIDTH="223" WC="0.97" CC="00000000000" TAGREFS=""/>
            <SP HPOS="1005" ID="SP_157.1.13.12" VPOS="1027" WIDTH="11"/>
            <String CONTENT="payments" HEIGHT="40" HPOS="1016" ID="ST_157.1.13.13" STYLEREFS="Style_4" VPOS="1027" WIDTH="182" WC="0.88" CC="00000000" TAGREFS=""/>
            <SP HPOS="1198" ID="SP_157.1.13.14" VPOS="1023" WIDTH="12"/>
            <String CONTENT="before" HEIGHT="34" HPOS="1210" ID="ST_157.1.13.15" STYLEREFS="Style_4" VPOS="1023" WIDTH="119" WC="1.00" CC="000000" TAGREFS=""/>
          </TextLine>
          <TextLine HEIGHT="44" HPOS="112" ID="TL_157.1.14" VPOS="1073" WIDTH="1217">
            <String CONTENT="he" HEIGHT="34" HPOS="112" ID="ST_157.1.14.1" STYLEREFS="Style_4" VPOS="1075" WIDTH="44" WC="0.84" CC="00" TAGREFS=""/>
            <SP HPOS="156" ID="SP_157.1.14.2" VPOS="1075" WIDTH="16"/>
            <String CONTENT="reaches" HEIGHT="34" HPOS="172" ID="ST_157.1.14.3" STYLEREFS="Style_4" VPOS="1075" WIDTH="143" WC="0.93" CC="0000000" TAGREFS=""/>
            <SP HPOS="315" ID="SP_157.1.14.4" VPOS="1074" WIDTH="17"/>
            <String CONTENT="retirement" HEIGHT="35" HPOS="332" ID="ST_157.1.14.5" STYLEREFS="Style_4" VPOS="1074" WIDTH="199" WC="0.97" CC="0000000000" TAGREFS=""/>
            <SP HPOS="531" ID="SP_157.1.14.6" VPOS="1085" WIDTH="16"/>
            <String CONTENT="age." HEIGHT="32" HPOS="547" ID="ST_157.1.14.7" STYLEREFS="Style_4" VPOS="1085" WIDTH="76" WC="1.00" CC="0000" TAGREFS=""/>
            <SP HPOS="623" ID="SP_157.1.14.8" VPOS="1073" WIDTH="18"/>
            <String CONTENT="Certainly" HEIGHT="44" HPOS="641" ID="ST_157.1.14.9" STYLEREFS="Style_4" VPOS="1073" WIDTH="180" WC="0.94" CC="000000000" TAGREFS=""/>
            <SP HPOS="821" ID="SP_157.1.14.10" VPOS="1084" WIDTH="16"/>
            <String CONTENT="no" HEIGHT="24" HPOS="837" ID="ST_157.1.14.11" STYLEREFS="Style_4" VPOS="1084" WIDTH="44" WC="0.93" CC="00" TAGREFS=""/>
            <SP HPOS="881" ID="SP_157.1.14.12" VPOS="1074" WIDTH="16"/>
            <String CONTENT="such" HEIGHT="34" HPOS="897" ID="ST_157.1.14.13" STYLEREFS="Style_4" VPOS="1074" WIDTH="85" WC="0.89" CC="0000" TAGREFS=""/>
            <SP HPOS="982" ID="SP_157.1.14.14" VPOS="1073" WIDTH="17"/>
            <String CONTENT="estimate" HEIGHT="35" HPOS="999" ID="ST_157.1.14.15" STYLEREFS="Style_4" VPOS="1073" WIDTH="160" WC="1.00" CC="00000000" TAGREFS=""/>
            <SP HPOS="1159" ID="SP_157.1.14.16" VPOS="1073" WIDTH="16"/>
            <String CONTENT="is" HEIGHT="35" HPOS="1175" ID="ST_157.1.14.17" STYLEREFS="Style_4" VPOS="1073" WIDTH="28" WC="0.92" CC="00" TAGREFS=""/>
            <SP HPOS="1203" ID="SP_157.1.14.18" VPOS="1073" WIDTH="16"/>
            <String CONTENT="in" HEIGHT="34" HPOS="1219" ID="ST_157.1.14.19" STYLEREFS="Style_4" VPOS="1073" WIDTH="34" WC="0.93" CC="00" TAGREFS=""/>
            <SP HPOS="1253" ID="SP_157.1.14.20" VPOS="1073" WIDTH="17"/>
            <String CONTENT="the" HEIGHT="34" HPOS="1270" ID="ST_157.1.14.21" STYLEREFS="Style_4" VPOS="1073" WIDTH="59" WC="1.00" CC="000" TAGREFS=""/>
          </TextLine>
          <TextLine HEIGHT="44" HPOS="113" ID="TL_157.1.15" VPOS="1123" WIDTH="1216">
            <String CONTENT="record" HEIGHT="34" HPOS="113" ID="ST_157.1.15.1" STYLEREFS="Style_4" VPOS="1125" WIDTH="121" WC="1.00" CC="000000" TAGREFS=""/>
            <SP HPOS="234" ID="SP_157.1.15.2" VPOS="1136" WIDTH="15"/>
            <String CONTENT="as" HEIGHT="23" HPOS="249" ID="ST_157.1.15.3" STYLEREFS="Style_4" VPOS="1136" WIDTH="38" WC="1.00" CC="00" TAGREFS=""/>
            <SP HPOS="287" ID="SP_157.1.15.4" VPOS="1124" WIDTH="14"/>
            <String CONTENT="abstracted." HEIGHT="35" HPOS="301" ID="ST_157.1.15.5" STYLEREFS="Style_4" VPOS="1124" WIDTH="208" WC="1.00" CC="00000000000" TAGREFS=""/>
            <SP HPOS="509" ID="SP_157.1.15.6" VPOS="1124" WIDTH="17"/>
            <String CONTENT="If," HEIGHT="41" HPOS="526" ID="ST_157.1.15.7" STYLEREFS="Style_4" VPOS="1124" WIDTH="43" WC="0.87" CC="000" TAGREFS=""/>
            <SP HPOS="569" ID="SP_157.1.15.8" VPOS="1135" WIDTH="14"/>
            <String CONTENT="on" HEIGHT="23" HPOS="583" ID="ST_157.1.15.9" STYLEREFS="Style_4" VPOS="1135" WIDTH="44" WC="0.95" CC="00" TAGREFS=""/>
            <SP HPOS="627" ID="SP_157.1.15.10" VPOS="1124" WIDTH="15"/>
            <String CONTENT="the" HEIGHT="34" HPOS="642" ID="ST_157.1.15.11" STYLEREFS="Style_4" VPOS="1124" WIDTH="60" WC="1.00" CC="000" TAGREFS=""/>
            <SP HPOS="702" ID="SP_157.1.15.12" VPOS="1123" WIDTH="13"/>
            <String CONTENT="other" HEIGHT="35" HPOS="715" ID="ST_157.1.15.13" STYLEREFS="Style_4" VPOS="1123" WIDTH="98" WC="0.94" CC="00000" TAGREFS=""/>
            <SP HPOS="813" ID="SP_157.1.15.14" VPOS="1123" WIDTH="14"/>
            <String CONTENT="hand," HEIGHT="42" HPOS="827" ID="ST_157.1.15.15" STYLEREFS="Style_4" VPOS="1123" WIDTH="104" WC="0.90" CC="00000" TAGREFS=""/>
            <SP HPOS="931" ID="SP_157.1.15.16" VPOS="1124" WIDTH="15"/>
            <String CONTENT="Lawyer" HEIGHT="43" HPOS="946" ID="ST_157.1.15.17" STYLEREFS="Style_4" VPOS="1124" WIDTH="145" WC="0.94" CC="000000" TAGREFS=""/>
            <SP HPOS="1091" ID="SP_157.1.15.18" VPOS="1123" WIDTH="14"/>
            <String CONTENT="retires" HEIGHT="35" HPOS="1105" ID="ST_157.1.15.19" STYLEREFS="Style_4" VPOS="1123" WIDTH="119" WC="0.91" CC="0000000" TAGREFS=""/>
            <SP HPOS="1224" ID="SP_157.1.15.20" VPOS="1123" WIDTH="15"/>
            <String CONTENT="after" HEIGHT="35" HPOS="1239" ID="ST_157.1.15.21" STYLEREFS="Style_4" VPOS="1123" WIDTH="90" WC="1.00" CC="00000" TAGREFS=""/>
          </TextLine>
          <TextLine HEIGHT="45" HPOS="113" ID="TL_157.1.16" VPOS="1173" WIDTH="1216">
            <String CONTENT="reaching" HEIGHT="43" HPOS="113" ID="ST_157.1.16.1" STYLEREFS="Style_4" VPOS="1175" WIDTH="166" WC="0.95" CC="00000000" TAGREFS=""/>
            <SP HPOS="279" ID="SP_157.1.16.2" VPOS="1175" WIDTH="12"/>
            <String CONTENT="65," HEIGHT="40" HPOS="291" ID="ST_157.1.16.3" STYLEREFS="Style_4" VPOS="1175" WIDTH="55" WC="1.00" CC="000" TAGREFS=""/>
            <SP HPOS="346" ID="SP_157.1.16.4" VPOS="1185" WIDTH="12"/>
            <String CONTENT="as" HEIGHT="24" HPOS="358" ID="ST_157.1.16.5" STYLEREFS="Style_4" VPOS="1185" WIDTH="37" WC="1.00" CC="00" TAGREFS=""/>
            <SP HPOS="395" ID="SP_157.1.16.6" VPOS="1174" WIDTH="12"/>
            <String CONTENT="presumably" HEIGHT="44" HPOS="407" ID="ST_157.1.16.7" STYLEREFS="Style_4" VPOS="1174" WIDTH="222" WC="0.82" CC="0000000000" TAGREFS=""/>
            <SP HPOS="629" ID="SP_157.1.16.8" VPOS="1174" WIDTH="10"/>
            <String CONTENT="he" HEIGHT="34" HPOS="639" ID="ST_157.1.16.9" STYLEREFS="Style_4" VPOS="1174" WIDTH="44" WC="0.85" CC="00" TAGREFS=""/>
            <SP HPOS="683" ID="SP_157.1.16.10" VPOS="1174" WIDTH="10"/>
            <String CONTENT="will," HEIGHT="40" HPOS="693" ID="ST_157.1.16.11" STYLEREFS="Style_4" VPOS="1174" WIDTH="80" WC="0.97" CC="00000" TAGREFS=""/>
            <SP HPOS="773" ID="SP_157.1.16.12" VPOS="1173" WIDTH="11"/>
            <String CONTENT="the" HEIGHT="35" HPOS="784" ID="ST_157.1.16.13" STYLEREFS="Style_4" VPOS="1173" WIDTH="59" WC="0.89" CC="000" TAGREFS=""/>
            <SP HPOS="843" ID="SP_157.1.16.14" VPOS="1174" WIDTH="10"/>
            <String CONTENT="decree" HEIGHT="34" HPOS="853" ID="ST_157.1.16.15" STYLEREFS="Style_4" VPOS="1174" WIDTH="123" WC="1.00" CC="000000" TAGREFS=""/>
            <SP HPOS="976" ID="SP_157.1.16.16" VPOS="1173" WIDTH="10"/>
            <String CONTENT="requires" HEIGHT="44" HPOS="986" ID="ST_157.1.16.17" STYLEREFS="Style_4" VPOS="1173" WIDTH="153" WC="0.96" CC="00000000" TAGREFS=""/>
            <SP HPOS="1139" ID="SP_157.1.16.18" VPOS="1173" WIDTH="11"/>
            <String CONTENT="that" HEIGHT="35" HPOS="1150" ID="ST_157.1.16.19" STYLEREFS="Style_4" VPOS="1173" WIDTH="77" WC="0.93" CC="0000" TAGREFS=""/>
            <SP HPOS="1227" ID="SP_157.1.16.20" VPOS="1184" WIDTH="10"/>
            <String CONTENT="up" HEIGHT="33" HPOS="1237" ID="ST_157.1.16.21" STYLEREFS="Style_4" VPOS="1184" WIDTH="46" WC="0.78" CC="00" TAGREFS=""/>
            <SP HPOS="1283" ID="SP_157.1.16.22" VPOS="1178" WIDTH="11"/>
            <String CONTENT="to" HEIGHT="30" HPOS="1294" ID="ST_157.1.16.23" STYLEREFS="Style_4" VPOS="1178" WIDTH="35" WC="0.95" CC="00" TAGREFS=""/>
          </TextLine>
          <TextLine HEIGHT="46" HPOS="114" ID="TL_157.1.17" VPOS="1222" WIDTH="1215">
            <String CONTENT="$644" HEIGHT="36" HPOS="114" ID="ST_157.1.17.1" STYLEREFS="Style_4" VPOS="1226" WIDTH="93" WC="0.96" CC="0000" TAGREFS=""/>
            <SP HPOS="207" ID="SP_157.1.17.2" VPOS="1224" WIDTH="10"/>
            <String CONTENT="of" HEIGHT="35" HPOS="217" ID="ST_157.1.17.3" STYLEREFS="Style_4" VPOS="1224" WIDTH="39" WC="1.00" CC="00" TAGREFS=""/>
            <SP HPOS="256" ID="SP_157.1.17.4" VPOS="1224" WIDTH="7"/>
            <String CONTENT="his" HEIGHT="35" HPOS="263" ID="ST_157.1.17.5" STYLEREFS="Style_4" VPOS="1224" WIDTH="52" WC="0.93" CC="000" TAGREFS=""/>
            <SP HPOS="315" ID="SP_157.1.17.6" VPOS="1224" WIDTH="10"/>
            <String CONTENT="retirement" HEIGHT="35" HPOS="325" ID="ST_157.1.17.7" STYLEREFS="Style_4" VPOS="1224" WIDTH="200" WC="0.94" CC="0000000000" TAGREFS=""/>
            <SP HPOS="525" ID="SP_157.1.17.8" VPOS="1224" WIDTH="9"/>
            <String CONTENT="benefits" HEIGHT="35" HPOS="534" ID="ST_157.1.17.9" STYLEREFS="Style_4" VPOS="1224" WIDTH="146" WC="0.95" CC="00000000" TAGREFS=""/>
            <SP HPOS="680" ID="SP_157.1.17.10" VPOS="1229" WIDTH="10"/>
            <String CONTENT="must" HEIGHT="29" HPOS="690" ID="ST_157.1.17.11" STYLEREFS="Style_4" VPOS="1229" WIDTH="92" WC="0.92" CC="0000" TAGREFS=""/>
            <SP HPOS="782" ID="SP_157.1.17.12" VPOS="1223" WIDTH="10"/>
            <String CONTENT="be" HEIGHT="36" HPOS="792" ID="ST_157.1.17.13" STYLEREFS="Style_4" VPOS="1223" WIDTH="43" WC="1.00" CC="00" TAGREFS=""/>
            <SP HPOS="835" ID="SP_157.1.17.14" VPOS="1224" WIDTH="9"/>
            <String CONTENT="paid" HEIGHT="44" HPOS="844" ID="ST_157.1.17.15" STYLEREFS="Style_4" VPOS="1224" WIDTH="81" WC="1.00" CC="0000" TAGREFS=""/>
            <SP HPOS="925" ID="SP_157.1.17.16" VPOS="1229" WIDTH="9"/>
            <String CONTENT="to" HEIGHT="29" HPOS="934" ID="ST_157.1.17.17" STYLEREFS="Style_4" VPOS="1229" WIDTH="36" WC="1.00" CC="00" TAGREFS=""/>
            <SP HPOS="970" ID="SP_157.1.17.18" VPOS="1223" WIDTH="9"/>
            <String CONTENT="his" HEIGHT="35" HPOS="979" ID="ST_157.1.17.19" STYLEREFS="Style_4" VPOS="1223" WIDTH="53" WC="0.85" CC="000" TAGREFS=""/>
            <SP HPOS="1032" ID="SP_157.1.17.20" VPOS="1223" WIDTH="10"/>
            <String CONTENT="wife" HEIGHT="34" HPOS="1042" ID="ST_157.1.17.21" STYLEREFS="Style_4" VPOS="1223" WIDTH="80" WC="1.00" CC="0000" TAGREFS=""/>
            <SP HPOS="1122" ID="SP_157.1.17.22" VPOS="1222" WIDTH="9"/>
            <String CONTENT="of" HEIGHT="35" HPOS="1131" ID="ST_157.1.17.23" STYLEREFS="Style_4" VPOS="1222" WIDTH="39" WC="1.00" CC="00" TAGREFS=""/>
            <SP HPOS="1170" ID="SP_157.1.17.24" VPOS="1225" WIDTH="7"/>
            <String CONTENT="25" HEIGHT="33" HPOS="1177" ID="ST_157.1.17.25" STYLEREFS="Style_4" VPOS="1225" WIDTH="42" WC="1.00" CC="00" TAGREFS=""/>
            <SP HPOS="1219" ID="SP_157.1.17.26" VPOS="1234" WIDTH="12"/>
            <String CONTENT="years" HEIGHT="33" HPOS="1231" ID="ST_157.1.17.27" STYLEREFS="Style_4" VPOS="1234" WIDTH="98" WC="0.98" CC="00000" TAGREFS=""/>
          </TextLine>
          <TextLine HEIGHT="44" HPOS="114" ID="TL_157.1.18" VPOS="1273" WIDTH="1216">
            <String CONTENT="earlier," HEIGHT="40" HPOS="114" ID="ST_157.1.18.1" STYLEREFS="Style_4" VPOS="1275" WIDTH="135" WC="0.89" CC="00000000" TAGREFS=""/>
            <SP HPOS="249" ID="SP_157.1.18.2" VPOS="1274" WIDTH="13"/>
            <String CONTENT="though" HEIGHT="42" HPOS="262" ID="ST_157.1.18.3" STYLEREFS="Style_4" VPOS="1274" WIDTH="132" WC="0.78" CC="000000" TAGREFS=""/>
            <SP HPOS="394" ID="SP_157.1.18.4" VPOS="1274" WIDTH="12"/>
            <String CONTENT="his" HEIGHT="34" HPOS="406" ID="ST_157.1.18.5" STYLEREFS="Style_4" VPOS="1274" WIDTH="52" WC="0.81" CC="000" TAGREFS=""/>
            <SP HPOS="458" ID="SP_157.1.18.6" VPOS="1274" WIDTH="13"/>
            <String CONTENT="earnings" HEIGHT="43" HPOS="471" ID="ST_157.1.18.7" STYLEREFS="Style_4" VPOS="1274" WIDTH="161" WC="0.92" CC="00000000" TAGREFS=""/>
            <SP HPOS="632" ID="SP_157.1.18.8" VPOS="1284" WIDTH="13"/>
            <String CONTENT="so" HEIGHT="24" HPOS="645" ID="ST_157.1.18.9" STYLEREFS="Style_4" VPOS="1284" WIDTH="37" WC="0.77" CC="00" TAGREFS=""/>
            <SP HPOS="682" ID="SP_157.1.18.10" VPOS="1273" WIDTH="12"/>
            <String CONTENT="long" HEIGHT="43" HPOS="694" ID="ST_157.1.18.11" STYLEREFS="Style_4" VPOS="1273" WIDTH="80" WC="1.00" CC="0000" TAGREFS=""/>
            <SP HPOS="774" ID="SP_157.1.18.12" VPOS="1284" WIDTH="13"/>
            <String CONTENT="ago" HEIGHT="33" HPOS="787" ID="ST_157.1.18.13" STYLEREFS="Style_4" VPOS="1284" WIDTH="65" WC="1.00" CC="000" TAGREFS=""/>
            <SP HPOS="852" ID="SP_157.1.18.14" VPOS="1274" WIDTH="12"/>
            <String CONTENT="will" HEIGHT="34" HPOS="864" ID="ST_157.1.18.15" STYLEREFS="Style_4" VPOS="1274" WIDTH="68" WC="1.00" CC="0000" TAGREFS=""/>
            <SP HPOS="932" ID="SP_157.1.18.16" VPOS="1274" WIDTH="12"/>
            <String CONTENT="have" HEIGHT="33" HPOS="944" ID="ST_157.1.18.17" STYLEREFS="Style_4" VPOS="1274" WIDTH="88" WC="0.99" CC="0000" TAGREFS=""/>
            <SP HPOS="1032" ID="SP_157.1.18.18" VPOS="1273" WIDTH="12"/>
            <String CONTENT="little" HEIGHT="34" HPOS="1044" ID="ST_157.1.18.19" STYLEREFS="Style_4" VPOS="1273" WIDTH="89" WC="1.00" CC="000000" TAGREFS=""/>
            <SP HPOS="1133" ID="SP_157.1.18.20" VPOS="1278" WIDTH="11"/>
            <String CONTENT="to" HEIGHT="29" HPOS="1144" ID="ST_157.1.18.21" STYLEREFS="Style_4" VPOS="1278" WIDTH="36" WC="1.00" CC="00" TAGREFS=""/>
            <SP HPOS="1180" ID="SP_157.1.18.22" VPOS="1273" WIDTH="12"/>
            <String CONTENT="do" HEIGHT="35" HPOS="1192" ID="ST_157.1.18.23" STYLEREFS="Style_4" VPOS="1273" WIDTH="43" WC="0.89" CC="00" TAGREFS=""/>
            <SP HPOS="1235" ID="SP_157.1.18.24" VPOS="1273" WIDTH="12"/>
            <String CONTENT="with" HEIGHT="34" HPOS="1247" ID="ST_157.1.18.25" STYLEREFS="Style_4" VPOS="1273" WIDTH="83" WC="1.00" CC="0000" TAGREFS=""/>
          </TextLine>
          <TextLine HEIGHT="43" HPOS="114" ID="TL_157.1.19" VPOS="1322" WIDTH="1215">
            <String CONTENT="the" HEIGHT="34" HPOS="114" ID="ST_157.1.19.1" STYLEREFS="Style_4" VPOS="1324" WIDTH="59" WC="0.76" CC="000" TAGREFS=""/>
            <SP HPOS="173" ID="SP_157.1.19.2" VPOS="1329" WIDTH="11"/>
            <String CONTENT="amount" HEIGHT="29" HPOS="184" ID="ST_157.1.19.3" STYLEREFS="Style_4" VPOS="1329" WIDTH="145" WC="0.65" CC="000000" TAGREFS=""/>
            <SP HPOS="329" ID="SP_157.1.19.4" VPOS="1323" WIDTH="11"/>
            <String CONTENT="of" HEIGHT="34" HPOS="340" ID="ST_157.1.19.5" STYLEREFS="Style_4" VPOS="1323" WIDTH="40" WC="0.69" CC="00" TAGREFS=""/>
            <SP HPOS="380" ID="SP_157.1.19.6" VPOS="1323" WIDTH="7"/>
            <String CONTENT="his" HEIGHT="34" HPOS="387" ID="ST_157.1.19.7" STYLEREFS="Style_4" VPOS="1323" WIDTH="52" WC="0.60" CC="000" TAGREFS=""/>
            <SP HPOS="439" ID="SP_157.1.19.8" VPOS="1324" WIDTH="12"/>
            <String CONTENT="retirement" HEIGHT="34" HPOS="451" ID="ST_157.1.19.9" STYLEREFS="Style_4" VPOS="1324" WIDTH="201" WC="0.71" CC="0000000000" TAGREFS=""/>
            <SP HPOS="652" ID="SP_157.1.19.10" VPOS="1323" WIDTH="12"/>
            <String CONTENT="income." HEIGHT="34" HPOS="664" ID="ST_157.1.19.11" STYLEREFS="Style_4" VPOS="1323" WIDTH="145" WC="0.71" CC="0000000" TAGREFS=""/>
            <SP HPOS="809" ID="SP_157.1.19.12" VPOS="1324" WIDTH="14"/>
            <String CONTENT="We" HEIGHT="33" HPOS="823" ID="ST_157.1.19.13" STYLEREFS="Style_4" VPOS="1324" WIDTH="65" WC="1.00" CC="00" TAGREFS=""/>
            <SP HPOS="888" ID="SP_157.1.19.14" VPOS="1334" WIDTH="10"/>
            <String CONTENT="are" HEIGHT="23" HPOS="898" ID="ST_157.1.19.15" STYLEREFS="Style_4" VPOS="1334" WIDTH="60" WC="0.65" CC="000" TAGREFS=""/>
            <SP HPOS="958" ID="SP_157.1.19.16" VPOS="1323" WIDTH="11"/>
            <String CONTENT="unwilling" HEIGHT="42" HPOS="969" ID="ST_157.1.19.17" STYLEREFS="Style_4" VPOS="1323" WIDTH="178" WC="0.69" CC="000000000" TAGREFS=""/>
            <SP HPOS="1147" ID="SP_157.1.19.18" VPOS="1327" WIDTH="12"/>
            <String CONTENT="to" HEIGHT="30" HPOS="1159" ID="ST_157.1.19.19" STYLEREFS="Style_4" VPOS="1327" WIDTH="35" WC="1.00" CC="00" TAGREFS=""/>
            <SP HPOS="1194" ID="SP_157.1.19.20" VPOS="1322" WIDTH="11"/>
            <String CONTENT="extend" HEIGHT="35" HPOS="1205" ID="ST_157.1.19.21" STYLEREFS="Style_4" VPOS="1322" WIDTH="124" WC="0.95" CC="000000" TAGREFS=""/>
          </TextLine>
          <TextLine HEIGHT="44" HPOS="113" ID="TL_157.1.20" VPOS="1372" WIDTH="1134">
            <String CONTENT="our" HEIGHT="24" HPOS="113" ID="ST_157.1.20.1" STYLEREFS="Style_4" VPOS="1384" WIDTH="63" WC="0.99" CC="000" TAGREFS=""/>
            <SP HPOS="176" ID="SP_157.1.20.2" VPOS="1373" WIDTH="21"/>
            <String CONTENT="holdings" HEIGHT="42" HPOS="197" ID="ST_157.1.20.3" STYLEREFS="Style_4" VPOS="1373" WIDTH="159" WC="0.99" CC="00000000" TAGREFS=""/>
            <SP HPOS="356" ID="SP_157.1.20.4" VPOS="1373" WIDTH="20"/>
            <String CONTENT="in" HEIGHT="33" HPOS="376" ID="ST_157.1.20.5" STYLEREFS="Style_4" VPOS="1373" WIDTH="35" WC="1.00" CC="00" TAGREFS=""/>
            <SP HPOS="411" ID="SP_157.1.20.6" VPOS="1374" WIDTH="19"/>
            <String CONTENT="Day" HEIGHT="42" HPOS="430" ID="ST_157.1.20.7" STYLEREFS="Style_5" VPOS="1374" WIDTH="79" WC="0.92" CC="000" TAGREFS=""/>
            <SP HPOS="509" ID="SP_157.1.20.8" VPOS="1372" WIDTH="20"/>
            <String CONTENT="and" HEIGHT="35" HPOS="529" ID="ST_157.1.20.9" STYLEREFS="Style_4" VPOS="1372" WIDTH="69" WC="0.68" CC="000" TAGREFS=""/>
            <SP HPOS="598" ID="SP_157.1.20.10" VPOS="1373" WIDTH="22"/>
            <String CONTENT="Gentry" HEIGHT="42" HPOS="620" ID="ST_157.1.20.11" STYLEREFS="Style_5" VPOS="1373" WIDTH="130" WC="1.00" CC="000000" TAGREFS=""/>
            <SP HPOS="750" ID="SP_157.1.20.12" VPOS="1377" WIDTH="20"/>
            <String CONTENT="to" HEIGHT="29" HPOS="770" ID="ST_157.1.20.13" STYLEREFS="Style_4" VPOS="1377" WIDTH="35" WC="1.00" CC="00" TAGREFS=""/>
            <SP HPOS="805" ID="SP_157.1.20.14" VPOS="1373" WIDTH="20"/>
            <String CONTENT="the" HEIGHT="34" HPOS="825" ID="ST_157.1.20.15" STYLEREFS="Style_4" VPOS="1373" WIDTH="59" WC="0.80" CC="000" TAGREFS=""/>
            <SP HPOS="884" ID="SP_157.1.20.16" VPOS="1372" WIDTH="20"/>
            <String CONTENT="facts" HEIGHT="34" HPOS="904" ID="ST_157.1.20.17" STYLEREFS="Style_4" VPOS="1372" WIDTH="90" WC="0.99" CC="00000" TAGREFS=""/>
            <SP HPOS="994" ID="SP_157.1.20.18" VPOS="1372" WIDTH="20"/>
            <String CONTENT="of" HEIGHT="34" HPOS="1014" ID="ST_157.1.20.19" STYLEREFS="Style_4" VPOS="1372" WIDTH="39" WC="1.00" CC="00" TAGREFS=""/>
            <SP HPOS="1053" ID="SP_157.1.20.20" VPOS="1372" WIDTH="17"/>
            <String CONTENT="this" HEIGHT="34" HPOS="1070" ID="ST_157.1.20.21" STYLEREFS="Style_4" VPOS="1372" WIDTH="68" WC="0.86" CC="0000" TAGREFS=""/>
            <SP HPOS="1138" ID="SP_157.1.20.22" VPOS="1382" WIDTH="21"/>
            <String CONTENT="case." HEIGHT="24" HPOS="1159" ID="ST_157.1.20.23" STYLEREFS="Style_4" VPOS="1382" WIDTH="88" WC="0.99" CC="00000" TAGREFS=""/>
          </TextLine>
        </TextBlock>
        <TextBlock HEIGHT="33.0" HPOS="1259.0" ID="BL_157.3" TAGREFS="b157-4" VPOS="283.0" WIDTH="59.0">
          <TextLine HEIGHT="33" HPOS="1259" ID="TL_157.3.1" VPOS="283" WIDTH="59">
            <String CONTENT="131" HEIGHT="33" HPOS="1259" ID="ST_157.3.1.1" STYLEREFS="Style_4" VPOS="283" WIDTH="59" WC="0.91" CC="000" TAGREFS=""/>
          </TextLine>
        </TextBlock>
        <TextBlock HEIGHT="483.0" HPOS="115.0" ID="BL_157.4" TAGREFS="b157-6" VPOS="1453.0" WIDTH="1217.0">
          <TextLine HEIGHT="45" HPOS="207" ID="TL_157.4.1" VPOS="1453" WIDTH="1124">
            <String CONTENT="Before" HEIGHT="35" HPOS="207" ID="ST_157.4.1.1" STYLEREFS="Style_4" VPOS="1454" WIDTH="125" WC="1.00" CC="000000" TAGREFS=""/>
            <SP HPOS="332" ID="SP_157.4.1.2" VPOS="1454" WIDTH="18"/>
            <String CONTENT="closing" HEIGHT="44" HPOS="350" ID="ST_157.4.1.3" STYLEREFS="Style_4" VPOS="1454" WIDTH="130" WC="0.99" CC="0000000" TAGREFS=""/>
            <SP HPOS="480" ID="SP_157.4.1.4" VPOS="1465" WIDTH="18"/>
            <String CONTENT="we" HEIGHT="24" HPOS="498" ID="ST_157.4.1.5" STYLEREFS="Style_4" VPOS="1465" WIDTH="51" WC="1.00" CC="00" TAGREFS=""/>
            <SP HPOS="549" ID="SP_157.4.1.6" VPOS="1453" WIDTH="18"/>
            <String CONTENT="should" HEIGHT="36" HPOS="567" ID="ST_157.4.1.7" STYLEREFS="Style_4" VPOS="1453" WIDTH="124" WC="0.99" CC="000000" TAGREFS=""/>
            <SP HPOS="691" ID="SP_157.4.1.8" VPOS="1453" WIDTH="19"/>
            <String CONTENT="mention" HEIGHT="36" HPOS="710" ID="ST_157.4.1.9" STYLEREFS="Style_4" VPOS="1453" WIDTH="154" WC="0.94" CC="0000000" TAGREFS=""/>
            <SP HPOS="864" ID="SP_157.4.1.10" VPOS="1465" WIDTH="18"/>
            <String CONTENT="a" HEIGHT="23" HPOS="882" ID="ST_157.4.1.11" STYLEREFS="Style_4" VPOS="1465" WIDTH="21" WC="1.00" CC="0" TAGREFS=""/>
            <SP HPOS="903" ID="SP_157.4.1.12" VPOS="1465" WIDTH="18"/>
            <String CONTENT="case," HEIGHT="29" HPOS="921" ID="ST_157.4.1.13" STYLEREFS="Style_4" VPOS="1465" WIDTH="91" WC="0.88" CC="00000" TAGREFS=""/>
            <SP HPOS="1012" ID="SP_157.4.1.14" VPOS="1459" WIDTH="19"/>
            <String CONTENT="not" HEIGHT="29" HPOS="1031" ID="ST_157.4.1.15" STYLEREFS="Style_4" VPOS="1459" WIDTH="60" WC="0.82" CC="000" TAGREFS=""/>
            <SP HPOS="1091" ID="SP_157.4.1.16" VPOS="1453" WIDTH="18"/>
            <String CONTENT="cited" HEIGHT="35" HPOS="1109" ID="ST_157.4.1.17" STYLEREFS="Style_4" VPOS="1453" WIDTH="91" WC="1.00" CC="00000" TAGREFS=""/>
            <SP HPOS="1200" ID="SP_157.4.1.18" VPOS="1454" WIDTH="19"/>
            <String CONTENT="in" HEIGHT="34" HPOS="1219" ID="ST_157.4.1.19" STYLEREFS="Style_4" VPOS="1454" WIDTH="34" WC="0.72" CC="00" TAGREFS=""/>
            <SP HPOS="1253" ID="SP_157.4.1.20" VPOS="1454" WIDTH="19"/>
            <String CONTENT="the" HEIGHT="34" HPOS="1272" ID="ST_157.4.1.21" STYLEREFS="Style_4" VPOS="1454" WIDTH="59" WC="0.96" CC="000" TAGREFS=""/>
          </TextLine>
          <TextLine HEIGHT="44" HPOS="115" ID="TL_157.4.2" VPOS="1503" WIDTH="1216">
            <String CONTENT="briefs," HEIGHT="41" HPOS="115" ID="ST_157.4.2.1" STYLEREFS="Style_4" VPOS="1504" WIDTH="118" WC="0.91" CC="0000000" TAGREFS=""/>
            <SP HPOS="233" ID="SP_157.4.2.2" VPOS="1504" WIDTH="13"/>
            <String CONTENT="in" HEIGHT="34" HPOS="246" ID="ST_157.4.2.3" STYLEREFS="Style_4" VPOS="1504" WIDTH="35" WC="1.00" CC="00" TAGREFS=""/>
            <SP HPOS="281" ID="SP_157.4.2.4" VPOS="1504" WIDTH="11"/>
            <String CONTENT="which" HEIGHT="34" HPOS="292" ID="ST_157.4.2.5" STYLEREFS="Style_4" VPOS="1504" WIDTH="112" WC="0.94" CC="00000" TAGREFS=""/>
            <SP HPOS="404" ID="SP_157.4.2.6" VPOS="1504" WIDTH="12"/>
            <String CONTENT="the" HEIGHT="35" HPOS="416" ID="ST_157.4.2.7" STYLEREFS="Style_4" VPOS="1504" WIDTH="59" WC="1.00" CC="000" TAGREFS=""/>
            <SP HPOS="475" ID="SP_157.4.2.8" VPOS="1504" WIDTH="12"/>
            <String CONTENT="California" HEIGHT="35" HPOS="487" ID="ST_157.4.2.9" STYLEREFS="Style_4" VPOS="1504" WIDTH="195" WC="0.94" CC="0000000000" TAGREFS=""/>
            <SP HPOS="682" ID="SP_157.4.2.10" VPOS="1504" WIDTH="12"/>
            <String CONTENT="Supreme" HEIGHT="43" HPOS="694" ID="ST_157.4.2.11" STYLEREFS="Style_4" VPOS="1504" WIDTH="170" WC="1.00" CC="0000000" TAGREFS=""/>
            <SP HPOS="864" ID="SP_157.4.2.12" VPOS="1504" WIDTH="12"/>
            <String CONTENT="Court," HEIGHT="40" HPOS="876" ID="ST_157.4.2.13" STYLEREFS="Style_4" VPOS="1504" WIDTH="121" WC="0.83" CC="000000" TAGREFS=""/>
            <SP HPOS="997" ID="SP_157.4.2.14" VPOS="1514" WIDTH="13"/>
            <String CONTENT="on" HEIGHT="24" HPOS="1010" ID="ST_157.4.2.15" STYLEREFS="Style_4" VPOS="1514" WIDTH="44" WC="0.79" CC="00" TAGREFS=""/>
            <SP HPOS="1054" ID="SP_157.4.2.16" VPOS="1503" WIDTH="12"/>
            <String CONTENT="facts" HEIGHT="35" HPOS="1066" ID="ST_157.4.2.17" STYLEREFS="Style_4" VPOS="1503" WIDTH="89" WC="1.00" CC="00000" TAGREFS=""/>
            <SP HPOS="1155" ID="SP_157.4.2.18" VPOS="1503" WIDTH="13"/>
            <String CONTENT="identical" HEIGHT="35" HPOS="1168" ID="ST_157.4.2.19" STYLEREFS="Style_4" VPOS="1503" WIDTH="163" WC="0.97" CC="000000000" TAGREFS=""/>
          </TextLine>
          <TextLine HEIGHT="44" HPOS="115" ID="TL_157.4.3" VPOS="1553" WIDTH="1216">
            <String CONTENT="to" HEIGHT="29" HPOS="115" ID="ST_157.4.3.1" STYLEREFS="Style_4" VPOS="1560" WIDTH="35" WC="1.00" CC="00" TAGREFS=""/>
            <SP HPOS="150" ID="SP_157.4.3.2" VPOS="1554" WIDTH="11"/>
            <String CONTENT="those" HEIGHT="34" HPOS="161" ID="ST_157.4.3.3" STYLEREFS="Style_4" VPOS="1554" WIDTH="99" WC="1.00" CC="00000" TAGREFS=""/>
            <SP HPOS="260" ID="SP_157.4.3.4" VPOS="1554" WIDTH="10"/>
            <String CONTENT="in" HEIGHT="34" HPOS="270" ID="ST_157.4.3.5" STYLEREFS="Style_4" VPOS="1554" WIDTH="34" WC="0.69" CC="00" TAGREFS=""/>
            <SP HPOS="304" ID="SP_157.4.3.6" VPOS="1554" WIDTH="10"/>
            <String CONTENT="the" HEIGHT="34" HPOS="314" ID="ST_157.4.3.7" STYLEREFS="Style_4" VPOS="1554" WIDTH="60" WC="0.82" CC="000" TAGREFS=""/>
            <SP HPOS="374" ID="SP_157.4.3.8" VPOS="1564" WIDTH="9"/>
            <String CONTENT="case" HEIGHT="24" HPOS="383" ID="ST_157.4.3.9" STYLEREFS="Style_4" VPOS="1564" WIDTH="79" WC="1.00" CC="0000" TAGREFS=""/>
            <SP HPOS="462" ID="SP_157.4.3.10" VPOS="1559" WIDTH="10"/>
            <String CONTENT="at" HEIGHT="30" HPOS="472" ID="ST_157.4.3.11" STYLEREFS="Style_4" VPOS="1559" WIDTH="36" WC="1.00" CC="00" TAGREFS=""/>
            <SP HPOS="508" ID="SP_157.4.3.12" VPOS="1554" WIDTH="10"/>
            <String CONTENT="bar," HEIGHT="41" HPOS="518" ID="ST_157.4.3.13" STYLEREFS="Style_4" VPOS="1554" WIDTH="74" WC="0.86" CC="0000" TAGREFS=""/>
            <SP HPOS="592" ID="SP_157.4.3.14" VPOS="1553" WIDTH="11"/>
            <String CONTENT="held" HEIGHT="35" HPOS="603" ID="ST_157.4.3.15" STYLEREFS="Style_4" VPOS="1553" WIDTH="81" WC="0.87" CC="0000" TAGREFS=""/>
            <SP HPOS="684" ID="SP_157.4.3.16" VPOS="1554" WIDTH="10"/>
            <String CONTENT="that" HEIGHT="34" HPOS="694" ID="ST_157.4.3.17" STYLEREFS="Style_4" VPOS="1554" WIDTH="76" WC="0.96" CC="0000" TAGREFS=""/>
            <SP HPOS="770" ID="SP_157.4.3.18" VPOS="1553" WIDTH="9"/>
            <String CONTENT="five-year" HEIGHT="44" HPOS="779" ID="ST_157.4.3.19" STYLEREFS="Style_4" VPOS="1553" WIDTH="164" WC="0.95" CC="000000000" TAGREFS=""/>
            <SP HPOS="943" ID="SP_157.4.3.20" VPOS="1553" WIDTH="10"/>
            <String CONTENT="termination" HEIGHT="35" HPOS="953" ID="ST_157.4.3.21" STYLEREFS="Style_4" VPOS="1553" WIDTH="223" WC="0.88" CC="00000000000" TAGREFS=""/>
            <SP HPOS="1176" ID="SP_157.4.3.22" VPOS="1554" WIDTH="11"/>
            <String CONTENT="benefits" HEIGHT="34" HPOS="1187" ID="ST_157.4.3.23" STYLEREFS="Style_4" VPOS="1554" WIDTH="144" WC="0.92" CC="00000000" TAGREFS=""/>
          </TextLine>
          <TextLine HEIGHT="43" HPOS="115" ID="TL_157.4.4" VPOS="1603" WIDTH="1216">
            <String CONTENT="under" HEIGHT="34" HPOS="115" ID="ST_157.4.4.1" STYLEREFS="Style_4" VPOS="1604" WIDTH="110" WC="0.97" CC="00000" TAGREFS=""/>
            <SP HPOS="225" ID="SP_157.4.4.2" VPOS="1604" WIDTH="14"/>
            <String CONTENT="the" HEIGHT="33" HPOS="239" ID="ST_157.4.4.3" STYLEREFS="Style_4" VPOS="1604" WIDTH="60" WC="1.00" CC="000" TAGREFS=""/>
            <SP HPOS="299" ID="SP_157.4.4.4" VPOS="1614" WIDTH="13"/>
            <String CONTENT="same" HEIGHT="23" HPOS="312" ID="ST_157.4.4.5" STYLEREFS="Style_4" VPOS="1614" WIDTH="96" WC="1.00" CC="0000" TAGREFS=""/>
            <SP HPOS="408" ID="SP_157.4.4.6" VPOS="1603" WIDTH="13"/>
            <String CONTENT="State" HEIGHT="35" HPOS="421" ID="ST_157.4.4.7" STYLEREFS="Style_4" VPOS="1603" WIDTH="100" WC="1.00" CC="00000" TAGREFS=""/>
            <SP HPOS="521" ID="SP_157.4.4.8" VPOS="1605" WIDTH="14"/>
            <String CONTENT="Farm" HEIGHT="33" HPOS="535" ID="ST_157.4.4.9" STYLEREFS="Style_4" VPOS="1605" WIDTH="104" WC="0.88" CC="0000" TAGREFS=""/>
            <SP HPOS="639" ID="SP_157.4.4.10" VPOS="1608" WIDTH="14"/>
            <String CONTENT="contract" HEIGHT="30" HPOS="653" ID="ST_157.4.4.11" STYLEREFS="Style_4" VPOS="1608" WIDTH="157" WC="0.93" CC="00000000" TAGREFS=""/>
            <SP HPOS="810" ID="SP_157.4.4.12" VPOS="1615" WIDTH="13"/>
            <String CONTENT="are" HEIGHT="23" HPOS="823" ID="ST_157.4.4.13" STYLEREFS="Style_4" VPOS="1615" WIDTH="59" WC="1.00" CC="000" TAGREFS=""/>
            <SP HPOS="882" ID="SP_157.4.4.14" VPOS="1603" WIDTH="13"/>
            <String CONTENT="divisible" HEIGHT="34" HPOS="895" ID="ST_157.4.4.15" STYLEREFS="Style_4" VPOS="1603" WIDTH="157" WC="1.00" CC="000000000" TAGREFS=""/>
            <SP HPOS="1052" ID="SP_157.4.4.16" VPOS="1614" WIDTH="14"/>
            <String CONTENT="as" HEIGHT="23" HPOS="1066" ID="ST_157.4.4.17" STYLEREFS="Style_4" VPOS="1614" WIDTH="37" WC="1.00" CC="00" TAGREFS=""/>
            <SP HPOS="1103" ID="SP_157.4.4.18" VPOS="1603" WIDTH="14"/>
            <String CONTENT="community" HEIGHT="43" HPOS="1117" ID="ST_157.4.4.19" STYLEREFS="Style_4" VPOS="1603" WIDTH="214" WC="0.92" CC="000000000" TAGREFS=""/>
          </TextLine>
          <TextLine HEIGHT="46" HPOS="115" ID="TL_157.4.5" VPOS="1651" WIDTH="1215">
            <String CONTENT="property," HEIGHT="39" HPOS="115" ID="ST_157.4.5.1" STYLEREFS="Style_4" VPOS="1658" WIDTH="174" WC="0.96" CC="000000000" TAGREFS=""/>
            <SP HPOS="289" ID="SP_157.4.5.2" VPOS="1663" WIDTH="16"/>
            <String CONTENT="upon" HEIGHT="33" HPOS="305" ID="ST_157.4.5.3" STYLEREFS="Style_4" VPOS="1663" WIDTH="92" WC="1.00" CC="0000" TAGREFS=""/>
            <SP HPOS="397" ID="SP_157.4.5.4" VPOS="1652" WIDTH="15"/>
            <String CONTENT="divorce." HEIGHT="36" HPOS="412" ID="ST_157.4.5.5" STYLEREFS="Style_4" VPOS="1652" WIDTH="147" WC="0.99" CC="00000000" TAGREFS=""/>
            <SP HPOS="559" ID="SP_157.4.5.6" VPOS="1652" WIDTH="15"/>
            <String CONTENT="Skaden" HEIGHT="35" HPOS="574" ID="ST_157.4.5.7" STYLEREFS="Style_5" VPOS="1652" WIDTH="147" WC="0.97" CC="000000" TAGREFS=""/>
            <SP HPOS="721" ID="SP_157.4.5.8" VPOS="1664" WIDTH="14"/>
            <String CONTENT="v." HEIGHT="22" HPOS="735" ID="ST_157.4.5.9" STYLEREFS="Style_4" VPOS="1664" WIDTH="30" WC="1.00" CC="00" TAGREFS=""/>
            <SP HPOS="765" ID="SP_157.4.5.10" VPOS="1652" WIDTH="15"/>
            <String CONTENT="Skaden," HEIGHT="41" HPOS="780" ID="ST_157.4.5.11" STYLEREFS="Style_5" VPOS="1652" WIDTH="156" WC="0.90" CC="0000000" TAGREFS=""/>
            <SP HPOS="936" ID="SP_157.4.5.12" VPOS="1653" WIDTH="21"/>
            <String CONTENT="19" HEIGHT="34" HPOS="957" ID="ST_157.4.5.13" STYLEREFS="Style_4" VPOS="1653" WIDTH="40" WC="1.00" CC="00" TAGREFS=""/>
            <SP HPOS="997" ID="SP_157.4.5.14" VPOS="1652" WIDTH="16"/>
            <String CONTENT="Cal." HEIGHT="34" HPOS="1013" ID="ST_157.4.5.15" STYLEREFS="Style_4" VPOS="1652" WIDTH="77" WC="0.88" CC="0000" TAGREFS=""/>
            <SP HPOS="1090" ID="SP_157.4.5.16" VPOS="1651" WIDTH="19"/>
            <String CONTENT="3d" HEIGHT="35" HPOS="1109" ID="ST_157.4.5.17" STYLEREFS="Style_4" VPOS="1651" WIDTH="44" WC="1.00" CC="00" TAGREFS=""/>
            <SP HPOS="1153" ID="SP_157.4.5.18" VPOS="1654" WIDTH="15"/>
            <String CONTENT="682," HEIGHT="39" HPOS="1168" ID="ST_157.4.5.19" STYLEREFS="Style_4" VPOS="1654" WIDTH="79" WC="0.77" CC="0000" TAGREFS=""/>
            <SP HPOS="1247" ID="SP_157.4.5.20" VPOS="1653" WIDTH="20"/>
            <String CONTENT="139" HEIGHT="33" HPOS="1267" ID="ST_157.4.5.21" STYLEREFS="Style_4" VPOS="1653" WIDTH="63" WC="1.00" CC="000" TAGREFS=""/>
          </TextLine>
          <TextLine HEIGHT="44" HPOS="115" ID="TL_157.4.6" VPOS="1701" WIDTH="1215">
            <String CONTENT="Cal.Rptr." HEIGHT="42" HPOS="115" ID="ST_157.4.6.1" STYLEREFS="Style_4" VPOS="1703" WIDTH="182" WC="0.99" CC="000000000" TAGREFS=""/>
            <SP HPOS="297" ID="SP_157.4.6.2" VPOS="1703" WIDTH="27"/>
            <String CONTENT="615," HEIGHT="39" HPOS="324" ID="ST_157.4.6.3" STYLEREFS="Style_4" VPOS="1703" WIDTH="78" WC="0.93" CC="0990" TAGREFS=""/>
            <SP HPOS="402" ID="SP_157.4.6.4" VPOS="1703" WIDTH="27"/>
            <String CONTENT="566" HEIGHT="34" HPOS="429" ID="ST_157.4.6.5" STYLEREFS="Style_4" VPOS="1703" WIDTH="66" WC="0.94" CC="000" TAGREFS=""/>
            <SP HPOS="495" ID="SP_157.4.6.6" VPOS="1702" WIDTH="26"/>
            <String CONTENT="P.2d" HEIGHT="34" HPOS="521" ID="ST_157.4.6.7" STYLEREFS="Style_4" VPOS="1702" WIDTH="86" WC="0.93" CC="0000" TAGREFS=""/>
            <SP HPOS="607" ID="SP_157.4.6.8" VPOS="1703" WIDTH="25"/>
            <String CONTENT="249" HEIGHT="33" HPOS="632" ID="ST_157.4.6.9" STYLEREFS="Style_4" VPOS="1703" WIDTH="68" WC="0.96" CC="000" TAGREFS=""/>
            <SP HPOS="700" ID="SP_157.4.6.10" VPOS="1702" WIDTH="27"/>
            <String CONTENT="(1977)." HEIGHT="42" HPOS="727" ID="ST_157.4.6.11" STYLEREFS="Style_4" VPOS="1702" WIDTH="137" WC="0.97" CC="0000000" TAGREFS=""/>
            <SP HPOS="864" ID="SP_157.4.6.12" VPOS="1702" WIDTH="25"/>
            <String CONTENT="The" HEIGHT="34" HPOS="889" ID="ST_157.4.6.13" STYLEREFS="Style_4" VPOS="1702" WIDTH="75" WC="0.75" CC="000" TAGREFS=""/>
            <SP HPOS="964" ID="SP_157.4.6.14" VPOS="1702" WIDTH="24"/>
            <String CONTENT="opinion," HEIGHT="43" HPOS="988" ID="ST_157.4.6.15" STYLEREFS="Style_4" VPOS="1702" WIDTH="151" WC="0.76" CC="00000000" TAGREFS=""/>
            <SP HPOS="1139" ID="SP_157.4.6.16" VPOS="1701" WIDTH="25"/>
            <String CONTENT="however," HEIGHT="41" HPOS="1164" ID="ST_157.4.6.17" STYLEREFS="Style_4" VPOS="1701" WIDTH="166" WC="0.94" CC="00000000" TAGREFS=""/>
          </TextLine>
          <TextLine HEIGHT="44" HPOS="115" ID="TL_157.4.7" VPOS="1750" WIDTH="1217">
            <String CONTENT="supplies" HEIGHT="43" HPOS="115" ID="ST_157.4.7.1" STYLEREFS="Style_4" VPOS="1751" WIDTH="152" WC="0.93" CC="00000000" TAGREFS=""/>
            <SP HPOS="267" ID="SP_157.4.7.2" VPOS="1762" WIDTH="12"/>
            <String CONTENT="no" HEIGHT="22" HPOS="279" ID="ST_157.4.7.3" STYLEREFS="Style_4" VPOS="1762" WIDTH="44" WC="1.00" CC="00" TAGREFS=""/>
            <SP HPOS="323" ID="SP_157.4.7.4" VPOS="1750" WIDTH="11"/>
            <String CONTENT="guidance;" HEIGHT="43" HPOS="334" ID="ST_157.4.7.5" STYLEREFS="Style_4" VPOS="1750" WIDTH="182" WC="0.90" CC="000000000" TAGREFS=""/>
            <SP HPOS="516" ID="SP_157.4.7.6" VPOS="1751" WIDTH="12"/>
            <String CONTENT="for" HEIGHT="34" HPOS="528" ID="ST_157.4.7.7" STYLEREFS="Style_4" VPOS="1751" WIDTH="54" WC="0.84" CC="000" TAGREFS=""/>
            <SP HPOS="582" ID="SP_157.4.7.8" VPOS="1751" WIDTH="11"/>
            <String CONTENT="the" HEIGHT="34" HPOS="593" ID="ST_157.4.7.9" STYLEREFS="Style_4" VPOS="1751" WIDTH="60" WC="0.88" CC="000" TAGREFS=""/>
            <SP HPOS="653" ID="SP_157.4.7.10" VPOS="1755" WIDTH="11"/>
            <String CONTENT="court" HEIGHT="29" HPOS="664" ID="ST_157.4.7.11" STYLEREFS="Style_4" VPOS="1755" WIDTH="99" WC="0.89" CC="00000" TAGREFS=""/>
            <SP HPOS="763" ID="SP_157.4.7.12" VPOS="1751" WIDTH="11"/>
            <String CONTENT="made" HEIGHT="34" HPOS="774" ID="ST_157.4.7.13" STYLEREFS="Style_4" VPOS="1751" WIDTH="103" WC="0.92" CC="0000" TAGREFS=""/>
            <SP HPOS="877" ID="SP_157.4.7.14" VPOS="1761" WIDTH="11"/>
            <String CONTENT="no" HEIGHT="23" HPOS="888" ID="ST_157.4.7.15" STYLEREFS="Style_4" VPOS="1761" WIDTH="44" WC="1.00" CC="00" TAGREFS=""/>
            <SP HPOS="932" ID="SP_157.4.7.16" VPOS="1750" WIDTH="12"/>
            <String CONTENT="suggestion" HEIGHT="43" HPOS="944" ID="ST_157.4.7.17" STYLEREFS="Style_4" VPOS="1750" WIDTH="199" WC="0.93" CC="0000000000" TAGREFS=""/>
            <SP HPOS="1143" ID="SP_157.4.7.18" VPOS="1751" WIDTH="12"/>
            <String CONTENT="about" HEIGHT="33" HPOS="1155" ID="ST_157.4.7.19" STYLEREFS="Style_4" VPOS="1751" WIDTH="106" WC="1.00" CC="00000" TAGREFS=""/>
            <SP HPOS="1261" ID="SP_157.4.7.20" VPOS="1751" WIDTH="12"/>
            <String CONTENT="the" HEIGHT="33" HPOS="1273" ID="ST_157.4.7.21" STYLEREFS="Style_4" VPOS="1751" WIDTH="59" WC="0.96" CC="000" TAGREFS=""/>
          </TextLine>
          <TextLine HEIGHT="45" HPOS="115" ID="TL_157.4.8" VPOS="1799" WIDTH="1216">
            <String CONTENT="division," HEIGHT="41" HPOS="115" ID="ST_157.4.8.1" STYLEREFS="Style_4" VPOS="1800" WIDTH="157" WC="0.91" CC="000000000" TAGREFS=""/>
            <SP HPOS="272" ID="SP_157.4.8.2" VPOS="1799" WIDTH="26"/>
            <String CONTENT="declaring" HEIGHT="44" HPOS="298" ID="ST_157.4.8.3" STYLEREFS="Style_4" VPOS="1799" WIDTH="176" WC="0.80" CC="000000000" TAGREFS=""/>
            <SP HPOS="474" ID="SP_157.4.8.4" VPOS="1800" WIDTH="26"/>
            <String CONTENT="instead" HEIGHT="34" HPOS="500" ID="ST_157.4.8.5" STYLEREFS="Style_4" VPOS="1800" WIDTH="135" WC="0.96" CC="0000000" TAGREFS=""/>
            <SP HPOS="635" ID="SP_157.4.8.6" VPOS="1800" WIDTH="25"/>
            <String CONTENT="that" HEIGHT="34" HPOS="660" ID="ST_157.4.8.7" STYLEREFS="Style_4" VPOS="1800" WIDTH="77" WC="0.99" CC="0000" TAGREFS=""/>
            <SP HPOS="737" ID="SP_157.4.8.8" VPOS="1799" WIDTH="25"/>
            <String CONTENT="in" HEIGHT="34" HPOS="762" ID="ST_157.4.8.9" STYLEREFS="Style_4" VPOS="1799" WIDTH="35" WC="1.00" CC="00" TAGREFS=""/>
            <SP HPOS="797" ID="SP_157.4.8.10" VPOS="1800" WIDTH="25"/>
            <String CONTENT="all" HEIGHT="34" HPOS="822" ID="ST_157.4.8.11" STYLEREFS="Style_4" VPOS="1800" WIDTH="46" WC="0.89" CC="000" TAGREFS=""/>
            <SP HPOS="868" ID="SP_157.4.8.12" VPOS="1800" WIDTH="25"/>
            <String CONTENT="such" HEIGHT="34" HPOS="893" ID="ST_157.4.8.13" STYLEREFS="Style_4" VPOS="1800" WIDTH="85" WC="0.92" CC="0000" TAGREFS=""/>
            <SP HPOS="978" ID="SP_157.4.8.14" VPOS="1810" WIDTH="25"/>
            <String CONTENT="cases" HEIGHT="24" HPOS="1003" ID="ST_157.4.8.15" STYLEREFS="Style_4" VPOS="1810" WIDTH="97" WC="1.00" CC="00000" TAGREFS=""/>
            <SP HPOS="1100" ID="SP_157.4.8.16" VPOS="1799" WIDTH="25"/>
            <String CONTENT="the" HEIGHT="34" HPOS="1125" ID="ST_157.4.8.17" STYLEREFS="Style_4" VPOS="1799" WIDTH="59" WC="1.00" CC="000" TAGREFS=""/>
            <SP HPOS="1184" ID="SP_157.4.8.18" VPOS="1810" WIDTH="25"/>
            <String CONTENT="proper" HEIGHT="34" HPOS="1209" ID="ST_157.4.8.19" STYLEREFS="Style_4" VPOS="1810" WIDTH="122" WC="0.97" CC="000000" TAGREFS=""/>
          </TextLine>
          <TextLine HEIGHT="42" HPOS="115" ID="TL_157.4.9" VPOS="1849" WIDTH="1217">
            <String CONTENT="division" HEIGHT="35" HPOS="115" ID="ST_157.4.9.1" STYLEREFS="Style_4" VPOS="1850" WIDTH="146" WC="0.97" CC="00000000" TAGREFS=""/>
            <SP HPOS="261" ID="SP_157.4.9.2" VPOS="1849" WIDTH="12"/>
            <String CONTENT="should" HEIGHT="36" HPOS="273" ID="ST_157.4.9.3" STYLEREFS="Style_4" VPOS="1849" WIDTH="122" WC="1.00" CC="000000" TAGREFS=""/>
            <SP HPOS="395" ID="SP_157.4.9.4" VPOS="1850" WIDTH="12"/>
            <String CONTENT="be" HEIGHT="34" HPOS="407" ID="ST_157.4.9.5" STYLEREFS="Style_4" VPOS="1850" WIDTH="43" WC="1.00" CC="00" TAGREFS=""/>
            <SP HPOS="450" ID="SP_157.4.9.6" VPOS="1850" WIDTH="10"/>
            <String CONTENT="left" HEIGHT="35" HPOS="460" ID="ST_157.4.9.7" STYLEREFS="Style_4" VPOS="1850" WIDTH="63" WC="1.00" CC="0000" TAGREFS=""/>
            <SP HPOS="523" ID="SP_157.4.9.8" VPOS="1855" WIDTH="11"/>
            <String CONTENT="to" HEIGHT="30" HPOS="534" ID="ST_157.4.9.9" STYLEREFS="Style_4" VPOS="1855" WIDTH="36" WC="1.00" CC="00" TAGREFS=""/>
            <SP HPOS="570" ID="SP_157.4.9.10" VPOS="1850" WIDTH="11"/>
            <String CONTENT="the" HEIGHT="35" HPOS="581" ID="ST_157.4.9.11" STYLEREFS="Style_4" VPOS="1850" WIDTH="59" WC="0.96" CC="000" TAGREFS=""/>
            <SP HPOS="640" ID="SP_157.4.9.12" VPOS="1849" WIDTH="11"/>
            <String CONTENT="sound" HEIGHT="36" HPOS="651" ID="ST_157.4.9.13" STYLEREFS="Style_4" VPOS="1849" WIDTH="110" WC="0.95" CC="00000" TAGREFS=""/>
            <SP HPOS="761" ID="SP_157.4.9.14" VPOS="1849" WIDTH="11"/>
            <String CONTENT="discretion" HEIGHT="36" HPOS="772" ID="ST_157.4.9.15" STYLEREFS="Style_4" VPOS="1849" WIDTH="185" WC="0.96" CC="0000000000" TAGREFS=""/>
            <SP HPOS="957" ID="SP_157.4.9.16" VPOS="1849" WIDTH="11"/>
            <String CONTENT="of" HEIGHT="35" HPOS="968" ID="ST_157.4.9.17" STYLEREFS="Style_4" VPOS="1849" WIDTH="39" WC="0.95" CC="00" TAGREFS=""/>
            <SP HPOS="1007" ID="SP_157.4.9.18" VPOS="1849" WIDTH="8"/>
            <String CONTENT="the" HEIGHT="35" HPOS="1015" ID="ST_157.4.9.19" STYLEREFS="Style_4" VPOS="1849" WIDTH="59" WC="1.00" CC="000" TAGREFS=""/>
            <SP HPOS="1074" ID="SP_157.4.9.20" VPOS="1849" WIDTH="11"/>
            <String CONTENT="trial" HEIGHT="35" HPOS="1085" ID="ST_157.4.9.21" STYLEREFS="Style_4" VPOS="1849" WIDTH="80" WC="0.92" CC="00000" TAGREFS=""/>
            <SP HPOS="1165" ID="SP_157.4.9.22" VPOS="1855" WIDTH="10"/>
            <String CONTENT="court," HEIGHT="36" HPOS="1175" ID="ST_157.4.9.23" STYLEREFS="Style_4" VPOS="1855" WIDTH="109" WC="0.99" CC="000000" TAGREFS=""/>
            <SP HPOS="1284" ID="SP_157.4.9.24" VPOS="1855" WIDTH="12"/>
            <String CONTENT="to" HEIGHT="29" HPOS="1296" ID="ST_157.4.9.25" STYLEREFS="Style_4" VPOS="1855" WIDTH="36" WC="1.00" CC="00" TAGREFS=""/>
          </TextLine>
          <TextLine HEIGHT="36" HPOS="116" ID="TL_157.4.10" VPOS="1900" WIDTH="602">
            <String CONTENT="which" HEIGHT="34" HPOS="116" ID="ST_157.4.10.1" STYLEREFS="Style_4" VPOS="1901" WIDTH="113" WC="0.95" CC="00000" TAGREFS=""/>
            <SP HPOS="229" ID="SP_157.4.10.2" VPOS="1901" WIDTH="21"/>
            <String CONTENT="the" HEIGHT="34" HPOS="250" ID="ST_157.4.10.3" STYLEREFS="Style_4" VPOS="1901" WIDTH="59" WC="1.00" CC="000" TAGREFS=""/>
            <SP HPOS="309" ID="SP_157.4.10.4" VPOS="1911" WIDTH="19"/>
            <String CONTENT="case" HEIGHT="24" HPOS="328" ID="ST_157.4.10.5" STYLEREFS="Style_4" VPOS="1911" WIDTH="80" WC="1.00" CC="0000" TAGREFS=""/>
            <SP HPOS="408" ID="SP_157.4.10.6" VPOS="1912" WIDTH="19"/>
            <String CONTENT="was" HEIGHT="24" HPOS="427" ID="ST_157.4.10.7" STYLEREFS="Style_4" VPOS="1912" WIDTH="70" WC="1.00" CC="000" TAGREFS=""/>
            <SP HPOS="497" ID="SP_157.4.10.8" VPOS="1900" WIDTH="21"/>
            <String CONTENT="remanded." HEIGHT="35" HPOS="518" ID="ST_157.4.10.9" STYLEREFS="Style_4" VPOS="1900" WIDTH="200" WC="0.91" CC="000000000" TAGREFS=""/>
          </TextLine>
        </TextBlock>
        <TextBlock HEIGHT="44.0" HPOS="208.0" ID="BL_157.5" TAGREFS="b157-7" VPOS="1982.0" WIDTH="677.0">
          <TextLine HEIGHT="44" HPOS="208" ID="TL_157.5.1" VPOS="1982" WIDTH="677">
            <String CONTENT="Affirmed" HEIGHT="34" HPOS="208" ID="ST_157.5.1.1" STYLEREFS="Style_4" VPOS="1982" WIDTH="170" WC="1.00" CC="00000000" TAGREFS=""/>
            <SP HPOS="378" ID="SP_157.5.1.2" VPOS="1982" WIDTH="21"/>
            <String CONTENT="in" HEIGHT="34" HPOS="399" ID="ST_157.5.1.3" STYLEREFS="Style_4" VPOS="1982" WIDTH="34" WC="0.77" CC="00" TAGREFS=""/>
            <SP HPOS="433" ID="SP_157.5.1.4" VPOS="1988" WIDTH="20"/>
            <String CONTENT="part," HEIGHT="38" HPOS="453" ID="ST_157.5.1.5" STYLEREFS="Style_4" VPOS="1988" WIDTH="89" WC="0.84" CC="00000" TAGREFS=""/>
            <SP HPOS="542" ID="SP_157.5.1.6" VPOS="1982" WIDTH="22"/>
            <String CONTENT="reversed" HEIGHT="35" HPOS="564" ID="ST_157.5.1.7" STYLEREFS="Style_4" VPOS="1982" WIDTH="158" WC="1.00" CC="00000000" TAGREFS=""/>
            <SP HPOS="722" ID="SP_157.5.1.8" VPOS="1982" WIDTH="20"/>
            <String CONTENT="in" HEIGHT="34" HPOS="742" ID="ST_157.5.1.9" STYLEREFS="Style_4" VPOS="1982" WIDTH="35" WC="1.00" CC="00" TAGREFS=""/>
            <SP HPOS="777" ID="SP_157.5.1.10" VPOS="1988" WIDTH="20"/>
            <String CONTENT="part." HEIGHT="38" HPOS="797" ID="ST_157.5.1.11" STYLEREFS="Style_4" VPOS="1988" WIDTH="88" WC="0.97" CC="00000" TAGREFS=""/>
          </TextLine>
        </TextBlock>
        <TextBlock HEIGHT="44.0" HPOS="207.0" ID="BL_157.6" TAGREFS="b157-8" VPOS="2063.0" WIDTH="582.0">
          <TextLine HEIGHT="44" HPOS="207" ID="TL_157.6.1" VPOS="2063" WIDTH="582">
            <String CONTENT="Purtle," HEIGHT="40" HPOS="207" ID="ST_157.6.1.1" STYLEREFS="Style_3" VPOS="2064" WIDTH="161" WC="0.94" CC="0000000" TAGREFS=""/>
            <SP HPOS="368" ID="SP_157.6.1.2" VPOS="2064" WIDTH="21"/>
            <String CONTENT="J.," HEIGHT="39" HPOS="389" ID="ST_157.6.1.3" STYLEREFS="Style_4" VPOS="2064" WIDTH="42" WC="0.85" CC="099" TAGREFS=""/>
            <SP HPOS="431" ID="SP_157.6.1.4" VPOS="2069" WIDTH="21"/>
            <String CONTENT="not" HEIGHT="29" HPOS="452" ID="ST_157.6.1.5" STYLEREFS="Style_2" VPOS="2069" WIDTH="60" WC="0.87" CC="000" TAGREFS=""/>
            <SP HPOS="512" ID="SP_157.6.1.6" VPOS="2063" WIDTH="20"/>
            <String CONTENT="participating." HEIGHT="44" HPOS="532" ID="ST_157.6.1.7" STYLEREFS="Style_2" VPOS="2063" WIDTH="257" WC="0.96" CC="00000000000000" TAGREFS=""/>
          </TextLine>
        </TextBlock>
        <TextBlock HEIGHT="41.0" HPOS="208.0" ID="BL_157.7" TAGREFS="b157-9" VPOS="2144.0" WIDTH="633.0">
          <TextLine HEIGHT="41" HPOS="208" ID="TL_157.7.1" VPOS="2144" WIDTH="633">
            <String CONTENT="Dudley" HEIGHT="34" HPOS="208" ID="ST_157.7.1.1" STYLEREFS="Style_3" VPOS="2145" WIDTH="161" WC="0.68" CC="000000" TAGREFS=""/>
            <SP HPOS="369" ID="SP_157.7.1.2" VPOS="2144" WIDTH="20"/>
            <String CONTENT="and" HEIGHT="35" HPOS="389" ID="ST_157.7.1.3" STYLEREFS="Style_4" VPOS="2144" WIDTH="68" WC="0.75" CC="000" TAGREFS=""/>
            <SP HPOS="457" ID="SP_157.7.1.4" VPOS="2146" WIDTH="22"/>
            <String CONTENT="Hays," HEIGHT="39" HPOS="479" ID="ST_157.7.1.5" STYLEREFS="Style_3" VPOS="2146" WIDTH="115" WC="0.79" CC="00000" TAGREFS=""/>
            <SP HPOS="594" ID="SP_157.7.1.6" VPOS="2145" WIDTH="21"/>
            <String CONTENT="JJ.," HEIGHT="40" HPOS="615" ID="ST_157.7.1.7" STYLEREFS="Style_4" VPOS="2145" WIDTH="65" WC="1.00" CC="0099" TAGREFS=""/>
            <SP HPOS="680" ID="SP_157.7.1.8" VPOS="2144" WIDTH="21"/>
            <String CONTENT="dissent." HEIGHT="35" HPOS="701" ID="ST_157.7.1.9" STYLEREFS="Style_4" VPOS="2144" WIDTH="140" WC="1.00" CC="00000000" TAGREFS=""/>
          </TextLine>
        </TextBlock>
        <TextBlock HEIGHT="42.0" HPOS="209.0" ID="BL_157.8" TAGREFS="b157-10" VPOS="2226.0" WIDTH="427.0">
          <TextLine HEIGHT="42" HPOS="209" ID="TL_157.8.1" VPOS="2226" WIDTH="427">
            <String CONTENT="Steele" HEIGHT="35" HPOS="209" ID="ST_157.8.1.1" STYLEREFS="Style_3" VPOS="2226" WIDTH="140" WC="0.80" CC="000000" TAGREFS=""/>
            <SP HPOS="349" ID="SP_157.8.1.2" VPOS="2227" WIDTH="16"/>
            <String CONTENT="Hays," HEIGHT="41" HPOS="365" ID="ST_157.8.1.3" STYLEREFS="Style_3" VPOS="2227" WIDTH="114" WC="0.82" CC="00000" TAGREFS=""/>
            <SP HPOS="479" ID="SP_157.8.1.4" VPOS="2226" WIDTH="15"/>
            <String CONTENT="Justice," HEIGHT="41" HPOS="494" ID="ST_157.8.1.5" STYLEREFS="Style_4" VPOS="2226" WIDTH="142" WC="0.93" CC="00000000" TAGREFS=""/>
          </TextLine>
        </TextBlock>
        <TextBlock HEIGHT="44.0" HPOS="652.0" ID="BL_157.9" TAGREFS="Ap7" VPOS="2226.0" WIDTH="679.0">
          <TextLine HEIGHT="44" HPOS="652" ID="TL_157.9.1" VPOS="2226" WIDTH="679">
            <String CONTENT="dissenting." HEIGHT="44" HPOS="652" ID="ST_157.9.1.1" STYLEREFS="Style_4" VPOS="2226" WIDTH="200" WC="0.94" CC="00000000000" TAGREFS=""/>
            <SP HPOS="852" ID="SP_157.9.1.2" VPOS="2227" WIDTH="17"/>
            <String CONTENT="In" HEIGHT="34" HPOS="869" ID="ST_157.9.1.3" STYLEREFS="Style_4" VPOS="2227" WIDTH="39" WC="0.85" CC="00" TAGREFS=""/>
            <SP HPOS="908" ID="SP_157.9.1.4" VPOS="2228" WIDTH="14"/>
            <String CONTENT="Day" HEIGHT="41" HPOS="922" ID="ST_157.9.1.5" STYLEREFS="Style_5" VPOS="2228" WIDTH="78" WC="1.00" CC="000" TAGREFS=""/>
            <SP HPOS="1000" ID="SP_157.9.1.6" VPOS="2237" WIDTH="13"/>
            <String CONTENT="v." HEIGHT="23" HPOS="1013" ID="ST_157.9.1.7" STYLEREFS="Style_2" VPOS="2237" WIDTH="31" WC="1.00" CC="00" TAGREFS=""/>
            <SP HPOS="1044" ID="SP_157.9.1.8" VPOS="2228" WIDTH="15"/>
            <String CONTENT="Day," HEIGHT="41" HPOS="1059" ID="ST_157.9.1.9" STYLEREFS="Style_5" VPOS="2228" WIDTH="89" WC="0.88" CC="0000" TAGREFS=""/>
            <SP HPOS="1148" ID="SP_157.9.1.10" VPOS="2227" WIDTH="17"/>
            <String CONTENT="281" HEIGHT="34" HPOS="1165" ID="ST_157.9.1.11" STYLEREFS="Style_4" VPOS="2227" WIDTH="63" WC="0.84" CC="099" TAGREFS=""/>
            <SP HPOS="1228" ID="SP_157.9.1.12" VPOS="2226" WIDTH="18"/>
            <String CONTENT="Ark." HEIGHT="35" HPOS="1246" ID="ST_157.9.1.13" STYLEREFS="Style_4" VPOS="2226" WIDTH="85" WC="1.00" CC="0000" TAGREFS=""/>
          </TextLine>
        </TextBlock>
        <TextBlock HEIGHT="192.0" HPOS="117.0" ID="BL_157.10" TAGREFS="Ap7" VPOS="2276.0" WIDTH="1221.0">
          <TextLine HEIGHT="44" HPOS="118" ID="TL_157.10.1" VPOS="2276" WIDTH="1216">
            <String CONTENT="261," HEIGHT="40" HPOS="118" ID="ST_157.10.1.1" STYLEREFS="Style_4" VPOS="2278" WIDTH="80" WC="0.96" CC="0000" TAGREFS=""/>
            <SP HPOS="198" ID="SP_157.10.1.2" VPOS="2277" WIDTH="19"/>
            <String CONTENT="663" HEIGHT="34" HPOS="217" ID="ST_157.10.1.3" STYLEREFS="Style_4" VPOS="2277" WIDTH="66" WC="1.00" CC="000" TAGREFS=""/>
            <SP HPOS="283" ID="SP_157.10.1.4" VPOS="2276" WIDTH="20"/>
            <String CONTENT="S.W.2d" HEIGHT="35" HPOS="303" ID="ST_157.10.1.5" STYLEREFS="Style_4" VPOS="2276" WIDTH="143" WC="0.97" CC="000000" TAGREFS=""/>
            <SP HPOS="446" ID="SP_157.10.1.6" VPOS="2278" WIDTH="18"/>
            <String CONTENT="719" HEIGHT="33" HPOS="464" ID="ST_157.10.1.7" STYLEREFS="Style_4" VPOS="2278" WIDTH="67" WC="1.00" CC="000" TAGREFS=""/>
            <SP HPOS="531" ID="SP_157.10.1.8" VPOS="2276" WIDTH="21"/>
            <String CONTENT="(1984)," HEIGHT="44" HPOS="552" ID="ST_157.10.1.9" STYLEREFS="Style_4" VPOS="2276" WIDTH="138" WC="0.96" CC="0000000" TAGREFS=""/>
            <SP HPOS="690" ID="SP_157.10.1.10" VPOS="2276" WIDTH="18"/>
            <String CONTENT="this" HEIGHT="35" HPOS="708" ID="ST_157.10.1.11" STYLEREFS="Style_4" VPOS="2276" WIDTH="69" WC="1.00" CC="0000" TAGREFS=""/>
            <SP HPOS="777" ID="SP_157.10.1.12" VPOS="2282" WIDTH="17"/>
            <String CONTENT="court" HEIGHT="29" HPOS="794" ID="ST_157.10.1.13" STYLEREFS="Style_4" VPOS="2282" WIDTH="98" WC="1.00" CC="00000" TAGREFS=""/>
            <SP HPOS="892" ID="SP_157.10.1.14" VPOS="2277" WIDTH="17"/>
            <String CONTENT="took" HEIGHT="34" HPOS="909" ID="ST_157.10.1.15" STYLEREFS="Style_4" VPOS="2277" WIDTH="83" WC="0.93" CC="0000" TAGREFS=""/>
            <SP HPOS="992" ID="SP_157.10.1.16" VPOS="2288" WIDTH="16"/>
            <String CONTENT="a" HEIGHT="23" HPOS="1008" ID="ST_157.10.1.17" STYLEREFS="Style_4" VPOS="2288" WIDTH="21" WC="1.00" CC="0" TAGREFS=""/>
            <SP HPOS="1029" ID="SP_157.10.1.18" VPOS="2276" WIDTH="17"/>
            <String CONTENT="significant" HEIGHT="43" HPOS="1046" ID="ST_157.10.1.19" STYLEREFS="Style_4" VPOS="2276" WIDTH="196" WC="0.92" CC="00000000000" TAGREFS=""/>
            <SP HPOS="1242" ID="SP_157.10.1.20" VPOS="2281" WIDTH="17"/>
            <String CONTENT="step" HEIGHT="39" HPOS="1259" ID="ST_157.10.1.21" STYLEREFS="Style_4" VPOS="2281" WIDTH="75" WC="1.00" CC="0000" TAGREFS=""/>
          </TextLine>
          <TextLine HEIGHT="44" HPOS="118" ID="TL_157.10.2" VPOS="2326" WIDTH="1214">
            <String CONTENT="forward" HEIGHT="34" HPOS="118" ID="ST_157.10.2.1" STYLEREFS="Style_4" VPOS="2327" WIDTH="151" WC="1.00" CC="0000000" TAGREFS=""/>
            <SP HPOS="269" ID="SP_157.10.2.2" VPOS="2327" WIDTH="11"/>
            <String CONTENT="in" HEIGHT="34" HPOS="280" ID="ST_157.10.2.3" STYLEREFS="Style_4" VPOS="2327" WIDTH="35" WC="0.96" CC="00" TAGREFS=""/>
            <SP HPOS="315" ID="SP_157.10.2.4" VPOS="2327" WIDTH="12"/>
            <String CONTENT="interpreting" HEIGHT="43" HPOS="327" ID="ST_157.10.2.5" STYLEREFS="Style_4" VPOS="2327" WIDTH="225" WC="0.95" CC="000000000000" TAGREFS=""/>
            <SP HPOS="552" ID="SP_157.10.2.6" VPOS="2327" WIDTH="11"/>
            <String CONTENT="marital" HEIGHT="34" HPOS="563" ID="ST_157.10.2.7" STYLEREFS="Style_4" VPOS="2327" WIDTH="140" WC="1.00" CC="0000000" TAGREFS=""/>
            <SP HPOS="703" ID="SP_157.10.2.8" VPOS="2332" WIDTH="12"/>
            <String CONTENT="property" HEIGHT="38" HPOS="715" ID="ST_157.10.2.9" STYLEREFS="Style_4" VPOS="2332" WIDTH="162" WC="0.98" CC="00000000" TAGREFS=""/>
            <SP HPOS="877" ID="SP_157.10.2.10" VPOS="2326" WIDTH="10"/>
            <String CONTENT="under" HEIGHT="35" HPOS="887" ID="ST_157.10.2.11" STYLEREFS="Style_4" VPOS="2326" WIDTH="110" WC="0.81" CC="00000" TAGREFS=""/>
            <SP HPOS="997" ID="SP_157.10.2.12" VPOS="2327" WIDTH="11"/>
            <String CONTENT="Ark." HEIGHT="33" HPOS="1008" ID="ST_157.10.2.13" STYLEREFS="Style_4" VPOS="2327" WIDTH="85" WC="0.98" CC="0000" TAGREFS=""/>
            <SP HPOS="1093" ID="SP_157.10.2.14" VPOS="2326" WIDTH="13"/>
            <String CONTENT="Stat." HEIGHT="35" HPOS="1106" ID="ST_157.10.2.15" STYLEREFS="Style_4" VPOS="2326" WIDTH="90" WC="1.00" CC="00000" TAGREFS=""/>
            <SP HPOS="1196" ID="SP_157.10.2.16" VPOS="2327" WIDTH="12"/>
            <String CONTENT="Ann." HEIGHT="33" HPOS="1208" ID="ST_157.10.2.17" STYLEREFS="Style_4" VPOS="2327" WIDTH="91" WC="1.00" CC="0000" TAGREFS=""/>
            <SP HPOS="1299" ID="SP_157.10.2.18" VPOS="2326" WIDTH="16"/>
            <String CONTENT="§" HEIGHT="42" HPOS="1315" ID="ST_157.10.2.19" STYLEREFS="Style_4" VPOS="2326" WIDTH="17" WC="1.00" CC="0" TAGREFS=""/>
          </TextLine>
          <TextLine HEIGHT="45" HPOS="119" ID="TL_157.10.3" VPOS="2375" WIDTH="1219">
            <String CONTENT="34-1214" HEIGHT="33" HPOS="119" ID="ST_157.10.3.1" STYLEREFS="Style_4" VPOS="2377" WIDTH="156" WC="0.91" CC="0000000" TAGREFS=""/>
            <SP HPOS="275" ID="SP_157.10.3.2" VPOS="2376" WIDTH="15"/>
            <String CONTENT="(1985" HEIGHT="42" HPOS="290" ID="ST_157.10.3.3" STYLEREFS="Style_4" VPOS="2376" WIDTH="107" WC="1.00" CC="00000" TAGREFS=""/>
            <SP HPOS="397" ID="SP_157.10.3.4" VPOS="2376" WIDTH="15"/>
            <String CONTENT="Supp.)," HEIGHT="44" HPOS="412" ID="ST_157.10.3.5" STYLEREFS="Style_4" VPOS="2376" WIDTH="138" WC="0.98" CC="0000999" TAGREFS=""/>
            <SP HPOS="550" ID="SP_157.10.3.6" VPOS="2376" WIDTH="15"/>
            <String CONTENT="modelling" HEIGHT="42" HPOS="565" ID="ST_157.10.3.7" STYLEREFS="Style_4" VPOS="2376" WIDTH="188" WC="0.99" CC="000000000" TAGREFS=""/>
            <SP HPOS="753" ID="SP_157.10.3.8" VPOS="2386" WIDTH="13"/>
            <String CONTENT="our" HEIGHT="24" HPOS="766" ID="ST_157.10.3.9" STYLEREFS="Style_4" VPOS="2386" WIDTH="62" WC="0.99" CC="000" TAGREFS=""/>
            <SP HPOS="828" ID="SP_157.10.3.10" VPOS="2376" WIDTH="14"/>
            <String CONTENT="approach" HEIGHT="43" HPOS="842" ID="ST_157.10.3.11" STYLEREFS="Style_4" VPOS="2376" WIDTH="176" WC="1.00" CC="00000000" TAGREFS=""/>
            <SP HPOS="1018" ID="SP_157.10.3.12" VPOS="2375" WIDTH="13"/>
            <String CONTENT="after" HEIGHT="35" HPOS="1031" ID="ST_157.10.3.13" STYLEREFS="Style_4" VPOS="2375" WIDTH="91" WC="1.00" CC="00000" TAGREFS=""/>
            <SP HPOS="1122" ID="SP_157.10.3.14" VPOS="2375" WIDTH="13"/>
            <String CONTENT="the" HEIGHT="35" HPOS="1135" ID="ST_157.10.3.15" STYLEREFS="Style_4" VPOS="2375" WIDTH="59" WC="1.00" CC="000" TAGREFS=""/>
            <SP HPOS="1194" ID="SP_157.10.3.16" VPOS="2386" WIDTH="13"/>
            <String CONTENT="case" HEIGHT="24" HPOS="1207" ID="ST_157.10.3.17" STYLEREFS="Style_4" VPOS="2386" WIDTH="79" WC="0.92" CC="0000" TAGREFS=""/>
            <SP HPOS="1286" ID="SP_157.10.3.18" VPOS="2375" WIDTH="13"/>
            <String CONTENT="of" HEIGHT="34" HPOS="1299" ID="ST_157.10.3.19" STYLEREFS="Style_4" VPOS="2375" WIDTH="39" WC="1.00" CC="00" TAGREFS=""/>
          </TextLine>
          <TextLine HEIGHT="44" HPOS="117" ID="TL_157.10.4" VPOS="2424" WIDTH="1217">
            <String CONTENT="In re" HEIGHT="31" HPOS="117" ID="ST_157.10.4.1" STYLEREFS="Style_5" VPOS="2428" WIDTH="88" WC="1.0" CC="00000" TAGREFS=""/>
            <SP HPOS="205" ID="SP_157.10.4.2" VPOS="2427" WIDTH="9"/>
            <String CONTENT="Marriage" HEIGHT="41" HPOS="214" ID="ST_157.10.4.3" STYLEREFS="Style_5" VPOS="2427" WIDTH="183" WC="0.99" CC="00000000" TAGREFS=""/>
            <SP HPOS="397" ID="SP_157.10.4.4" VPOS="2424" WIDTH="10"/>
            <String CONTENT="of" HEIGHT="43" HPOS="407" ID="ST_157.10.4.5" STYLEREFS="Style_5" VPOS="2424" WIDTH="45" WC="0.85" CC="00" TAGREFS=""/>
            <SP HPOS="452" ID="SP_157.10.4.6" VPOS="2427" WIDTH="1"/>
            <String CONTENT="Brown," HEIGHT="38" HPOS="453" ID="ST_157.10.4.7" STYLEREFS="Style_5" VPOS="2427" WIDTH="135" WC="0.83" CC="000000" TAGREFS=""/>
            <SP HPOS="588" ID="SP_157.10.4.8" VPOS="2426" WIDTH="15"/>
            <String CONTENT="15" HEIGHT="33" HPOS="603" ID="ST_157.10.4.9" STYLEREFS="Style_4" VPOS="2426" WIDTH="40" WC="0.93" CC="00" TAGREFS=""/>
            <SP HPOS="643" ID="SP_157.10.4.10" VPOS="2424" WIDTH="12"/>
            <String CONTENT="Cal.3rd" HEIGHT="34" HPOS="655" ID="ST_157.10.4.11" STYLEREFS="Style_4" VPOS="2424" WIDTH="144" WC="1.00" CC="0000000" TAGREFS=""/>
            <SP HPOS="799" ID="SP_157.10.4.12" VPOS="2425" WIDTH="12"/>
            <String CONTENT="838, 126" HEIGHT="40" HPOS="811" ID="ST_157.10.4.13" STYLEREFS="Style_4" VPOS="2425" WIDTH="158" WC="1.0" CC="00000000" TAGREFS=""/>
            <SP HPOS="969" ID="SP_157.10.4.14" VPOS="2425" WIDTH="11"/>
            <String CONTENT="Cal.Rept." HEIGHT="42" HPOS="980" ID="ST_157.10.4.15" STYLEREFS="Style_4" VPOS="2425" WIDTH="183" WC="0.93" CC="000000000" TAGREFS=""/>
            <SP HPOS="1163" ID="SP_157.10.4.16" VPOS="2425" WIDTH="12"/>
            <String CONTENT="633, 544" HEIGHT="40" HPOS="1175" ID="ST_157.10.4.17" STYLEREFS="Style_4" VPOS="2425" WIDTH="159" WC="1.0" CC="00000000" TAGREFS=""/>
          </TextLine>
        </TextBlock>
      </PrintSpace>
    </Page>
  </Layout>
</alto>
