<?xml version='1.0' encoding='utf-8'?>
<alto xmlns="http://www.loc.gov/standards/alto/ns-v3#">
  <!--Created by Innodata R.E.D. RLI tool: 2017-04-25 06:27:34.262030-->
  <Description>
    <MeasurementUnit>pixel</MeasurementUnit>
    <sourceImageInformation>
      <fileName>32044078577194_00257_0.tif</fileName>
    </sourceImageInformation>
    <OCRProcessing ID="OP_1">
      <ocrProcessingStep>
        <processingStepDescription>Alto coordinates refer to the deskewed TIFF file. 
		To convert point (x, y) to original image (TIFF or JP2) apply transformation matrix T=(m00, m01, m10, m11, b0, b1) using the rule:
			T * (x,y) = (m00 * x + m01 * y + b0), (m10 * x + m11 * y + b1)</processingStepDescription>
        <processingStepSettings>RED.transform=(0.9999875000260416, -0.004999979166692708, 0.004999979166692708, 0.9999875000260416, 0.22000000000002728, -8.12000000000011)</processingStepSettings>
      </ocrProcessingStep>
    </OCRProcessing>
  </Description>
  <Styles>
    <TextStyle FONTFAMILY="Times New Roman" FONTSIZE="10.50" FONTSTYLE="bold smallcaps" FONTTYPE="serif" FONTWIDTH="proportional" ID="Style_3"/>
    <TextStyle FONTFAMILY="Times New Roman" FONTSIZE="11.00" FONTTYPE="serif" FONTWIDTH="proportional" ID="Style_4"/>
    <TextStyle FONTFAMILY="Times New Roman" FONTSIZE="11.00" FONTSTYLE="italics" FONTTYPE="serif" FONTWIDTH="proportional" ID="Style_5"/>
  </Styles>
  <Tags>
    <StructureTag ID="b513-4" LABEL="pagelabel"/>
    <StructureTag ID="b513-7" LABEL="attorneys"/>
    <StructureTag ID="b513-8" LABEL="attorneys"/>
    <StructureTag ID="b513-9" LABEL="author"/>
    <StructureTag ID="AIi" LABEL="p"/>
    <StructureTag ID="b513-10" LABEL="p"/>
    <StructureTag ID="b513-11" LABEL="p"/>
    <StructureTag ID="b513-12" LABEL="p"/>
    <StructureTag ID="b513-13" LABEL="p"/>
    </Tags>
  <Layout>
    <Page HEIGHT="2696" ID="PG_513" PHYSICAL_IMG_NR="513" WIDTH="1661">
      <PrintSpace HEIGHT="2696" HPOS="0" ID="PS_513" VPOS="0" WIDTH="1661">
        <TextBlock HEIGHT="34.0" HPOS="1281.0" ID="BL_513.3" TAGREFS="b513-4" VPOS="279.0" WIDTH="68.0">
          <TextLine HEIGHT="34" HPOS="1281" ID="TL_513.3.1" VPOS="279" WIDTH="68">
            <String CONTENT="479" HEIGHT="34" HPOS="1281" ID="ST_513.3.1.1" STYLEREFS="Style_4" VPOS="279" WIDTH="68" WC="0.99" CC="000" TAGREFS=""/>
          </TextLine>
        </TextBlock>
        <TextBlock HEIGHT="95.0" HPOS="142.0" ID="BL_513.7" TAGREFS="b513-7" VPOS="617.0" WIDTH="1210.0">
          <TextLine HEIGHT="45" HPOS="237" ID="TL_513.7.1" VPOS="617" WIDTH="1115">
            <String CONTENT="Williams," HEIGHT="40" HPOS="237" ID="ST_513.7.1.1" STYLEREFS="Style_5" VPOS="617" WIDTH="181" WC="0.94" CC="000000000" TAGREFS=""/>
            <SP HPOS="418" ID="SP_513.7.1.2" VPOS="617" WIDTH="21"/>
            <String CONTENT="Kendall," HEIGHT="40" HPOS="439" ID="ST_513.7.1.3" STYLEREFS="Style_5" VPOS="617" WIDTH="162" WC="1.00" CC="00000000" TAGREFS=""/>
            <SP HPOS="601" ID="SP_513.7.1.4" VPOS="618" WIDTH="19"/>
            <String CONTENT="Schrantz" HEIGHT="35" HPOS="620" ID="ST_513.7.1.5" STYLEREFS="Style_5" VPOS="618" WIDTH="174" WC="0.81" CC="00000000" TAGREFS=""/>
            <SP HPOS="794" ID="SP_513.7.1.6" VPOS="620" WIDTH="21"/>
            <String CONTENT="&amp;" HEIGHT="33" HPOS="815" ID="ST_513.7.1.7" STYLEREFS="Style_5" VPOS="620" WIDTH="31" WC="1.00" CC="0" TAGREFS=""/>
            <SP HPOS="846" ID="SP_513.7.1.8" VPOS="617" WIDTH="25"/>
            <String CONTENT="Wood," HEIGHT="40" HPOS="871" ID="ST_513.7.1.9" STYLEREFS="Style_5" VPOS="617" WIDTH="118" WC="0.48" CC="00000" TAGREFS=""/>
            <SP HPOS="989" ID="SP_513.7.1.10" VPOS="620" WIDTH="21"/>
            <String CONTENT="P.A.," HEIGHT="38" HPOS="1010" ID="ST_513.7.1.11" STYLEREFS="Style_5" VPOS="620" WIDTH="93" WC="0.91" CC="00000" TAGREFS=""/>
            <SP HPOS="1103" ID="SP_513.7.1.12" VPOS="618" WIDTH="22"/>
            <String CONTENT="by:" HEIGHT="44" HPOS="1125" ID="ST_513.7.1.13" STYLEREFS="Style_5" VPOS="618" WIDTH="56" WC="0.92" CC="000" TAGREFS=""/>
            <SP HPOS="1181" ID="SP_513.7.1.14" VPOS="618" WIDTH="16"/>
            <String CONTENT="Stephen" HEIGHT="44" HPOS="1197" ID="ST_513.7.1.15" STYLEREFS="Style_5" VPOS="618" WIDTH="155" WC="1.00" CC="0000000" TAGREFS=""/>
          </TextLine>
          <TextLine HEIGHT="45" HPOS="142" ID="TL_513.7.2" VPOS="667" WIDTH="490">
            <String CONTENT="Lee" HEIGHT="33" HPOS="142" ID="ST_513.7.2.1" STYLEREFS="Style_5" VPOS="669" WIDTH="66" WC="0.96" CC="000" TAGREFS=""/>
            <SP HPOS="208" ID="SP_513.7.2.2" VPOS="667" WIDTH="25"/>
            <String CONTENT="Wood," HEIGHT="41" HPOS="233" ID="ST_513.7.2.3" STYLEREFS="Style_5" VPOS="667" WIDTH="118" WC="0.81" CC="00000" TAGREFS=""/>
            <SP HPOS="351" ID="SP_513.7.2.4" VPOS="667" WIDTH="22"/>
            <String CONTENT="for" HEIGHT="35" HPOS="373" ID="ST_513.7.2.5" STYLEREFS="Style_4" VPOS="667" WIDTH="52" WC="1.00" CC="000" TAGREFS=""/>
            <SP HPOS="425" ID="SP_513.7.2.6" VPOS="667" WIDTH="20"/>
            <String CONTENT="appellant." HEIGHT="45" HPOS="445" ID="ST_513.7.2.7" STYLEREFS="Style_4" VPOS="667" WIDTH="187" WC="0.90" CC="0000000000" TAGREFS=""/>
          </TextLine>
        </TextBlock>
        <TextBlock HEIGHT="44.0" HPOS="234.0" ID="BL_513.8" TAGREFS="b513-8" VPOS="744.0" WIDTH="631.0">
          <TextLine HEIGHT="44" HPOS="234" ID="TL_513.8.1" VPOS="744" WIDTH="631">
            <String CONTENT="James" HEIGHT="33" HPOS="234" ID="ST_513.8.1.1" STYLEREFS="Style_5" VPOS="746" WIDTH="122" WC="1.00" CC="00000" TAGREFS=""/>
            <SP HPOS="356" ID="SP_513.8.1.2" VPOS="746" WIDTH="18"/>
            <String CONTENT="R." HEIGHT="33" HPOS="374" ID="ST_513.8.1.3" STYLEREFS="Style_5" VPOS="746" WIDTH="42" WC="1.00" CC="00" TAGREFS=""/>
            <SP HPOS="416" ID="SP_513.8.1.4" VPOS="744" WIDTH="22"/>
            <String CONTENT="Jackson," HEIGHT="41" HPOS="438" ID="ST_513.8.1.5" STYLEREFS="Style_5" VPOS="744" WIDTH="167" WC="0.97" CC="00000000" TAGREFS=""/>
            <SP HPOS="605" ID="SP_513.8.1.6" VPOS="744" WIDTH="22"/>
            <String CONTENT="for" HEIGHT="35" HPOS="627" ID="ST_513.8.1.7" STYLEREFS="Style_4" VPOS="744" WIDTH="54" WC="1.00" CC="000" TAGREFS=""/>
            <SP HPOS="681" ID="SP_513.8.1.8" VPOS="744" WIDTH="20"/>
            <String CONTENT="appellee." HEIGHT="44" HPOS="701" ID="ST_513.8.1.9" STYLEREFS="Style_4" VPOS="744" WIDTH="164" WC="1.00" CC="000000000" TAGREFS=""/>
          </TextLine>
        </TextBlock>
        <TextBlock HEIGHT="41.0" HPOS="234.0" ID="BL_513.9" TAGREFS="b513-9" VPOS="820.0" WIDTH="575.0">
          <TextLine HEIGHT="41" HPOS="234" ID="TL_513.9.1" VPOS="820" WIDTH="575">
            <String CONTENT="George" HEIGHT="34" HPOS="234" ID="ST_513.9.1.1" STYLEREFS="Style_3" VPOS="821" WIDTH="161" WC="0.89" CC="000000" TAGREFS=""/>
            <SP HPOS="395" ID="SP_513.9.1.2" VPOS="821" WIDTH="13"/>
            <String CONTENT="Rose" HEIGHT="34" HPOS="408" ID="ST_513.9.1.3" STYLEREFS="Style_3" VPOS="821" WIDTH="100" WC="1.00" CC="0000" TAGREFS=""/>
            <SP HPOS="508" ID="SP_513.9.1.4" VPOS="820" WIDTH="14"/>
            <String CONTENT="Smith," HEIGHT="41" HPOS="522" ID="ST_513.9.1.5" STYLEREFS="Style_3" VPOS="820" WIDTH="132" WC="0.87" CC="000000" TAGREFS=""/>
            <SP HPOS="654" ID="SP_513.9.1.6" VPOS="821" WIDTH="14"/>
            <String CONTENT="Justice." HEIGHT="35" HPOS="668" ID="ST_513.9.1.7" STYLEREFS="Style_4" VPOS="821" WIDTH="141" WC="0.95" CC="00000000" TAGREFS=""/>
          </TextLine>
        </TextBlock>
        <TextBlock HEIGHT="44.0" HPOS="824.0" ID="BL_513.10" TAGREFS="AIi" VPOS="821.0" WIDTH="529.0">
          <TextLine HEIGHT="44" HPOS="824" ID="TL_513.10.1" VPOS="821" WIDTH="529">
            <String CONTENT="This" HEIGHT="34" HPOS="824" ID="ST_513.10.1.1" STYLEREFS="Style_4" VPOS="821" WIDTH="82" WC="0.98" CC="0000" TAGREFS=""/>
            <SP HPOS="906" ID="SP_513.10.1.2" VPOS="822" WIDTH="14"/>
            <String CONTENT="is" HEIGHT="34" HPOS="920" ID="ST_513.10.1.3" STYLEREFS="Style_4" VPOS="822" WIDTH="27" WC="1.00" CC="00" TAGREFS=""/>
            <SP HPOS="947" ID="SP_513.10.1.4" VPOS="832" WIDTH="15"/>
            <String CONTENT="a" HEIGHT="23" HPOS="962" ID="ST_513.10.1.5" STYLEREFS="Style_4" VPOS="832" WIDTH="20" WC="1.00" CC="0" TAGREFS=""/>
            <SP HPOS="982" ID="SP_513.10.1.6" VPOS="821" WIDTH="14"/>
            <String CONTENT="petition" HEIGHT="44" HPOS="996" ID="ST_513.10.1.7" STYLEREFS="Style_4" VPOS="821" WIDTH="144" WC="0.94" CC="00000000" TAGREFS=""/>
            <SP HPOS="1140" ID="SP_513.10.1.8" VPOS="821" WIDTH="14"/>
            <String CONTENT="filed" HEIGHT="34" HPOS="1154" ID="ST_513.10.1.9" STYLEREFS="Style_4" VPOS="821" WIDTH="79" WC="0.83" CC="00000" TAGREFS=""/>
            <SP HPOS="1233" ID="SP_513.10.1.10" VPOS="821" WIDTH="14"/>
            <String CONTENT="in" HEIGHT="34" HPOS="1247" ID="ST_513.10.1.11" STYLEREFS="Style_4" VPOS="821" WIDTH="34" WC="0.83" CC="00" TAGREFS=""/>
            <SP HPOS="1281" ID="SP_513.10.1.12" VPOS="822" WIDTH="13"/>
            <String CONTENT="the" HEIGHT="34" HPOS="1294" ID="ST_513.10.1.13" STYLEREFS="Style_4" VPOS="822" WIDTH="59" WC="1.00" CC="000" TAGREFS=""/>
          </TextLine>
        </TextBlock>
        <TextBlock HEIGHT="392.0" HPOS="142.0" ID="BL_513.11" TAGREFS="AIi" VPOS="870.0" WIDTH="1214.0">
          <TextLine HEIGHT="44" HPOS="142" ID="TL_513.11.1" VPOS="870" WIDTH="1210">
            <String CONTENT="county" HEIGHT="39" HPOS="142" ID="ST_513.11.1.1" STYLEREFS="Style_4" VPOS="875" WIDTH="129" WC="0.93" CC="000000" TAGREFS=""/>
            <SP HPOS="271" ID="SP_513.11.1.2" VPOS="875" WIDTH="13"/>
            <String CONTENT="court" HEIGHT="29" HPOS="284" ID="ST_513.11.1.3" STYLEREFS="Style_4" VPOS="875" WIDTH="98" WC="0.91" CC="00000" TAGREFS=""/>
            <SP HPOS="382" ID="SP_513.11.1.4" VPOS="870" WIDTH="14"/>
            <String CONTENT="by" HEIGHT="44" HPOS="396" ID="ST_513.11.1.5" STYLEREFS="Style_4" VPOS="870" WIDTH="44" WC="0.93" CC="00" TAGREFS=""/>
            <SP HPOS="440" ID="SP_513.11.1.6" VPOS="871" WIDTH="13"/>
            <String CONTENT="the" HEIGHT="34" HPOS="453" ID="ST_513.11.1.7" STYLEREFS="Style_4" VPOS="871" WIDTH="60" WC="0.67" CC="000" TAGREFS=""/>
            <SP HPOS="513" ID="SP_513.11.1.8" VPOS="871" WIDTH="14"/>
            <String CONTENT="appellee," HEIGHT="43" HPOS="527" ID="ST_513.11.1.9" STYLEREFS="Style_4" VPOS="871" WIDTH="166" WC="0.97" CC="000000000" TAGREFS=""/>
            <SP HPOS="693" ID="SP_513.11.1.10" VPOS="871" WIDTH="15"/>
            <String CONTENT="Hester" HEIGHT="34" HPOS="708" ID="ST_513.11.1.11" STYLEREFS="Style_4" VPOS="871" WIDTH="126" WC="1.00" CC="000000" TAGREFS=""/>
            <SP HPOS="834" ID="SP_513.11.1.12" VPOS="871" WIDTH="14"/>
            <String CONTENT="Davis," HEIGHT="40" HPOS="848" ID="ST_513.11.1.13" STYLEREFS="Style_4" VPOS="871" WIDTH="117" WC="0.87" CC="000000" TAGREFS=""/>
            <SP HPOS="965" ID="SP_513.11.1.14" VPOS="876" WIDTH="14"/>
            <String CONTENT="to" HEIGHT="29" HPOS="979" ID="ST_513.11.1.15" STYLEREFS="Style_4" VPOS="876" WIDTH="36" WC="1.00" CC="00" TAGREFS=""/>
            <SP HPOS="1015" ID="SP_513.11.1.16" VPOS="871" WIDTH="13"/>
            <String CONTENT="condemn" HEIGHT="35" HPOS="1028" ID="ST_513.11.1.17" STYLEREFS="Style_4" VPOS="871" WIDTH="170" WC="0.94" CC="0000000" TAGREFS=""/>
            <SP HPOS="1198" ID="SP_513.11.1.18" VPOS="882" WIDTH="14"/>
            <String CONTENT="a" HEIGHT="23" HPOS="1212" ID="ST_513.11.1.19" STYLEREFS="Style_4" VPOS="882" WIDTH="20" WC="1.00" CC="0" TAGREFS=""/>
            <SP HPOS="1232" ID="SP_513.11.1.20" VPOS="871" WIDTH="14"/>
            <String CONTENT="right-" HEIGHT="43" HPOS="1246" ID="ST_513.11.1.21" STYLEREFS="Style_4" VPOS="871" WIDTH="106" WC="0.93" CC="000000" TAGREFS=""/>
          </TextLine>
          <TextLine HEIGHT="45" HPOS="143" ID="TL_513.11.2" VPOS="919" WIDTH="1210">
            <String CONTENT="of-way" HEIGHT="44" HPOS="143" ID="ST_513.11.2.1" STYLEREFS="Style_4" VPOS="919" WIDTH="130" WC="0.94" CC="000000" TAGREFS=""/>
            <SP HPOS="273" ID="SP_513.11.2.2" VPOS="919" WIDTH="14"/>
            <String CONTENT="giving" HEIGHT="44" HPOS="287" ID="ST_513.11.2.3" STYLEREFS="Style_4" VPOS="919" WIDTH="114" WC="1.00" CC="000000" TAGREFS=""/>
            <SP HPOS="401" ID="SP_513.11.2.4" VPOS="920" WIDTH="15"/>
            <String CONTENT="her" HEIGHT="34" HPOS="416" ID="ST_513.11.2.5" STYLEREFS="Style_4" VPOS="920" WIDTH="60" WC="1.00" CC="000" TAGREFS=""/>
            <SP HPOS="476" ID="SP_513.11.2.6" VPOS="930" WIDTH="15"/>
            <String CONTENT="access" HEIGHT="25" HPOS="491" ID="ST_513.11.2.7" STYLEREFS="Style_4" VPOS="930" WIDTH="117" WC="1.00" CC="000000" TAGREFS=""/>
            <SP HPOS="608" ID="SP_513.11.2.8" VPOS="920" WIDTH="14"/>
            <String CONTENT="from" HEIGHT="35" HPOS="622" ID="ST_513.11.2.9" STYLEREFS="Style_4" VPOS="920" WIDTH="91" WC="0.97" CC="0000" TAGREFS=""/>
            <SP HPOS="713" ID="SP_513.11.2.10" VPOS="931" WIDTH="15"/>
            <String CONTENT="a" HEIGHT="23" HPOS="728" ID="ST_513.11.2.11" STYLEREFS="Style_4" VPOS="931" WIDTH="20" WC="1.00" CC="0" TAGREFS=""/>
            <SP HPOS="748" ID="SP_513.11.2.12" VPOS="920" WIDTH="15"/>
            <String CONTENT="public" HEIGHT="44" HPOS="763" ID="ST_513.11.2.13" STYLEREFS="Style_4" VPOS="920" WIDTH="116" WC="1.00" CC="000000" TAGREFS=""/>
            <SP HPOS="879" ID="SP_513.11.2.14" VPOS="920" WIDTH="13"/>
            <String CONTENT="road" HEIGHT="35" HPOS="892" ID="ST_513.11.2.15" STYLEREFS="Style_4" VPOS="920" WIDTH="84" WC="0.85" CC="0000" TAGREFS=""/>
            <SP HPOS="976" ID="SP_513.11.2.16" VPOS="925" WIDTH="14"/>
            <String CONTENT="to" HEIGHT="29" HPOS="990" ID="ST_513.11.2.17" STYLEREFS="Style_4" VPOS="925" WIDTH="36" WC="1.00" CC="00" TAGREFS=""/>
            <SP HPOS="1026" ID="SP_513.11.2.18" VPOS="932" WIDTH="15"/>
            <String CONTENT="a" HEIGHT="23" HPOS="1041" ID="ST_513.11.2.19" STYLEREFS="Style_4" VPOS="932" WIDTH="20" WC="1.00" CC="0" TAGREFS=""/>
            <SP HPOS="1061" ID="SP_513.11.2.20" VPOS="920" WIDTH="15"/>
            <String CONTENT="landlocked" HEIGHT="35" HPOS="1076" ID="ST_513.11.2.21" STYLEREFS="Style_4" VPOS="920" WIDTH="203" WC="0.87" CC="0000000000" TAGREFS=""/>
            <SP HPOS="1279" ID="SP_513.11.2.22" VPOS="922" WIDTH="18"/>
            <String CONTENT="12-" HEIGHT="33" HPOS="1297" ID="ST_513.11.2.23" STYLEREFS="Style_4" VPOS="922" WIDTH="56" WC="0.83" CC="990" TAGREFS=""/>
          </TextLine>
          <TextLine HEIGHT="45" HPOS="144" ID="TL_513.11.3" VPOS="969" WIDTH="1210">
            <String CONTENT="acre" HEIGHT="24" HPOS="144" ID="ST_513.11.3.1" STYLEREFS="Style_4" VPOS="979" WIDTH="80" WC="1.00" CC="0000" TAGREFS=""/>
            <SP HPOS="224" ID="SP_513.11.3.2" VPOS="974" WIDTH="25"/>
            <String CONTENT="tract" HEIGHT="30" HPOS="249" ID="ST_513.11.3.3" STYLEREFS="Style_4" VPOS="974" WIDTH="90" WC="1.00" CC="00000" TAGREFS=""/>
            <SP HPOS="339" ID="SP_513.11.3.4" VPOS="969" WIDTH="25"/>
            <String CONTENT="she" HEIGHT="34" HPOS="364" ID="ST_513.11.3.5" STYLEREFS="Style_4" VPOS="969" WIDTH="60" WC="0.90" CC="000" TAGREFS=""/>
            <SP HPOS="424" ID="SP_513.11.3.6" VPOS="969" WIDTH="25"/>
            <String CONTENT="bought" HEIGHT="43" HPOS="449" ID="ST_513.11.3.7" STYLEREFS="Style_4" VPOS="969" WIDTH="132" WC="0.97" CC="000000" TAGREFS=""/>
            <SP HPOS="581" ID="SP_513.11.3.8" VPOS="970" WIDTH="25"/>
            <String CONTENT="in" HEIGHT="34" HPOS="606" ID="ST_513.11.3.9" STYLEREFS="Style_4" VPOS="970" WIDTH="35" WC="0.71" CC="00" TAGREFS=""/>
            <SP HPOS="641" ID="SP_513.11.3.10" VPOS="970" WIDTH="30"/>
            <String CONTENT="1967." HEIGHT="34" HPOS="671" ID="ST_513.11.3.11" STYLEREFS="Style_4" VPOS="970" WIDTH="98" WC="0.96" CC="99000" TAGREFS=""/>
            <SP HPOS="769" ID="SP_513.11.3.12" VPOS="971" WIDTH="26"/>
            <String CONTENT="The" HEIGHT="34" HPOS="795" ID="ST_513.11.3.13" STYLEREFS="Style_4" VPOS="971" WIDTH="74" WC="1.00" CC="000" TAGREFS=""/>
            <SP HPOS="869" ID="SP_513.11.3.14" VPOS="975" WIDTH="24"/>
            <String CONTENT="county" HEIGHT="38" HPOS="893" ID="ST_513.11.3.15" STYLEREFS="Style_4" VPOS="975" WIDTH="128" WC="0.95" CC="000000" TAGREFS=""/>
            <SP HPOS="1021" ID="SP_513.11.3.16" VPOS="976" WIDTH="24"/>
            <String CONTENT="court" HEIGHT="29" HPOS="1045" ID="ST_513.11.3.17" STYLEREFS="Style_4" VPOS="976" WIDTH="99" WC="0.91" CC="00000" TAGREFS=""/>
            <SP HPOS="1144" ID="SP_513.11.3.18" VPOS="971" WIDTH="25"/>
            <String CONTENT="appointed" HEIGHT="43" HPOS="1169" ID="ST_513.11.3.19" STYLEREFS="Style_4" VPOS="971" WIDTH="185" WC="0.96" CC="000000000" TAGREFS=""/>
          </TextLine>
          <TextLine HEIGHT="44" HPOS="142" ID="TL_513.11.4" VPOS="1019" WIDTH="1212">
            <String CONTENT="viewers," HEIGHT="41" HPOS="142" ID="ST_513.11.4.1" STYLEREFS="Style_4" VPOS="1019" WIDTH="153" WC="0.99" CC="00000000" TAGREFS=""/>
            <SP HPOS="295" ID="SP_513.11.4.2" VPOS="1030" WIDTH="21"/>
            <String CONTENT="as" HEIGHT="23" HPOS="316" ID="ST_513.11.4.3" STYLEREFS="Style_4" VPOS="1030" WIDTH="37" WC="1.00" CC="00" TAGREFS=""/>
            <SP HPOS="353" ID="SP_513.11.4.4" VPOS="1019" WIDTH="20"/>
            <String CONTENT="required" HEIGHT="44" HPOS="373" ID="ST_513.11.4.5" STYLEREFS="Style_4" VPOS="1019" WIDTH="158" WC="0.91" CC="00000000" TAGREFS=""/>
            <SP HPOS="531" ID="SP_513.11.4.6" VPOS="1019" WIDTH="21"/>
            <String CONTENT="by" HEIGHT="44" HPOS="552" ID="ST_513.11.4.7" STYLEREFS="Style_4" VPOS="1019" WIDTH="45" WC="0.95" CC="00" TAGREFS=""/>
            <SP HPOS="597" ID="SP_513.11.4.8" VPOS="1020" WIDTH="19"/>
            <String CONTENT="the" HEIGHT="34" HPOS="616" ID="ST_513.11.4.9" STYLEREFS="Style_4" VPOS="1020" WIDTH="59" WC="0.94" CC="000" TAGREFS=""/>
            <SP HPOS="675" ID="SP_513.11.4.10" VPOS="1024" WIDTH="19"/>
            <String CONTENT="statute." HEIGHT="31" HPOS="694" ID="ST_513.11.4.11" STYLEREFS="Style_4" VPOS="1024" WIDTH="139" WC="1.00" CC="00000000" TAGREFS=""/>
            <SP HPOS="833" ID="SP_513.11.4.12" VPOS="1021" WIDTH="21"/>
            <String CONTENT="Ark." HEIGHT="34" HPOS="854" ID="ST_513.11.4.13" STYLEREFS="Style_4" VPOS="1021" WIDTH="85" WC="0.75" CC="0000" TAGREFS=""/>
            <SP HPOS="939" ID="SP_513.11.4.14" VPOS="1019" WIDTH="21"/>
            <String CONTENT="Stat." HEIGHT="35" HPOS="960" ID="ST_513.11.4.15" STYLEREFS="Style_4" VPOS="1019" WIDTH="89" WC="1.00" CC="00000" TAGREFS=""/>
            <SP HPOS="1049" ID="SP_513.11.4.16" VPOS="1021" WIDTH="21"/>
            <String CONTENT="Ann." HEIGHT="34" HPOS="1070" ID="ST_513.11.4.17" STYLEREFS="Style_4" VPOS="1021" WIDTH="92" WC="0.95" CC="0000" TAGREFS=""/>
            <SP HPOS="1162" ID="SP_513.11.4.18" VPOS="1020" WIDTH="23"/>
            <String CONTENT="§" HEIGHT="42" HPOS="1185" ID="ST_513.11.4.19" STYLEREFS="Style_4" VPOS="1020" WIDTH="17" WC="0.88" CC="0" TAGREFS=""/>
            <SP HPOS="1202" ID="SP_513.11.4.20" VPOS="1021" WIDTH="22"/>
            <String CONTENT="76-110" HEIGHT="34" HPOS="1224" ID="ST_513.11.4.21" STYLEREFS="Style_4" VPOS="1021" WIDTH="130" WC="0.86" CC="000990" TAGREFS=""/>
          </TextLine>
          <TextLine HEIGHT="45" HPOS="146" ID="TL_513.11.5" VPOS="1068" WIDTH="1208">
            <String CONTENT="(Repl." HEIGHT="43" HPOS="146" ID="ST_513.11.5.1" STYLEREFS="Style_4" VPOS="1069" WIDTH="116" WC="0.92" CC="000090" TAGREFS=""/>
            <SP HPOS="262" ID="SP_513.11.5.2" VPOS="1068" WIDTH="20"/>
            <String CONTENT="1981)." HEIGHT="43" HPOS="282" ID="ST_513.11.5.3" STYLEREFS="Style_4" VPOS="1068" WIDTH="116" WC="0.94" CC="999990" TAGREFS=""/>
            <SP HPOS="398" ID="SP_513.11.5.4" VPOS="1069" WIDTH="14"/>
            <String CONTENT="The" HEIGHT="35" HPOS="412" ID="ST_513.11.5.5" STYLEREFS="Style_4" VPOS="1069" WIDTH="74" WC="0.89" CC="000" TAGREFS=""/>
            <SP HPOS="486" ID="SP_513.11.5.6" VPOS="1069" WIDTH="11"/>
            <String CONTENT="viewers" HEIGHT="34" HPOS="497" ID="ST_513.11.5.7" STYLEREFS="Style_4" VPOS="1069" WIDTH="141" WC="1.00" CC="0000000" TAGREFS=""/>
            <SP HPOS="638" ID="SP_513.11.5.8" VPOS="1070" WIDTH="13"/>
            <String CONTENT="laid" HEIGHT="34" HPOS="651" ID="ST_513.11.5.9" STYLEREFS="Style_4" VPOS="1070" WIDTH="71" WC="0.99" CC="0000" TAGREFS=""/>
            <SP HPOS="722" ID="SP_513.11.5.10" VPOS="1074" WIDTH="13"/>
            <String CONTENT="out" HEIGHT="30" HPOS="735" ID="ST_513.11.5.11" STYLEREFS="Style_4" VPOS="1074" WIDTH="60" WC="1.00" CC="000" TAGREFS=""/>
            <SP HPOS="795" ID="SP_513.11.5.12" VPOS="1080" WIDTH="13"/>
            <String CONTENT="a" HEIGHT="24" HPOS="808" ID="ST_513.11.5.13" STYLEREFS="Style_4" VPOS="1080" WIDTH="20" WC="1.00" CC="0" TAGREFS=""/>
            <SP HPOS="828" ID="SP_513.11.5.14" VPOS="1069" WIDTH="13"/>
            <String CONTENT="right-of-way" HEIGHT="44" HPOS="841" ID="ST_513.11.5.15" STYLEREFS="Style_4" VPOS="1069" WIDTH="238" WC="0.98" CC="000000000000" TAGREFS=""/>
            <SP HPOS="1079" ID="SP_513.11.5.16" VPOS="1069" WIDTH="13"/>
            <String CONTENT="running" HEIGHT="44" HPOS="1092" ID="ST_513.11.5.17" STYLEREFS="Style_4" VPOS="1069" WIDTH="147" WC="0.84" CC="0000000" TAGREFS=""/>
            <SP HPOS="1239" ID="SP_513.11.5.18" VPOS="1070" WIDTH="13"/>
            <String CONTENT="along" HEIGHT="43" HPOS="1252" ID="ST_513.11.5.19" STYLEREFS="Style_4" VPOS="1070" WIDTH="102" WC="0.88" CC="00000" TAGREFS=""/>
          </TextLine>
          <TextLine HEIGHT="46" HPOS="144" ID="TL_513.11.6" VPOS="1118" WIDTH="1212">
            <String CONTENT="the" HEIGHT="35" HPOS="144" ID="ST_513.11.6.1" STYLEREFS="Style_4" VPOS="1118" WIDTH="61" WC="0.72" CC="000" TAGREFS=""/>
            <SP HPOS="205" ID="SP_513.11.6.2" VPOS="1124" WIDTH="10"/>
            <String CONTENT="east" HEIGHT="29" HPOS="215" ID="ST_513.11.6.3" STYLEREFS="Style_4" VPOS="1124" WIDTH="74" WC="0.86" CC="0000" TAGREFS=""/>
            <SP HPOS="289" ID="SP_513.11.6.4" VPOS="1118" WIDTH="11"/>
            <String CONTENT="side" HEIGHT="34" HPOS="300" ID="ST_513.11.6.5" STYLEREFS="Style_4" VPOS="1118" WIDTH="74" WC="0.99" CC="0000" TAGREFS=""/>
            <SP HPOS="374" ID="SP_513.11.6.6" VPOS="1118" WIDTH="10"/>
            <String CONTENT="of" HEIGHT="35" HPOS="384" ID="ST_513.11.6.7" STYLEREFS="Style_4" VPOS="1118" WIDTH="37" WC="0.94" CC="00" TAGREFS=""/>
            <SP HPOS="421" ID="SP_513.11.6.8" VPOS="1119" WIDTH="8"/>
            <String CONTENT="the" HEIGHT="34" HPOS="429" ID="ST_513.11.6.9" STYLEREFS="Style_4" VPOS="1119" WIDTH="60" WC="0.61" CC="000" TAGREFS=""/>
            <SP HPOS="489" ID="SP_513.11.6.10" VPOS="1119" WIDTH="11"/>
            <String CONTENT="appellants’" HEIGHT="43" HPOS="500" ID="ST_513.11.6.11" STYLEREFS="Style_4" VPOS="1119" WIDTH="204" WC="0.71" CC="00000000009" TAGREFS=""/>
            <SP HPOS="704" ID="SP_513.11.6.12" VPOS="1125" WIDTH="12"/>
            <String CONTENT="property," HEIGHT="38" HPOS="716" ID="ST_513.11.6.13" STYLEREFS="Style_4" VPOS="1125" WIDTH="172" WC="0.85" CC="000000000" TAGREFS=""/>
            <SP HPOS="888" ID="SP_513.11.6.14" VPOS="1120" WIDTH="12"/>
            <String CONTENT="from" HEIGHT="34" HPOS="900" ID="ST_513.11.6.15" STYLEREFS="Style_4" VPOS="1120" WIDTH="91" WC="0.99" CC="0000" TAGREFS=""/>
            <SP HPOS="991" ID="SP_513.11.6.16" VPOS="1119" WIDTH="10"/>
            <String CONTENT="the" HEIGHT="35" HPOS="1001" ID="ST_513.11.6.17" STYLEREFS="Style_4" VPOS="1119" WIDTH="61" WC="0.84" CC="000" TAGREFS=""/>
            <SP HPOS="1062" ID="SP_513.11.6.18" VPOS="1119" WIDTH="10"/>
            <String CONTENT="appellees’" HEIGHT="45" HPOS="1072" ID="ST_513.11.6.19" STYLEREFS="Style_4" VPOS="1119" WIDTH="181" WC="0.81" CC="0000000009" TAGREFS=""/>
            <SP HPOS="1253" ID="SP_513.11.6.20" VPOS="1125" WIDTH="13"/>
            <String CONTENT="tract" HEIGHT="29" HPOS="1266" ID="ST_513.11.6.21" STYLEREFS="Style_4" VPOS="1125" WIDTH="90" WC="1.00" CC="00000" TAGREFS=""/>
          </TextLine>
          <TextLine HEIGHT="45" HPOS="145" ID="TL_513.11.7" VPOS="1168" WIDTH="1210">
            <String CONTENT="to" HEIGHT="29" HPOS="145" ID="ST_513.11.7.1" STYLEREFS="Style_4" VPOS="1173" WIDTH="36" WC="0.96" CC="00" TAGREFS=""/>
            <SP HPOS="181" ID="SP_513.11.7.2" VPOS="1169" WIDTH="21"/>
            <String CONTENT="Walnut" HEIGHT="34" HPOS="202" ID="ST_513.11.7.3" STYLEREFS="Style_4" VPOS="1169" WIDTH="144" WC="0.96" CC="000000" TAGREFS=""/>
            <SP HPOS="346" ID="SP_513.11.7.4" VPOS="1168" WIDTH="21"/>
            <String CONTENT="Road." HEIGHT="35" HPOS="367" ID="ST_513.11.7.5" STYLEREFS="Style_4" VPOS="1168" WIDTH="110" WC="1.00" CC="00000" TAGREFS=""/>
            <SP HPOS="477" ID="SP_513.11.7.6" VPOS="1168" WIDTH="22"/>
            <String CONTENT="The" HEIGHT="35" HPOS="499" ID="ST_513.11.7.7" STYLEREFS="Style_4" VPOS="1168" WIDTH="75" WC="0.99" CC="000" TAGREFS=""/>
            <SP HPOS="574" ID="SP_513.11.7.8" VPOS="1169" WIDTH="19"/>
            <String CONTENT="circuit" HEIGHT="35" HPOS="593" ID="ST_513.11.7.9" STYLEREFS="Style_4" VPOS="1169" WIDTH="124" WC="1.00" CC="0000000" TAGREFS=""/>
            <SP HPOS="717" ID="SP_513.11.7.10" VPOS="1174" WIDTH="19"/>
            <String CONTENT="court" HEIGHT="29" HPOS="736" ID="ST_513.11.7.11" STYLEREFS="Style_4" VPOS="1174" WIDTH="98" WC="0.97" CC="00000" TAGREFS=""/>
            <SP HPOS="834" ID="SP_513.11.7.12" VPOS="1168" WIDTH="20"/>
            <String CONTENT="upheld" HEIGHT="45" HPOS="854" ID="ST_513.11.7.13" STYLEREFS="Style_4" VPOS="1168" WIDTH="128" WC="0.95" CC="000000" TAGREFS=""/>
            <SP HPOS="982" ID="SP_513.11.7.14" VPOS="1169" WIDTH="21"/>
            <String CONTENT="the" HEIGHT="35" HPOS="1003" ID="ST_513.11.7.15" STYLEREFS="Style_4" VPOS="1169" WIDTH="59" WC="1.00" CC="000" TAGREFS=""/>
            <SP HPOS="1062" ID="SP_513.11.7.16" VPOS="1174" WIDTH="20"/>
            <String CONTENT="county" HEIGHT="39" HPOS="1082" ID="ST_513.11.7.17" STYLEREFS="Style_4" VPOS="1174" WIDTH="127" WC="0.82" CC="000000" TAGREFS=""/>
            <SP HPOS="1209" ID="SP_513.11.7.18" VPOS="1170" WIDTH="20"/>
            <String CONTENT="court’s" HEIGHT="34" HPOS="1229" ID="ST_513.11.7.19" STYLEREFS="Style_4" VPOS="1170" WIDTH="126" WC="1.00" CC="0000000" TAGREFS=""/>
          </TextLine>
          <TextLine HEIGHT="45" HPOS="145" ID="TL_513.11.8" VPOS="1217" WIDTH="1209">
            <String CONTENT="order." HEIGHT="35" HPOS="145" ID="ST_513.11.8.1" STYLEREFS="Style_4" VPOS="1217" WIDTH="111" WC="0.86" CC="000000" TAGREFS=""/>
            <SP HPOS="256" ID="SP_513.11.8.2" VPOS="1218" WIDTH="17"/>
            <String CONTENT="The" HEIGHT="35" HPOS="273" ID="ST_513.11.8.3" STYLEREFS="Style_4" VPOS="1218" WIDTH="75" WC="1.00" CC="000" TAGREFS=""/>
            <SP HPOS="348" ID="SP_513.11.8.4" VPOS="1219" WIDTH="15"/>
            <String CONTENT="Attaways" HEIGHT="43" HPOS="363" ID="ST_513.11.8.5" STYLEREFS="Style_4" VPOS="1219" WIDTH="181" WC="0.95" CC="00000000" TAGREFS=""/>
            <SP HPOS="544" ID="SP_513.11.8.6" VPOS="1219" WIDTH="17"/>
            <String CONTENT="appeal" HEIGHT="43" HPOS="561" ID="ST_513.11.8.7" STYLEREFS="Style_4" VPOS="1219" WIDTH="124" WC="0.96" CC="000000" TAGREFS=""/>
            <SP HPOS="685" ID="SP_513.11.8.8" VPOS="1224" WIDTH="16"/>
            <String CONTENT="to" HEIGHT="29" HPOS="701" ID="ST_513.11.8.9" STYLEREFS="Style_4" VPOS="1224" WIDTH="36" WC="0.94" CC="00" TAGREFS=""/>
            <SP HPOS="737" ID="SP_513.11.8.10" VPOS="1219" WIDTH="16"/>
            <String CONTENT="this" HEIGHT="34" HPOS="753" ID="ST_513.11.8.11" STYLEREFS="Style_4" VPOS="1219" WIDTH="68" WC="0.99" CC="0000" TAGREFS=""/>
            <SP HPOS="821" ID="SP_513.11.8.12" VPOS="1225" WIDTH="16"/>
            <String CONTENT="court" HEIGHT="29" HPOS="837" ID="ST_513.11.8.13" STYLEREFS="Style_4" VPOS="1225" WIDTH="98" WC="1.00" CC="00000" TAGREFS=""/>
            <SP HPOS="935" ID="SP_513.11.8.14" VPOS="1219" WIDTH="16"/>
            <String CONTENT="under" HEIGHT="34" HPOS="951" ID="ST_513.11.8.15" STYLEREFS="Style_4" VPOS="1219" WIDTH="110" WC="0.94" CC="00000" TAGREFS=""/>
            <SP HPOS="1061" ID="SP_513.11.8.16" VPOS="1220" WIDTH="16"/>
            <String CONTENT="Rule" HEIGHT="34" HPOS="1077" ID="ST_513.11.8.17" STYLEREFS="Style_4" VPOS="1220" WIDTH="90" WC="0.97" CC="0000" TAGREFS=""/>
            <SP HPOS="1167" ID="SP_513.11.8.18" VPOS="1219" WIDTH="17"/>
            <String CONTENT="29(1" HEIGHT="43" HPOS="1184" ID="ST_513.11.8.19" STYLEREFS="Style_4" VPOS="1219" WIDTH="80" WC="0.98" CC="0000" TAGREFS=""/>
            <SP HPOS="1264" ID="SP_513.11.8.20" VPOS="1219" WIDTH="8"/>
            <String CONTENT=")(c)." HEIGHT="43" HPOS="1272" ID="ST_513.11.8.21" STYLEREFS="Style_4" VPOS="1219" WIDTH="82" WC="0.93" CC="00000" TAGREFS=""/>
          </TextLine>
        </TextBlock>
        <TextBlock HEIGHT="195.0" HPOS="146.0" ID="BL_513.12" TAGREFS="b513-10" VPOS="1295.0" WIDTH="1209.0">
          <TextLine HEIGHT="45" HPOS="236" ID="TL_513.12.1" VPOS="1295" WIDTH="1119">
            <String CONTENT="No" HEIGHT="34" HPOS="236" ID="ST_513.12.1.1" STYLEREFS="Style_4" VPOS="1295" WIDTH="59" WC="1.00" CC="00" TAGREFS=""/>
            <SP HPOS="295" ID="SP_513.12.1.2" VPOS="1295" WIDTH="12"/>
            <String CONTENT="question" HEIGHT="43" HPOS="307" ID="ST_513.12.1.3" STYLEREFS="Style_4" VPOS="1295" WIDTH="157" WC="0.94" CC="00000000" TAGREFS=""/>
            <SP HPOS="464" ID="SP_513.12.1.4" VPOS="1295" WIDTH="12"/>
            <String CONTENT="is" HEIGHT="35" HPOS="476" ID="ST_513.12.1.5" STYLEREFS="Style_4" VPOS="1295" WIDTH="28" WC="1.00" CC="00" TAGREFS=""/>
            <SP HPOS="504" ID="SP_513.12.1.6" VPOS="1295" WIDTH="13"/>
            <String CONTENT="raised" HEIGHT="35" HPOS="517" ID="ST_513.12.1.7" STYLEREFS="Style_4" VPOS="1295" WIDTH="113" WC="1.00" CC="000000" TAGREFS=""/>
            <SP HPOS="630" ID="SP_513.12.1.8" VPOS="1296" WIDTH="12"/>
            <String CONTENT="about" HEIGHT="35" HPOS="642" ID="ST_513.12.1.9" STYLEREFS="Style_4" VPOS="1296" WIDTH="108" WC="0.94" CC="00000" TAGREFS=""/>
            <SP HPOS="750" ID="SP_513.12.1.10" VPOS="1295" WIDTH="11"/>
            <String CONTENT="the" HEIGHT="35" HPOS="761" ID="ST_513.12.1.11" STYLEREFS="Style_4" VPOS="1295" WIDTH="59" WC="0.83" CC="000" TAGREFS=""/>
            <SP HPOS="820" ID="SP_513.12.1.12" VPOS="1296" WIDTH="12"/>
            <String CONTENT="regularity" HEIGHT="43" HPOS="832" ID="ST_513.12.1.13" STYLEREFS="Style_4" VPOS="1296" WIDTH="188" WC="0.94" CC="0000000000" TAGREFS=""/>
            <SP HPOS="1020" ID="SP_513.12.1.14" VPOS="1296" WIDTH="11"/>
            <String CONTENT="of" HEIGHT="34" HPOS="1031" ID="ST_513.12.1.15" STYLEREFS="Style_4" VPOS="1296" WIDTH="40" WC="1.00" CC="00" TAGREFS=""/>
            <SP HPOS="1071" ID="SP_513.12.1.16" VPOS="1296" WIDTH="8"/>
            <String CONTENT="the" HEIGHT="35" HPOS="1079" ID="ST_513.12.1.17" STYLEREFS="Style_4" VPOS="1296" WIDTH="60" WC="0.82" CC="000" TAGREFS=""/>
            <SP HPOS="1139" ID="SP_513.12.1.18" VPOS="1296" WIDTH="11"/>
            <String CONTENT="proceeding" HEIGHT="44" HPOS="1150" ID="ST_513.12.1.19" STYLEREFS="Style_4" VPOS="1296" WIDTH="205" WC="0.96" CC="0000000000" TAGREFS=""/>
          </TextLine>
          <TextLine HEIGHT="46" HPOS="146" ID="TL_513.12.2" VPOS="1344" WIDTH="1209">
            <String CONTENT="in" HEIGHT="35" HPOS="146" ID="ST_513.12.2.1" STYLEREFS="Style_4" VPOS="1344" WIDTH="36" WC="0.90" CC="00" TAGREFS=""/>
            <SP HPOS="182" ID="SP_513.12.2.2" VPOS="1345" WIDTH="11"/>
            <String CONTENT="the" HEIGHT="34" HPOS="193" ID="ST_513.12.2.3" STYLEREFS="Style_4" VPOS="1345" WIDTH="60" WC="0.88" CC="000" TAGREFS=""/>
            <SP HPOS="253" ID="SP_513.12.2.4" VPOS="1350" WIDTH="11"/>
            <String CONTENT="county" HEIGHT="38" HPOS="264" ID="ST_513.12.2.5" STYLEREFS="Style_4" VPOS="1350" WIDTH="127" WC="0.91" CC="000000" TAGREFS=""/>
            <SP HPOS="391" ID="SP_513.12.2.6" VPOS="1351" WIDTH="12"/>
            <String CONTENT="court" HEIGHT="29" HPOS="403" ID="ST_513.12.2.7" STYLEREFS="Style_4" VPOS="1351" WIDTH="98" WC="0.89" CC="00000" TAGREFS=""/>
            <SP HPOS="501" ID="SP_513.12.2.8" VPOS="1356" WIDTH="12"/>
            <String CONTENT="nor" HEIGHT="23" HPOS="513" ID="ST_513.12.2.9" STYLEREFS="Style_4" VPOS="1356" WIDTH="62" WC="0.90" CC="000" TAGREFS=""/>
            <SP HPOS="575" ID="SP_513.12.2.10" VPOS="1345" WIDTH="12"/>
            <String CONTENT="about" HEIGHT="35" HPOS="587" ID="ST_513.12.2.11" STYLEREFS="Style_4" VPOS="1345" WIDTH="107" WC="0.90" CC="00000" TAGREFS=""/>
            <SP HPOS="694" ID="SP_513.12.2.12" VPOS="1345" WIDTH="12"/>
            <String CONTENT="the" HEIGHT="35" HPOS="706" ID="ST_513.12.2.13" STYLEREFS="Style_4" VPOS="1345" WIDTH="60" WC="0.86" CC="000" TAGREFS=""/>
            <SP HPOS="766" ID="SP_513.12.2.14" VPOS="1346" WIDTH="10"/>
            <String CONTENT="constitutionality" HEIGHT="44" HPOS="776" ID="ST_513.12.2.15" STYLEREFS="Style_4" VPOS="1346" WIDTH="311" WC="1.00" CC="00000000000000000" TAGREFS=""/>
            <SP HPOS="1087" ID="SP_513.12.2.16" VPOS="1346" WIDTH="11"/>
            <String CONTENT="of" HEIGHT="35" HPOS="1098" ID="ST_513.12.2.17" STYLEREFS="Style_4" VPOS="1346" WIDTH="40" WC="1.00" CC="00" TAGREFS=""/>
            <SP HPOS="1138" ID="SP_513.12.2.18" VPOS="1346" WIDTH="8"/>
            <String CONTENT="the" HEIGHT="35" HPOS="1146" ID="ST_513.12.2.19" STYLEREFS="Style_4" VPOS="1346" WIDTH="59" WC="1.00" CC="000" TAGREFS=""/>
            <SP HPOS="1205" ID="SP_513.12.2.20" VPOS="1351" WIDTH="12"/>
            <String CONTENT="statute." HEIGHT="30" HPOS="1217" ID="ST_513.12.2.21" STYLEREFS="Style_4" VPOS="1351" WIDTH="138" WC="0.98" CC="00000000" TAGREFS=""/>
          </TextLine>
          <TextLine HEIGHT="45" HPOS="146" ID="TL_513.12.3" VPOS="1394" WIDTH="1209">
            <String CONTENT="See" HEIGHT="35" HPOS="146" ID="ST_513.12.3.1" STYLEREFS="Style_4" VPOS="1394" WIDTH="68" WC="1.00" CC="000" TAGREFS=""/>
            <SP HPOS="214" ID="SP_513.12.3.2" VPOS="1394" WIDTH="10"/>
            <String CONTENT="Dowling v." HEIGHT="44" HPOS="224" ID="ST_513.12.3.3" STYLEREFS="Style_5" VPOS="1394" WIDTH="199" WC="1.0" CC="0000000000" TAGREFS=""/>
            <SP HPOS="423" ID="SP_513.12.3.4" VPOS="1395" WIDTH="13"/>
            <String CONTENT="Erickson," HEIGHT="41" HPOS="436" ID="ST_513.12.3.5" STYLEREFS="Style_5" VPOS="1395" WIDTH="183" WC="0.96" CC="000000000" TAGREFS=""/>
            <SP HPOS="619" ID="SP_513.12.3.6" VPOS="1397" WIDTH="14"/>
            <String CONTENT="278" HEIGHT="33" HPOS="633" ID="ST_513.12.3.7" STYLEREFS="Style_4" VPOS="1397" WIDTH="66" WC="0.92" CC="000" TAGREFS=""/>
            <SP HPOS="699" ID="SP_513.12.3.8" VPOS="1395" WIDTH="13"/>
            <String CONTENT="Ark." HEIGHT="35" HPOS="712" ID="ST_513.12.3.9" STYLEREFS="Style_4" VPOS="1395" WIDTH="85" WC="0.94" CC="0000" TAGREFS=""/>
            <SP HPOS="797" ID="SP_513.12.3.10" VPOS="1396" WIDTH="18"/>
            <String CONTENT="142, 644" HEIGHT="41" HPOS="815" ID="ST_513.12.3.11" STYLEREFS="Style_4" VPOS="1396" WIDTH="156" WC="1.0" CC="00000000" TAGREFS=""/>
            <SP HPOS="971" ID="SP_513.12.3.12" VPOS="1396" WIDTH="11"/>
            <String CONTENT="S.W.2d" HEIGHT="34" HPOS="982" ID="ST_513.12.3.13" STYLEREFS="Style_4" VPOS="1396" WIDTH="144" WC="0.86" CC="000000" TAGREFS=""/>
            <SP HPOS="1126" ID="SP_513.12.3.14" VPOS="1396" WIDTH="12"/>
            <String CONTENT="264" HEIGHT="34" HPOS="1138" ID="ST_513.12.3.15" STYLEREFS="Style_4" VPOS="1396" WIDTH="68" WC="0.64" CC="000" TAGREFS=""/>
            <SP HPOS="1206" ID="SP_513.12.3.16" VPOS="1395" WIDTH="13"/>
            <String CONTENT="(1983)." HEIGHT="44" HPOS="1219" ID="ST_513.12.3.17" STYLEREFS="Style_4" VPOS="1395" WIDTH="136" WC="0.90" CC="0000000" TAGREFS=""/>
          </TextLine>
          <TextLine HEIGHT="45" HPOS="148" ID="TL_513.12.4" VPOS="1445" WIDTH="893">
            <String CONTENT="For" HEIGHT="34" HPOS="148" ID="ST_513.12.4.1" STYLEREFS="Style_4" VPOS="1445" WIDTH="65" WC="1.00" CC="000" TAGREFS=""/>
            <SP HPOS="213" ID="SP_513.12.4.2" VPOS="1445" WIDTH="20"/>
            <String CONTENT="reversal" HEIGHT="34" HPOS="233" ID="ST_513.12.4.3" STYLEREFS="Style_4" VPOS="1445" WIDTH="147" WC="1.00" CC="00000000" TAGREFS=""/>
            <SP HPOS="380" ID="SP_513.12.4.4" VPOS="1445" WIDTH="21"/>
            <String CONTENT="the" HEIGHT="34" HPOS="401" ID="ST_513.12.4.5" STYLEREFS="Style_4" VPOS="1445" WIDTH="59" WC="0.95" CC="000" TAGREFS=""/>
            <SP HPOS="460" ID="SP_513.12.4.6" VPOS="1445" WIDTH="19"/>
            <String CONTENT="appellants" HEIGHT="44" HPOS="479" ID="ST_513.12.4.7" STYLEREFS="Style_4" VPOS="1445" WIDTH="193" WC="1.00" CC="0000000000" TAGREFS=""/>
            <SP HPOS="672" ID="SP_513.12.4.8" VPOS="1456" WIDTH="21"/>
            <String CONTENT="argue" HEIGHT="32" HPOS="693" ID="ST_513.12.4.9" STYLEREFS="Style_4" VPOS="1456" WIDTH="107" WC="1.00" CC="00000" TAGREFS=""/>
            <SP HPOS="800" ID="SP_513.12.4.10" VPOS="1445" WIDTH="20"/>
            <String CONTENT="four" HEIGHT="35" HPOS="820" ID="ST_513.12.4.11" STYLEREFS="Style_4" VPOS="1445" WIDTH="77" WC="1.00" CC="0000" TAGREFS=""/>
            <SP HPOS="897" ID="SP_513.12.4.12" VPOS="1445" WIDTH="20"/>
            <String CONTENT="points." HEIGHT="45" HPOS="917" ID="ST_513.12.4.13" STYLEREFS="Style_4" VPOS="1445" WIDTH="124" WC="0.95" CC="0000000" TAGREFS=""/>
          </TextLine>
        </TextBlock>
        <TextBlock HEIGHT="341.0" HPOS="146.0" ID="BL_513.13" TAGREFS="b513-11" VPOS="1521.0" WIDTH="1212.0">
          <TextLine HEIGHT="37" HPOS="239" ID="TL_513.13.1" VPOS="1521" WIDTH="1118">
            <String CONTENT="It" HEIGHT="34" HPOS="239" ID="ST_513.13.1.1" STYLEREFS="Style_4" VPOS="1522" WIDTH="30" WC="1.00" CC="00" TAGREFS=""/>
            <SP HPOS="269" ID="SP_513.13.1.2" VPOS="1521" WIDTH="26"/>
            <String CONTENT="is" HEIGHT="35" HPOS="295" ID="ST_513.13.1.3" STYLEREFS="Style_4" VPOS="1521" WIDTH="28" WC="0.97" CC="00" TAGREFS=""/>
            <SP HPOS="323" ID="SP_513.13.1.4" VPOS="1521" WIDTH="25"/>
            <String CONTENT="first" HEIGHT="35" HPOS="348" ID="ST_513.13.1.5" STYLEREFS="Style_4" VPOS="1521" WIDTH="73" WC="1.00" CC="00000" TAGREFS=""/>
            <SP HPOS="421" ID="SP_513.13.1.6" VPOS="1521" WIDTH="25"/>
            <String CONTENT="contended" HEIGHT="36" HPOS="446" ID="ST_513.13.1.7" STYLEREFS="Style_4" VPOS="1521" WIDTH="193" WC="0.99" CC="000000000" TAGREFS=""/>
            <SP HPOS="639" ID="SP_513.13.1.8" VPOS="1522" WIDTH="27"/>
            <String CONTENT="that" HEIGHT="35" HPOS="666" ID="ST_513.13.1.9" STYLEREFS="Style_4" VPOS="1522" WIDTH="77" WC="0.98" CC="0000" TAGREFS=""/>
            <SP HPOS="743" ID="SP_513.13.1.10" VPOS="1522" WIDTH="25"/>
            <String CONTENT="the" HEIGHT="35" HPOS="768" ID="ST_513.13.1.11" STYLEREFS="Style_4" VPOS="1522" WIDTH="59" WC="0.84" CC="000" TAGREFS=""/>
            <SP HPOS="827" ID="SP_513.13.1.12" VPOS="1522" WIDTH="24"/>
            <String CONTENT="circuit" HEIGHT="35" HPOS="851" ID="ST_513.13.1.13" STYLEREFS="Style_4" VPOS="1522" WIDTH="123" WC="0.98" CC="0000000" TAGREFS=""/>
            <SP HPOS="974" ID="SP_513.13.1.14" VPOS="1528" WIDTH="25"/>
            <String CONTENT="court" HEIGHT="30" HPOS="999" ID="ST_513.13.1.15" STYLEREFS="Style_4" VPOS="1528" WIDTH="99" WC="1.00" CC="00000" TAGREFS=""/>
            <SP HPOS="1098" ID="SP_513.13.1.16" VPOS="1522" WIDTH="25"/>
            <String CONTENT="should" HEIGHT="36" HPOS="1123" ID="ST_513.13.1.17" STYLEREFS="Style_4" VPOS="1522" WIDTH="122" WC="0.82" CC="000000" TAGREFS=""/>
            <SP HPOS="1245" ID="SP_513.13.1.18" VPOS="1523" WIDTH="25"/>
            <String CONTENT="have" HEIGHT="35" HPOS="1270" ID="ST_513.13.1.19" STYLEREFS="Style_4" VPOS="1523" WIDTH="87" WC="1.00" CC="0000" TAGREFS=""/>
          </TextLine>
          <TextLine HEIGHT="46" HPOS="147" ID="TL_513.13.2" VPOS="1571" WIDTH="1210">
            <String CONTENT="sustained" HEIGHT="35" HPOS="147" ID="ST_513.13.2.1" STYLEREFS="Style_4" VPOS="1571" WIDTH="177" WC="0.96" CC="000000000" TAGREFS=""/>
            <SP HPOS="324" ID="SP_513.13.2.2" VPOS="1571" WIDTH="12"/>
            <String CONTENT="the" HEIGHT="35" HPOS="336" ID="ST_513.13.2.3" STYLEREFS="Style_4" VPOS="1571" WIDTH="59" WC="0.96" CC="000" TAGREFS=""/>
            <SP HPOS="395" ID="SP_513.13.2.4" VPOS="1572" WIDTH="11"/>
            <String CONTENT="appellants’" HEIGHT="44" HPOS="406" ID="ST_513.13.2.5" STYLEREFS="Style_4" VPOS="1572" WIDTH="204" WC="0.89" CC="00000000000" TAGREFS=""/>
            <SP HPOS="610" ID="SP_513.13.2.6" VPOS="1573" WIDTH="13"/>
            <String CONTENT="plea" HEIGHT="43" HPOS="623" ID="ST_513.13.2.7" STYLEREFS="Style_4" VPOS="1573" WIDTH="78" WC="0.95" CC="0000" TAGREFS=""/>
            <SP HPOS="701" ID="SP_513.13.2.8" VPOS="1572" WIDTH="11"/>
            <String CONTENT="of" HEIGHT="35" HPOS="712" ID="ST_513.13.2.9" STYLEREFS="Style_4" VPOS="1572" WIDTH="40" WC="1.00" CC="00" TAGREFS=""/>
            <SP HPOS="752" ID="SP_513.13.2.10" VPOS="1572" WIDTH="8"/>
            <String CONTENT="limitations." HEIGHT="35" HPOS="760" ID="ST_513.13.2.11" STYLEREFS="Style_4" VPOS="1572" WIDTH="212" WC="0.92" CC="000000000000" TAGREFS=""/>
            <SP HPOS="972" ID="SP_513.13.2.12" VPOS="1573" WIDTH="13"/>
            <String CONTENT="The" HEIGHT="34" HPOS="985" ID="ST_513.13.2.13" STYLEREFS="Style_4" VPOS="1573" WIDTH="75" WC="0.88" CC="000" TAGREFS=""/>
            <SP HPOS="1060" ID="SP_513.13.2.14" VPOS="1573" WIDTH="11"/>
            <String CONTENT="appellee" HEIGHT="44" HPOS="1071" ID="ST_513.13.2.15" STYLEREFS="Style_4" VPOS="1573" WIDTH="155" WC="0.95" CC="00000000" TAGREFS=""/>
            <SP HPOS="1226" ID="SP_513.13.2.16" VPOS="1578" WIDTH="11"/>
            <String CONTENT="at" HEIGHT="29" HPOS="1237" ID="ST_513.13.2.17" STYLEREFS="Style_4" VPOS="1578" WIDTH="36" WC="1.00" CC="00" TAGREFS=""/>
            <SP HPOS="1273" ID="SP_513.13.2.18" VPOS="1573" WIDTH="11"/>
            <String CONTENT="first" HEIGHT="35" HPOS="1284" ID="ST_513.13.2.19" STYLEREFS="Style_4" VPOS="1573" WIDTH="73" WC="1.00" CC="00000" TAGREFS=""/>
          </TextLine>
          <TextLine HEIGHT="45" HPOS="147" ID="TL_513.13.3" VPOS="1621" WIDTH="1211">
            <String CONTENT="used" HEIGHT="34" HPOS="147" ID="ST_513.13.3.1" STYLEREFS="Style_4" VPOS="1621" WIDTH="84" WC="1.00" CC="0000" TAGREFS=""/>
            <SP HPOS="231" ID="SP_513.13.3.2" VPOS="1633" WIDTH="18"/>
            <String CONTENT="an" HEIGHT="23" HPOS="249" ID="ST_513.13.3.3" STYLEREFS="Style_4" VPOS="1633" WIDTH="44" WC="0.75" CC="00" TAGREFS=""/>
            <SP HPOS="293" ID="SP_513.13.3.4" VPOS="1621" WIDTH="18"/>
            <String CONTENT="old" HEIGHT="34" HPOS="311" ID="ST_513.13.3.5" STYLEREFS="Style_4" VPOS="1621" WIDTH="56" WC="0.97" CC="000" TAGREFS=""/>
            <SP HPOS="367" ID="SP_513.13.3.6" VPOS="1622" WIDTH="17"/>
            <String CONTENT="trail" HEIGHT="34" HPOS="384" ID="ST_513.13.3.7" STYLEREFS="Style_4" VPOS="1622" WIDTH="78" WC="1.00" CC="00000" TAGREFS=""/>
            <SP HPOS="462" ID="SP_513.13.3.8" VPOS="1632" WIDTH="18"/>
            <String CONTENT="across" HEIGHT="25" HPOS="480" ID="ST_513.13.3.9" STYLEREFS="Style_4" VPOS="1632" WIDTH="115" WC="0.98" CC="000000" TAGREFS=""/>
            <SP HPOS="595" ID="SP_513.13.3.10" VPOS="1622" WIDTH="17"/>
            <String CONTENT="the" HEIGHT="35" HPOS="612" ID="ST_513.13.3.11" STYLEREFS="Style_4" VPOS="1622" WIDTH="60" WC="1.00" CC="000" TAGREFS=""/>
            <SP HPOS="672" ID="SP_513.13.3.12" VPOS="1623" WIDTH="16"/>
            <String CONTENT="Attaways’" HEIGHT="43" HPOS="688" ID="ST_513.13.3.13" STYLEREFS="Style_4" VPOS="1623" WIDTH="191" WC="0.97" CC="000000009" TAGREFS=""/>
            <SP HPOS="879" ID="SP_513.13.3.14" VPOS="1622" WIDTH="18"/>
            <String CONTENT="land" HEIGHT="35" HPOS="897" ID="ST_513.13.3.15" STYLEREFS="Style_4" VPOS="1622" WIDTH="82" WC="0.89" CC="0000" TAGREFS=""/>
            <SP HPOS="979" ID="SP_513.13.3.16" VPOS="1622" WIDTH="17"/>
            <String CONTENT="and" HEIGHT="35" HPOS="996" ID="ST_513.13.3.17" STYLEREFS="Style_4" VPOS="1622" WIDTH="69" WC="1.00" CC="000" TAGREFS=""/>
            <SP HPOS="1065" ID="SP_513.13.3.18" VPOS="1633" WIDTH="17"/>
            <String CONTENT="across" HEIGHT="24" HPOS="1082" ID="ST_513.13.3.19" STYLEREFS="Style_4" VPOS="1633" WIDTH="115" WC="0.97" CC="000000" TAGREFS=""/>
            <SP HPOS="1197" ID="SP_513.13.3.20" VPOS="1623" WIDTH="17"/>
            <String CONTENT="another" HEIGHT="34" HPOS="1214" ID="ST_513.13.3.21" STYLEREFS="Style_4" VPOS="1623" WIDTH="144" WC="0.89" CC="0000000" TAGREFS=""/>
          </TextLine>
          <TextLine HEIGHT="45" HPOS="147" ID="TL_513.13.4" VPOS="1671" WIDTH="1210">
            <String CONTENT="neighbor’s" HEIGHT="43" HPOS="147" ID="ST_513.13.4.1" STYLEREFS="Style_4" VPOS="1671" WIDTH="196" WC="0.98" CC="0000000000" TAGREFS=""/>
            <SP HPOS="343" ID="SP_513.13.4.2" VPOS="1671" WIDTH="10"/>
            <String CONTENT="land" HEIGHT="34" HPOS="353" ID="ST_513.13.4.3" STYLEREFS="Style_4" VPOS="1671" WIDTH="80" WC="0.85" CC="0000" TAGREFS=""/>
            <SP HPOS="433" ID="SP_513.13.4.4" VPOS="1677" WIDTH="9"/>
            <String CONTENT="to" HEIGHT="29" HPOS="442" ID="ST_513.13.4.5" STYLEREFS="Style_4" VPOS="1677" WIDTH="35" WC="0.93" CC="00" TAGREFS=""/>
            <SP HPOS="477" ID="SP_513.13.4.6" VPOS="1671" WIDTH="10"/>
            <String CONTENT="drive" HEIGHT="35" HPOS="487" ID="ST_513.13.4.7" STYLEREFS="Style_4" VPOS="1671" WIDTH="95" WC="1.00" CC="00000" TAGREFS=""/>
            <SP HPOS="582" ID="SP_513.13.4.8" VPOS="1677" WIDTH="9"/>
            <String CONTENT="to" HEIGHT="29" HPOS="591" ID="ST_513.13.4.9" STYLEREFS="Style_4" VPOS="1677" WIDTH="35" WC="0.91" CC="00" TAGREFS=""/>
            <SP HPOS="626" ID="SP_513.13.4.10" VPOS="1672" WIDTH="9"/>
            <String CONTENT="her" HEIGHT="34" HPOS="635" ID="ST_513.13.4.11" STYLEREFS="Style_4" VPOS="1672" WIDTH="62" WC="0.86" CC="000" TAGREFS=""/>
            <SP HPOS="697" ID="SP_513.13.4.12" VPOS="1677" WIDTH="9"/>
            <String CONTENT="property." HEIGHT="39" HPOS="706" ID="ST_513.13.4.13" STYLEREFS="Style_4" VPOS="1677" WIDTH="171" WC="0.97" CC="000000000" TAGREFS=""/>
            <SP HPOS="877" ID="SP_513.13.4.14" VPOS="1673" WIDTH="11"/>
            <String CONTENT="In" HEIGHT="33" HPOS="888" ID="ST_513.13.4.15" STYLEREFS="Style_4" VPOS="1673" WIDTH="39" WC="1.00" CC="00" TAGREFS=""/>
            <SP HPOS="927" ID="SP_513.13.4.16" VPOS="1673" WIDTH="15"/>
            <String CONTENT="1975" HEIGHT="33" HPOS="942" ID="ST_513.13.4.17" STYLEREFS="Style_4" VPOS="1673" WIDTH="86" WC="0.89" CC="0099" TAGREFS=""/>
            <SP HPOS="1028" ID="SP_513.13.4.18" VPOS="1672" WIDTH="11"/>
            <String CONTENT="the" HEIGHT="35" HPOS="1039" ID="ST_513.13.4.19" STYLEREFS="Style_4" VPOS="1672" WIDTH="59" WC="0.89" CC="000" TAGREFS=""/>
            <SP HPOS="1098" ID="SP_513.13.4.20" VPOS="1673" WIDTH="9"/>
            <String CONTENT="Attaways" HEIGHT="42" HPOS="1107" ID="ST_513.13.4.21" STYLEREFS="Style_4" VPOS="1673" WIDTH="180" WC="0.92" CC="00000000" TAGREFS=""/>
            <SP HPOS="1287" ID="SP_513.13.4.22" VPOS="1677" WIDTH="9"/>
            <String CONTENT="put" HEIGHT="39" HPOS="1296" ID="ST_513.13.4.23" STYLEREFS="Style_4" VPOS="1677" WIDTH="61" WC="1.00" CC="000" TAGREFS=""/>
          </TextLine>
          <TextLine HEIGHT="45" HPOS="146" ID="TL_513.13.5" VPOS="1720" WIDTH="1212">
            <String CONTENT="in" HEIGHT="34" HPOS="146" ID="ST_513.13.5.1" STYLEREFS="Style_4" VPOS="1720" WIDTH="35" WC="1.00" CC="00" TAGREFS=""/>
            <SP HPOS="181" ID="SP_513.13.5.2" VPOS="1731" WIDTH="14"/>
            <String CONTENT="a" HEIGHT="24" HPOS="195" ID="ST_513.13.5.3" STYLEREFS="Style_4" VPOS="1731" WIDTH="20" WC="1.00" CC="0" TAGREFS=""/>
            <SP HPOS="215" ID="SP_513.13.5.4" VPOS="1726" WIDTH="14"/>
            <String CONTENT="gate" HEIGHT="38" HPOS="229" ID="ST_513.13.5.5" STYLEREFS="Style_4" VPOS="1726" WIDTH="81" WC="0.94" CC="0000" TAGREFS=""/>
            <SP HPOS="310" ID="SP_513.13.5.6" VPOS="1725" WIDTH="12"/>
            <String CONTENT="to" HEIGHT="30" HPOS="322" ID="ST_513.13.5.7" STYLEREFS="Style_4" VPOS="1725" WIDTH="36" WC="1.00" CC="00" TAGREFS=""/>
            <SP HPOS="358" ID="SP_513.13.5.8" VPOS="1721" WIDTH="12"/>
            <String CONTENT="obstruct" HEIGHT="34" HPOS="370" ID="ST_513.13.5.9" STYLEREFS="Style_4" VPOS="1721" WIDTH="155" WC="0.97" CC="00000000" TAGREFS=""/>
            <SP HPOS="525" ID="SP_513.13.5.10" VPOS="1721" WIDTH="13"/>
            <String CONTENT="that" HEIGHT="34" HPOS="538" ID="ST_513.13.5.11" STYLEREFS="Style_4" VPOS="1721" WIDTH="77" WC="1.00" CC="0000" TAGREFS=""/>
            <SP HPOS="615" ID="SP_513.13.5.12" VPOS="1722" WIDTH="13"/>
            <String CONTENT="trail." HEIGHT="34" HPOS="628" ID="ST_513.13.5.13" STYLEREFS="Style_4" VPOS="1722" WIDTH="90" WC="0.94" CC="000000" TAGREFS=""/>
            <SP HPOS="718" ID="SP_513.13.5.14" VPOS="1721" WIDTH="15"/>
            <String CONTENT="After" HEIGHT="34" HPOS="733" ID="ST_513.13.5.15" STYLEREFS="Style_4" VPOS="1721" WIDTH="102" WC="1.00" CC="00000" TAGREFS=""/>
            <SP HPOS="835" ID="SP_513.13.5.16" VPOS="1722" WIDTH="12"/>
            <String CONTENT="that" HEIGHT="34" HPOS="847" ID="ST_513.13.5.17" STYLEREFS="Style_4" VPOS="1722" WIDTH="77" WC="1.00" CC="0000" TAGREFS=""/>
            <SP HPOS="924" ID="SP_513.13.5.18" VPOS="1721" WIDTH="13"/>
            <String CONTENT="the" HEIGHT="34" HPOS="937" ID="ST_513.13.5.19" STYLEREFS="Style_4" VPOS="1721" WIDTH="59" WC="1.00" CC="000" TAGREFS=""/>
            <SP HPOS="996" ID="SP_513.13.5.20" VPOS="1722" WIDTH="13"/>
            <String CONTENT="appellee" HEIGHT="43" HPOS="1009" ID="ST_513.13.5.21" STYLEREFS="Style_4" VPOS="1722" WIDTH="156" WC="0.88" CC="00000000" TAGREFS=""/>
            <SP HPOS="1165" ID="SP_513.13.5.22" VPOS="1721" WIDTH="12"/>
            <String CONTENT="walked" HEIGHT="35" HPOS="1177" ID="ST_513.13.5.23" STYLEREFS="Style_4" VPOS="1721" WIDTH="132" WC="1.00" CC="000000" TAGREFS=""/>
            <SP HPOS="1309" ID="SP_513.13.5.24" VPOS="1727" WIDTH="13"/>
            <String CONTENT="to" HEIGHT="29" HPOS="1322" ID="ST_513.13.5.25" STYLEREFS="Style_4" VPOS="1727" WIDTH="36" WC="0.95" CC="00" TAGREFS=""/>
          </TextLine>
          <TextLine HEIGHT="43" HPOS="146" ID="TL_513.13.6" VPOS="1770" WIDTH="1211">
            <String CONTENT="her" HEIGHT="34" HPOS="146" ID="ST_513.13.6.1" STYLEREFS="Style_4" VPOS="1770" WIDTH="62" WC="0.92" CC="000" TAGREFS=""/>
            <SP HPOS="208" ID="SP_513.13.6.2" VPOS="1770" WIDTH="10"/>
            <String CONTENT="land" HEIGHT="34" HPOS="218" ID="ST_513.13.6.3" STYLEREFS="Style_4" VPOS="1770" WIDTH="82" WC="0.92" CC="0000" TAGREFS=""/>
            <SP HPOS="300" ID="SP_513.13.6.4" VPOS="1770" WIDTH="10"/>
            <String CONTENT="when" HEIGHT="34" HPOS="310" ID="ST_513.13.6.5" STYLEREFS="Style_4" VPOS="1770" WIDTH="99" WC="1.00" CC="0000" TAGREFS=""/>
            <SP HPOS="409" ID="SP_513.13.6.6" VPOS="1771" WIDTH="10"/>
            <String CONTENT="she" HEIGHT="33" HPOS="419" ID="ST_513.13.6.7" STYLEREFS="Style_4" VPOS="1771" WIDTH="61" WC="0.81" CC="000" TAGREFS=""/>
            <SP HPOS="480" ID="SP_513.13.6.8" VPOS="1770" WIDTH="10"/>
            <String CONTENT="wanted" HEIGHT="34" HPOS="490" ID="ST_513.13.6.9" STYLEREFS="Style_4" VPOS="1770" WIDTH="137" WC="0.99" CC="000000" TAGREFS=""/>
            <SP HPOS="627" ID="SP_513.13.6.10" VPOS="1776" WIDTH="10"/>
            <String CONTENT="to" HEIGHT="28" HPOS="637" ID="ST_513.13.6.11" STYLEREFS="Style_4" VPOS="1776" WIDTH="36" WC="1.00" CC="00" TAGREFS=""/>
            <SP HPOS="673" ID="SP_513.13.6.12" VPOS="1770" WIDTH="9"/>
            <String CONTENT="visit" HEIGHT="35" HPOS="682" ID="ST_513.13.6.13" STYLEREFS="Style_4" VPOS="1770" WIDTH="79" WC="0.88" CC="00000" TAGREFS=""/>
            <SP HPOS="761" ID="SP_513.13.6.14" VPOS="1770" WIDTH="10"/>
            <String CONTENT="it." HEIGHT="34" HPOS="771" ID="ST_513.13.6.15" STYLEREFS="Style_4" VPOS="1770" WIDTH="36" WC="1.00" CC="000" TAGREFS=""/>
            <SP HPOS="807" ID="SP_513.13.6.16" VPOS="1771" WIDTH="11"/>
            <String CONTENT="It" HEIGHT="33" HPOS="818" ID="ST_513.13.6.17" STYLEREFS="Style_4" VPOS="1771" WIDTH="32" WC="1.00" CC="00" TAGREFS=""/>
            <SP HPOS="850" ID="SP_513.13.6.18" VPOS="1771" WIDTH="10"/>
            <String CONTENT="is" HEIGHT="34" HPOS="860" ID="ST_513.13.6.19" STYLEREFS="Style_4" VPOS="1771" WIDTH="27" WC="1.00" CC="00" TAGREFS=""/>
            <SP HPOS="887" ID="SP_513.13.6.20" VPOS="1781" WIDTH="11"/>
            <String CONTENT="now" HEIGHT="24" HPOS="898" ID="ST_513.13.6.21" STYLEREFS="Style_4" VPOS="1781" WIDTH="76" WC="0.79" CC="000" TAGREFS=""/>
            <SP HPOS="974" ID="SP_513.13.6.22" VPOS="1771" WIDTH="10"/>
            <String CONTENT="argued" HEIGHT="42" HPOS="984" ID="ST_513.13.6.23" STYLEREFS="Style_4" VPOS="1771" WIDTH="131" WC="1.00" CC="000000" TAGREFS=""/>
            <SP HPOS="1115" ID="SP_513.13.6.24" VPOS="1771" WIDTH="10"/>
            <String CONTENT="that" HEIGHT="34" HPOS="1125" ID="ST_513.13.6.25" STYLEREFS="Style_4" VPOS="1771" WIDTH="76" WC="0.83" CC="0000" TAGREFS=""/>
            <SP HPOS="1201" ID="SP_513.13.6.26" VPOS="1771" WIDTH="10"/>
            <String CONTENT="the" HEIGHT="33" HPOS="1211" ID="ST_513.13.6.27" STYLEREFS="Style_4" VPOS="1771" WIDTH="59" WC="0.85" CC="000" TAGREFS=""/>
            <SP HPOS="1270" ID="SP_513.13.6.28" VPOS="1771" WIDTH="9"/>
            <String CONTENT="five-" HEIGHT="34" HPOS="1279" ID="ST_513.13.6.29" STYLEREFS="Style_4" VPOS="1771" WIDTH="78" WC="1.00" CC="00000" TAGREFS=""/>
          </TextLine>
          <TextLine HEIGHT="43" HPOS="147" ID="TL_513.13.7" VPOS="1819" WIDTH="1063">
            <String CONTENT="year" HEIGHT="32" HPOS="147" ID="ST_513.13.7.1" STYLEREFS="Style_4" VPOS="1829" WIDTH="82" WC="1.00" CC="0000" TAGREFS=""/>
            <SP HPOS="229" ID="SP_513.13.7.2" VPOS="1823" WIDTH="20"/>
            <String CONTENT="statute" HEIGHT="30" HPOS="249" ID="ST_513.13.7.3" STYLEREFS="Style_4" VPOS="1823" WIDTH="131" WC="0.98" CC="0000000" TAGREFS=""/>
            <SP HPOS="380" ID="SP_513.13.7.4" VPOS="1819" WIDTH="19"/>
            <String CONTENT="of" HEIGHT="33" HPOS="399" ID="ST_513.13.7.5" STYLEREFS="Style_4" VPOS="1819" WIDTH="39" WC="1.00" CC="00" TAGREFS=""/>
            <SP HPOS="438" ID="SP_513.13.7.6" VPOS="1819" WIDTH="17"/>
            <String CONTENT="limitations" HEIGHT="33" HPOS="455" ID="ST_513.13.7.7" STYLEREFS="Style_4" VPOS="1819" WIDTH="203" WC="0.99" CC="00000000000" TAGREFS=""/>
            <SP HPOS="658" ID="SP_513.13.7.8" VPOS="1820" WIDTH="21"/>
            <String CONTENT="is" HEIGHT="33" HPOS="679" ID="ST_513.13.7.9" STYLEREFS="Style_4" VPOS="1820" WIDTH="28" WC="0.93" CC="00" TAGREFS=""/>
            <SP HPOS="707" ID="SP_513.13.7.10" VPOS="1829" WIDTH="20"/>
            <String CONTENT="a" HEIGHT="23" HPOS="727" ID="ST_513.13.7.11" STYLEREFS="Style_4" VPOS="1829" WIDTH="20" WC="1.00" CC="0" TAGREFS=""/>
            <SP HPOS="747" ID="SP_513.13.7.12" VPOS="1819" WIDTH="21"/>
            <String CONTENT="bar" HEIGHT="34" HPOS="768" ID="ST_513.13.7.13" STYLEREFS="Style_4" VPOS="1819" WIDTH="62" WC="0.96" CC="000" TAGREFS=""/>
            <SP HPOS="830" ID="SP_513.13.7.14" VPOS="1825" WIDTH="19"/>
            <String CONTENT="to" HEIGHT="28" HPOS="849" ID="ST_513.13.7.15" STYLEREFS="Style_4" VPOS="1825" WIDTH="36" WC="1.00" CC="00" TAGREFS=""/>
            <SP HPOS="885" ID="SP_513.13.7.16" VPOS="1819" WIDTH="20"/>
            <String CONTENT="this" HEIGHT="34" HPOS="905" ID="ST_513.13.7.17" STYLEREFS="Style_4" VPOS="1819" WIDTH="68" WC="0.94" CC="0000" TAGREFS=""/>
            <SP HPOS="973" ID="SP_513.13.7.18" VPOS="1820" WIDTH="20"/>
            <String CONTENT="proceeding." HEIGHT="42" HPOS="993" ID="ST_513.13.7.19" STYLEREFS="Style_4" VPOS="1820" WIDTH="217" WC="0.99" CC="00000000000" TAGREFS=""/>
          </TextLine>
        </TextBlock>
        <TextBlock HEIGHT="494.0" HPOS="147.0" ID="BL_513.14" TAGREFS="b513-12" VPOS="1893.0" WIDTH="1214.0">
          <TextLine HEIGHT="44" HPOS="239" ID="TL_513.14.1" VPOS="1893" WIDTH="1122">
            <String CONTENT="The" HEIGHT="34" HPOS="332" ID="ST_513.14.1.3" STYLEREFS="Style_4" VPOS="1893" WIDTH="74" WC="0.81" CC="000" TAGREFS=""/>
            <SP HPOS="406" ID="SP_513.14.1.4" VPOS="1893" WIDTH="10"/>
            <String CONTENT="circuit" HEIGHT="35" HPOS="416" ID="ST_513.14.1.5" STYLEREFS="Style_4" VPOS="1893" WIDTH="121" WC="0.95" CC="0000000" TAGREFS=""/>
            <SP HPOS="537" ID="SP_513.14.1.6" VPOS="1893" WIDTH="7"/>
            <String CONTENT="judge" HEIGHT="43" HPOS="544" ID="ST_513.14.1.7" STYLEREFS="Style_4" VPOS="1893" WIDTH="110" WC="0.89" CC="00000" TAGREFS=""/>
            <SP HPOS="654" ID="SP_513.14.1.8" VPOS="1893" WIDTH="9"/>
            <String CONTENT="correctly" HEIGHT="44" HPOS="663" ID="ST_513.14.1.9" STYLEREFS="Style_4" VPOS="1893" WIDTH="168" WC="0.87" CC="000000000" TAGREFS=""/>
            <SP HPOS="831" ID="SP_513.14.1.10" VPOS="1893" WIDTH="10"/>
            <String CONTENT="concluded" HEIGHT="35" HPOS="841" ID="ST_513.14.1.11" STYLEREFS="Style_4" VPOS="1893" WIDTH="190" WC="0.95" CC="000000000" TAGREFS=""/>
            <SP HPOS="1031" ID="SP_513.14.1.12" VPOS="1894" WIDTH="11"/>
            <String CONTENT="that" HEIGHT="34" HPOS="1042" ID="ST_513.14.1.13" STYLEREFS="Style_4" VPOS="1894" WIDTH="77" WC="0.85" CC="0000" TAGREFS=""/>
            <SP HPOS="1119" ID="SP_513.14.1.14" VPOS="1904" WIDTH="10"/>
            <String CONTENT="no" HEIGHT="24" HPOS="1129" ID="ST_513.14.1.15" STYLEREFS="Style_4" VPOS="1904" WIDTH="44" WC="0.68" CC="00" TAGREFS=""/>
            <SP HPOS="1173" ID="SP_513.14.1.16" VPOS="1898" WIDTH="11"/>
            <String CONTENT="statute" HEIGHT="30" HPOS="1184" ID="ST_513.14.1.17" STYLEREFS="Style_4" VPOS="1898" WIDTH="129" WC="0.88" CC="0000000" TAGREFS=""/>
            <SP HPOS="1313" ID="SP_513.14.1.18" VPOS="1894" WIDTH="9"/>
            <String CONTENT="of" HEIGHT="34" HPOS="1322" ID="ST_513.14.1.19" STYLEREFS="Style_4" VPOS="1894" WIDTH="39" WC="1.00" CC="00" TAGREFS=""/>
          </TextLine>
          <TextLine HEIGHT="46" HPOS="147" ID="TL_513.14.2" VPOS="1942" WIDTH="1211">
            <String CONTENT="limitations" HEIGHT="35" HPOS="147" ID="ST_513.14.2.1" STYLEREFS="Style_4" VPOS="1942" WIDTH="204" WC="0.95" CC="00000000000" TAGREFS=""/>
            <SP HPOS="351" ID="SP_513.14.2.2" VPOS="1942" WIDTH="18"/>
            <String CONTENT="is" HEIGHT="35" HPOS="369" ID="ST_513.14.2.3" STYLEREFS="Style_4" VPOS="1942" WIDTH="27" WC="1.00" CC="00" TAGREFS=""/>
            <SP HPOS="396" ID="SP_513.14.2.4" VPOS="1943" WIDTH="18"/>
            <String CONTENT="applicable," HEIGHT="44" HPOS="414" ID="ST_513.14.2.5" STYLEREFS="Style_4" VPOS="1943" WIDTH="204" WC="0.99" CC="00000000000" TAGREFS=""/>
            <SP HPOS="618" ID="SP_513.14.2.6" VPOS="1943" WIDTH="19"/>
            <String CONTENT="because" HEIGHT="35" HPOS="637" ID="ST_513.14.2.7" STYLEREFS="Style_4" VPOS="1943" WIDTH="149" WC="1.00" CC="0000000" TAGREFS=""/>
            <SP HPOS="786" ID="SP_513.14.2.8" VPOS="1943" WIDTH="16"/>
            <String CONTENT="the" HEIGHT="35" HPOS="802" ID="ST_513.14.2.9" STYLEREFS="Style_4" VPOS="1943" WIDTH="59" WC="1.00" CC="000" TAGREFS=""/>
            <SP HPOS="861" ID="SP_513.14.2.10" VPOS="1943" WIDTH="16"/>
            <String CONTENT="appellee’s" HEIGHT="45" HPOS="877" ID="ST_513.14.2.11" STYLEREFS="Style_4" VPOS="1943" WIDTH="184" WC="0.93" CC="0000000000" TAGREFS=""/>
            <SP HPOS="1061" ID="SP_513.14.2.12" VPOS="1944" WIDTH="18"/>
            <String CONTENT="right" HEIGHT="44" HPOS="1079" ID="ST_513.14.2.13" STYLEREFS="Style_4" VPOS="1944" WIDTH="92" WC="0.98" CC="00000" TAGREFS=""/>
            <SP HPOS="1171" ID="SP_513.14.2.14" VPOS="1949" WIDTH="17"/>
            <String CONTENT="to" HEIGHT="29" HPOS="1188" ID="ST_513.14.2.15" STYLEREFS="Style_4" VPOS="1949" WIDTH="35" WC="1.00" CC="00" TAGREFS=""/>
            <SP HPOS="1223" ID="SP_513.14.2.16" VPOS="1944" WIDTH="17"/>
            <String CONTENT="obtain" HEIGHT="35" HPOS="1240" ID="ST_513.14.2.17" STYLEREFS="Style_4" VPOS="1944" WIDTH="118" WC="0.98" CC="000000" TAGREFS=""/>
          </TextLine>
          <TextLine HEIGHT="37" HPOS="148" ID="TL_513.14.3" VPOS="1992" WIDTH="1210">
            <String CONTENT="access" HEIGHT="24" HPOS="148" ID="ST_513.14.3.1" STYLEREFS="Style_4" VPOS="2003" WIDTH="118" WC="1.00" CC="000000" TAGREFS=""/>
            <SP HPOS="266" ID="SP_513.14.3.2" VPOS="1992" WIDTH="17"/>
            <String CONTENT="arises" HEIGHT="36" HPOS="283" ID="ST_513.14.3.3" STYLEREFS="Style_4" VPOS="1992" WIDTH="105" WC="1.00" CC="000000" TAGREFS=""/>
            <SP HPOS="388" ID="SP_513.14.3.4" VPOS="1993" WIDTH="17"/>
            <String CONTENT="from" HEIGHT="35" HPOS="405" ID="ST_513.14.3.5" STYLEREFS="Style_4" VPOS="1993" WIDTH="90" WC="0.94" CC="0000" TAGREFS=""/>
            <SP HPOS="495" ID="SP_513.14.3.6" VPOS="1993" WIDTH="16"/>
            <String CONTENT="her" HEIGHT="35" HPOS="511" ID="ST_513.14.3.7" STYLEREFS="Style_4" VPOS="1993" WIDTH="61" WC="0.79" CC="000" TAGREFS=""/>
            <SP HPOS="572" ID="SP_513.14.3.8" VPOS="1999" WIDTH="17"/>
            <String CONTENT="status" HEIGHT="30" HPOS="589" ID="ST_513.14.3.9" STYLEREFS="Style_4" VPOS="1999" WIDTH="110" WC="0.92" CC="000000" TAGREFS=""/>
            <SP HPOS="699" ID="SP_513.14.3.10" VPOS="2004" WIDTH="17"/>
            <String CONTENT="as" HEIGHT="25" HPOS="716" ID="ST_513.14.3.11" STYLEREFS="Style_4" VPOS="2004" WIDTH="38" WC="0.87" CC="00" TAGREFS=""/>
            <SP HPOS="754" ID="SP_513.14.3.12" VPOS="2005" WIDTH="16"/>
            <String CONTENT="a" HEIGHT="23" HPOS="770" ID="ST_513.14.3.13" STYLEREFS="Style_4" VPOS="2005" WIDTH="20" WC="1.00" CC="0" TAGREFS=""/>
            <SP HPOS="790" ID="SP_513.14.3.14" VPOS="1994" WIDTH="17"/>
            <String CONTENT="landlocked" HEIGHT="35" HPOS="807" ID="ST_513.14.3.15" STYLEREFS="Style_4" VPOS="1994" WIDTH="204" WC="0.95" CC="0000000000" TAGREFS=""/>
            <SP HPOS="1011" ID="SP_513.14.3.16" VPOS="2005" WIDTH="17"/>
            <String CONTENT="owner" HEIGHT="24" HPOS="1028" ID="ST_513.14.3.17" STYLEREFS="Style_4" VPOS="2005" WIDTH="114" WC="0.81" CC="00000" TAGREFS=""/>
            <SP HPOS="1142" ID="SP_513.14.3.18" VPOS="1994" WIDTH="16"/>
            <String CONTENT="and" HEIGHT="34" HPOS="1158" ID="ST_513.14.3.19" STYLEREFS="Style_4" VPOS="1994" WIDTH="68" WC="0.82" CC="000" TAGREFS=""/>
            <SP HPOS="1226" ID="SP_513.14.3.20" VPOS="1994" WIDTH="17"/>
            <String CONTENT="is" HEIGHT="35" HPOS="1243" ID="ST_513.14.3.21" STYLEREFS="Style_4" VPOS="1994" WIDTH="27" WC="1.00" CC="00" TAGREFS=""/>
            <SP HPOS="1270" ID="SP_513.14.3.22" VPOS="1994" WIDTH="16"/>
            <String CONTENT="of" HEIGHT="35" HPOS="1286" ID="ST_513.14.3.23" STYLEREFS="Style_4" VPOS="1994" WIDTH="40" WC="1.00" CC="00" TAGREFS=""/>
            <SP HPOS="1326" ID="SP_513.14.3.24" VPOS="2006" WIDTH="12"/>
            <String CONTENT="a" HEIGHT="23" HPOS="1338" ID="ST_513.14.3.25" STYLEREFS="Style_4" VPOS="2006" WIDTH="20" WC="1.00" CC="0" TAGREFS=""/>
          </TextLine>
          <TextLine HEIGHT="45" HPOS="148" ID="TL_513.14.4" VPOS="2043" WIDTH="1211">
            <String CONTENT="continuing" HEIGHT="43" HPOS="148" ID="ST_513.14.4.1" STYLEREFS="Style_4" VPOS="2043" WIDTH="203" WC="0.82" CC="0000000000" TAGREFS=""/>
            <SP HPOS="351" ID="SP_513.14.4.2" VPOS="2049" WIDTH="22"/>
            <String CONTENT="nature." HEIGHT="30" HPOS="373" ID="ST_513.14.4.3" STYLEREFS="Style_4" VPOS="2049" WIDTH="133" WC="0.94" CC="0000000" TAGREFS=""/>
            <SP HPOS="506" ID="SP_513.14.4.4" VPOS="2044" WIDTH="24"/>
            <String CONTENT="That" HEIGHT="35" HPOS="530" ID="ST_513.14.4.5" STYLEREFS="Style_4" VPOS="2044" WIDTH="92" WC="1.00" CC="0000" TAGREFS=""/>
            <SP HPOS="622" ID="SP_513.14.4.6" VPOS="2055" WIDTH="22"/>
            <String CONTENT="was" HEIGHT="24" HPOS="644" ID="ST_513.14.4.7" STYLEREFS="Style_4" VPOS="2055" WIDTH="71" WC="0.99" CC="000" TAGREFS=""/>
            <SP HPOS="715" ID="SP_513.14.4.8" VPOS="2044" WIDTH="23"/>
            <String CONTENT="in" HEIGHT="34" HPOS="738" ID="ST_513.14.4.9" STYLEREFS="Style_4" VPOS="2044" WIDTH="34" WC="1.00" CC="00" TAGREFS=""/>
            <SP HPOS="772" ID="SP_513.14.4.10" VPOS="2044" WIDTH="23"/>
            <String CONTENT="substance" HEIGHT="35" HPOS="795" ID="ST_513.14.4.11" STYLEREFS="Style_4" VPOS="2044" WIDTH="184" WC="0.98" CC="000000000" TAGREFS=""/>
            <SP HPOS="979" ID="SP_513.14.4.12" VPOS="2044" WIDTH="22"/>
            <String CONTENT="the" HEIGHT="35" HPOS="1001" ID="ST_513.14.4.13" STYLEREFS="Style_4" VPOS="2044" WIDTH="60" WC="0.80" CC="000" TAGREFS=""/>
            <SP HPOS="1061" ID="SP_513.14.4.14" VPOS="2045" WIDTH="23"/>
            <String CONTENT="West" HEIGHT="34" HPOS="1084" ID="ST_513.14.4.15" STYLEREFS="Style_4" VPOS="2045" WIDTH="97" WC="1.00" CC="0000" TAGREFS=""/>
            <SP HPOS="1181" ID="SP_513.14.4.16" VPOS="2044" WIDTH="23"/>
            <String CONTENT="Virginia" HEIGHT="44" HPOS="1204" ID="ST_513.14.4.17" STYLEREFS="Style_4" VPOS="2044" WIDTH="155" WC="0.99" CC="00000000" TAGREFS=""/>
          </TextLine>
          <TextLine HEIGHT="45" HPOS="147" ID="TL_513.14.5" VPOS="2093" WIDTH="1212">
            <String CONTENT="court’s" HEIGHT="34" HPOS="147" ID="ST_513.14.5.1" STYLEREFS="Style_4" VPOS="2094" WIDTH="129" WC="1.00" CC="0000000" TAGREFS=""/>
            <SP HPOS="276" ID="SP_513.14.5.2" VPOS="2093" WIDTH="9"/>
            <String CONTENT="reasoning" HEIGHT="44" HPOS="285" ID="ST_513.14.5.3" STYLEREFS="Style_4" VPOS="2093" WIDTH="181" WC="0.91" CC="000000000" TAGREFS=""/>
            <SP HPOS="466" ID="SP_513.14.5.4" VPOS="2094" WIDTH="10"/>
            <String CONTENT="in" HEIGHT="34" HPOS="476" ID="ST_513.14.5.5" STYLEREFS="Style_4" VPOS="2094" WIDTH="34" WC="1.00" CC="00" TAGREFS=""/>
            <SP HPOS="510" ID="SP_513.14.5.6" VPOS="2104" WIDTH="9"/>
            <String CONTENT="a" HEIGHT="24" HPOS="519" ID="ST_513.14.5.7" STYLEREFS="Style_4" VPOS="2104" WIDTH="20" WC="1.00" CC="0" TAGREFS=""/>
            <SP HPOS="539" ID="SP_513.14.5.8" VPOS="2094" WIDTH="10"/>
            <String CONTENT="similar" HEIGHT="34" HPOS="549" ID="ST_513.14.5.9" STYLEREFS="Style_4" VPOS="2094" WIDTH="132" WC="0.89" CC="0000000" TAGREFS=""/>
            <SP HPOS="681" ID="SP_513.14.5.10" VPOS="2104" WIDTH="8"/>
            <String CONTENT="case," HEIGHT="30" HPOS="689" ID="ST_513.14.5.11" STYLEREFS="Style_4" VPOS="2104" WIDTH="90" WC="1.00" CC="00000" TAGREFS=""/>
            <SP HPOS="779" ID="SP_513.14.5.12" VPOS="2094" WIDTH="10"/>
            <String CONTENT="its" HEIGHT="34" HPOS="789" ID="ST_513.14.5.13" STYLEREFS="Style_4" VPOS="2094" WIDTH="43" WC="1.00" CC="000" TAGREFS=""/>
            <SP HPOS="832" ID="SP_513.14.5.14" VPOS="2094" WIDTH="9"/>
            <String CONTENT="holding" HEIGHT="43" HPOS="841" ID="ST_513.14.5.15" STYLEREFS="Style_4" VPOS="2094" WIDTH="141" WC="0.91" CC="0000000" TAGREFS=""/>
            <SP HPOS="982" ID="SP_513.14.5.16" VPOS="2094" WIDTH="9"/>
            <String CONTENT="being" HEIGHT="44" HPOS="991" ID="ST_513.14.5.17" STYLEREFS="Style_4" VPOS="2094" WIDTH="103" WC="0.80" CC="00000" TAGREFS=""/>
            <SP HPOS="1094" ID="SP_513.14.5.18" VPOS="2094" WIDTH="9"/>
            <String CONTENT="summed" HEIGHT="35" HPOS="1103" ID="ST_513.14.5.19" STYLEREFS="Style_4" VPOS="2094" WIDTH="158" WC="0.92" CC="000000" TAGREFS=""/>
            <SP HPOS="1261" ID="SP_513.14.5.20" VPOS="2105" WIDTH="8"/>
            <String CONTENT="up" HEIGHT="33" HPOS="1269" ID="ST_513.14.5.21" STYLEREFS="Style_4" VPOS="2105" WIDTH="47" WC="1.00" CC="00" TAGREFS=""/>
            <SP HPOS="1316" ID="SP_513.14.5.22" VPOS="2095" WIDTH="8"/>
            <String CONTENT="in" HEIGHT="34" HPOS="1324" ID="ST_513.14.5.23" STYLEREFS="Style_4" VPOS="2095" WIDTH="35" WC="1.00" CC="00" TAGREFS=""/>
          </TextLine>
          <TextLine HEIGHT="45" HPOS="147" ID="TL_513.14.6" VPOS="2143" WIDTH="1212">
            <String CONTENT="this" HEIGHT="34" HPOS="147" ID="ST_513.14.6.1" STYLEREFS="Style_4" VPOS="2143" WIDTH="69" WC="0.98" CC="0000" TAGREFS=""/>
            <SP HPOS="216" ID="SP_513.14.6.2" VPOS="2153" WIDTH="11"/>
            <String CONTENT="way:" HEIGHT="34" HPOS="227" ID="ST_513.14.6.3" STYLEREFS="Style_4" VPOS="2153" WIDTH="87" WC="0.84" CC="0000" TAGREFS=""/>
            <SP HPOS="314" ID="SP_513.14.6.4" VPOS="2143" WIDTH="13"/>
            <String CONTENT="“A" HEIGHT="34" HPOS="327" ID="ST_513.14.6.5" STYLEREFS="Style_4" VPOS="2143" WIDTH="56" WC="0.50" CC="90" TAGREFS=""/>
            <SP HPOS="383" ID="SP_513.14.6.6" VPOS="2154" WIDTH="10"/>
            <String CONTENT="way" HEIGHT="33" HPOS="393" ID="ST_513.14.6.7" STYLEREFS="Style_4" VPOS="2154" WIDTH="75" WC="0.82" CC="000" TAGREFS=""/>
            <SP HPOS="468" ID="SP_513.14.6.8" VPOS="2143" WIDTH="11"/>
            <String CONTENT="of" HEIGHT="35" HPOS="479" ID="ST_513.14.6.9" STYLEREFS="Style_4" VPOS="2143" WIDTH="39" WC="1.00" CC="00" TAGREFS=""/>
            <SP HPOS="518" ID="SP_513.14.6.10" VPOS="2144" WIDTH="8"/>
            <String CONTENT="necessity" HEIGHT="43" HPOS="526" ID="ST_513.14.6.11" STYLEREFS="Style_4" VPOS="2144" WIDTH="169" WC="0.94" CC="000000000" TAGREFS=""/>
            <SP HPOS="695" ID="SP_513.14.6.12" VPOS="2143" WIDTH="11"/>
            <String CONTENT="having" HEIGHT="44" HPOS="706" ID="ST_513.14.6.13" STYLEREFS="Style_4" VPOS="2143" WIDTH="125" WC="0.95" CC="000000" TAGREFS=""/>
            <SP HPOS="831" ID="SP_513.14.6.14" VPOS="2144" WIDTH="12"/>
            <String CONTENT="been" HEIGHT="34" HPOS="843" ID="ST_513.14.6.15" STYLEREFS="Style_4" VPOS="2144" WIDTH="86" WC="0.87" CC="0000" TAGREFS=""/>
            <SP HPOS="929" ID="SP_513.14.6.16" VPOS="2144" WIDTH="11"/>
            <String CONTENT="created" HEIGHT="34" HPOS="940" ID="ST_513.14.6.17" STYLEREFS="Style_4" VPOS="2144" WIDTH="140" WC="0.94" CC="0000000" TAGREFS=""/>
            <SP HPOS="1080" ID="SP_513.14.6.18" VPOS="2144" WIDTH="11"/>
            <String CONTENT="by" HEIGHT="44" HPOS="1091" ID="ST_513.14.6.19" STYLEREFS="Style_4" VPOS="2144" WIDTH="45" WC="0.90" CC="00" TAGREFS=""/>
            <SP HPOS="1136" ID="SP_513.14.6.20" VPOS="2144" WIDTH="11"/>
            <String CONTENT="implication" HEIGHT="43" HPOS="1147" ID="ST_513.14.6.21" STYLEREFS="Style_4" VPOS="2144" WIDTH="212" WC="0.92" CC="00000000000" TAGREFS=""/>
          </TextLine>
          <TextLine HEIGHT="44" HPOS="148" ID="TL_513.14.7" VPOS="2192" WIDTH="1212">
            <String CONTENT="for" HEIGHT="34" HPOS="148" ID="ST_513.14.7.1" STYLEREFS="Style_4" VPOS="2192" WIDTH="54" WC="1.00" CC="000" TAGREFS=""/>
            <SP HPOS="202" ID="SP_513.14.7.2" VPOS="2193" WIDTH="23"/>
            <String CONTENT="the" HEIGHT="34" HPOS="225" ID="ST_513.14.7.3" STYLEREFS="Style_4" VPOS="2193" WIDTH="61" WC="0.87" CC="000" TAGREFS=""/>
            <SP HPOS="286" ID="SP_513.14.7.4" VPOS="2192" WIDTH="23"/>
            <String CONTENT="benefit" HEIGHT="35" HPOS="309" ID="ST_513.14.7.5" STYLEREFS="Style_4" VPOS="2192" WIDTH="128" WC="0.76" CC="0000000" TAGREFS=""/>
            <SP HPOS="437" ID="SP_513.14.7.6" VPOS="2193" WIDTH="23"/>
            <String CONTENT="of" HEIGHT="34" HPOS="460" ID="ST_513.14.7.7" STYLEREFS="Style_4" VPOS="2193" WIDTH="38" WC="1.00" CC="00" TAGREFS=""/>
            <SP HPOS="498" ID="SP_513.14.7.8" VPOS="2193" WIDTH="21"/>
            <String CONTENT="the" HEIGHT="34" HPOS="519" ID="ST_513.14.7.9" STYLEREFS="Style_4" VPOS="2193" WIDTH="60" WC="0.95" CC="000" TAGREFS=""/>
            <SP HPOS="579" ID="SP_513.14.7.10" VPOS="2199" WIDTH="24"/>
            <String CONTENT="grantee" HEIGHT="37" HPOS="603" ID="ST_513.14.7.11" STYLEREFS="Style_4" VPOS="2199" WIDTH="143" WC="0.98" CC="0000000" TAGREFS=""/>
            <SP HPOS="746" ID="SP_513.14.7.12" VPOS="2193" WIDTH="22"/>
            <String CONTENT="of" HEIGHT="34" HPOS="768" ID="ST_513.14.7.13" STYLEREFS="Style_4" VPOS="2193" WIDTH="39" WC="1.00" CC="00" TAGREFS=""/>
            <SP HPOS="807" ID="SP_513.14.7.14" VPOS="2194" WIDTH="21"/>
            <String CONTENT="the" HEIGHT="34" HPOS="828" ID="ST_513.14.7.15" STYLEREFS="Style_4" VPOS="2194" WIDTH="59" WC="0.74" CC="000" TAGREFS=""/>
            <SP HPOS="887" ID="SP_513.14.7.16" VPOS="2193" WIDTH="22"/>
            <String CONTENT="dominant" HEIGHT="35" HPOS="909" ID="ST_513.14.7.17" STYLEREFS="Style_4" VPOS="2193" WIDTH="181" WC="0.74" CC="00000000" TAGREFS=""/>
            <SP HPOS="1090" ID="SP_513.14.7.18" VPOS="2198" WIDTH="24"/>
            <String CONTENT="estate" HEIGHT="30" HPOS="1114" ID="ST_513.14.7.19" STYLEREFS="Style_4" VPOS="2198" WIDTH="110" WC="1.00" CC="000000" TAGREFS=""/>
            <SP HPOS="1224" ID="SP_513.14.7.20" VPOS="2204" WIDTH="23"/>
            <String CONTENT="or" HEIGHT="24" HPOS="1247" ID="ST_513.14.7.21" STYLEREFS="Style_4" VPOS="2204" WIDTH="37" WC="0.88" CC="00" TAGREFS=""/>
            <SP HPOS="1284" ID="SP_513.14.7.22" VPOS="2194" WIDTH="23"/>
            <String CONTENT="his" HEIGHT="34" HPOS="1307" ID="ST_513.14.7.23" STYLEREFS="Style_4" VPOS="2194" WIDTH="53" WC="0.88" CC="000" TAGREFS=""/>
          </TextLine>
          <TextLine HEIGHT="44" HPOS="148" ID="TL_513.14.8" VPOS="2243" WIDTH="1212">
            <String CONTENT="successors" HEIGHT="25" HPOS="148" ID="ST_513.14.8.1" STYLEREFS="Style_4" VPOS="2253" WIDTH="194" WC="0.91" CC="0000000000" TAGREFS=""/>
            <SP HPOS="342" ID="SP_513.14.8.2" VPOS="2243" WIDTH="19"/>
            <String CONTENT="thereafter," HEIGHT="41" HPOS="361" ID="ST_513.14.8.3" STYLEREFS="Style_4" VPOS="2243" WIDTH="199" WC="0.97" CC="00000000000" TAGREFS=""/>
            <SP HPOS="560" ID="SP_513.14.8.4" VPOS="2243" WIDTH="21"/>
            <String CONTENT="it" HEIGHT="34" HPOS="581" ID="ST_513.14.8.5" STYLEREFS="Style_4" VPOS="2243" WIDTH="26" WC="1.00" CC="00" TAGREFS=""/>
            <SP HPOS="607" ID="SP_513.14.8.6" VPOS="2248" WIDTH="18"/>
            <String CONTENT="cannot" HEIGHT="30" HPOS="625" ID="ST_513.14.8.7" STYLEREFS="Style_4" VPOS="2248" WIDTH="128" WC="0.81" CC="000000" TAGREFS=""/>
            <SP HPOS="753" ID="SP_513.14.8.8" VPOS="2243" WIDTH="18"/>
            <String CONTENT="be" HEIGHT="35" HPOS="771" ID="ST_513.14.8.9" STYLEREFS="Style_4" VPOS="2243" WIDTH="43" WC="1.00" CC="00" TAGREFS=""/>
            <SP HPOS="814" ID="SP_513.14.8.10" VPOS="2243" WIDTH="19"/>
            <String CONTENT="extinguished" HEIGHT="44" HPOS="833" ID="ST_513.14.8.11" STYLEREFS="Style_4" VPOS="2243" WIDTH="240" WC="1.00" CC="000000000000" TAGREFS=""/>
            <SP HPOS="1073" ID="SP_513.14.8.12" VPOS="2255" WIDTH="18"/>
            <String CONTENT="so" HEIGHT="23" HPOS="1091" ID="ST_513.14.8.13" STYLEREFS="Style_4" VPOS="2255" WIDTH="38" WC="1.00" CC="00" TAGREFS=""/>
            <SP HPOS="1129" ID="SP_513.14.8.14" VPOS="2244" WIDTH="18"/>
            <String CONTENT="long" HEIGHT="42" HPOS="1147" ID="ST_513.14.8.15" STYLEREFS="Style_4" VPOS="2244" WIDTH="80" WC="0.94" CC="0000" TAGREFS=""/>
            <SP HPOS="1227" ID="SP_513.14.8.16" VPOS="2254" WIDTH="18"/>
            <String CONTENT="as" HEIGHT="24" HPOS="1245" ID="ST_513.14.8.17" STYLEREFS="Style_4" VPOS="2254" WIDTH="37" WC="1.00" CC="00" TAGREFS=""/>
            <SP HPOS="1282" ID="SP_513.14.8.18" VPOS="2244" WIDTH="20"/>
            <String CONTENT="the" HEIGHT="34" HPOS="1302" ID="ST_513.14.8.19" STYLEREFS="Style_4" VPOS="2244" WIDTH="58" WC="0.83" CC="000" TAGREFS=""/>
          </TextLine>
          <TextLine HEIGHT="44" HPOS="148" ID="TL_513.14.9" VPOS="2293" WIDTH="1210">
            <String CONTENT="necessity" HEIGHT="43" HPOS="148" ID="ST_513.14.9.1" STYLEREFS="Style_4" VPOS="2293" WIDTH="171" WC="0.90" CC="000000000" TAGREFS=""/>
            <SP HPOS="319" ID="SP_513.14.9.2" VPOS="2293" WIDTH="21"/>
            <String CONTENT="continues" HEIGHT="35" HPOS="340" ID="ST_513.14.9.3" STYLEREFS="Style_4" VPOS="2293" WIDTH="178" WC="0.86" CC="000000000" TAGREFS=""/>
            <SP HPOS="518" ID="SP_513.14.9.4" VPOS="2298" WIDTH="22"/>
            <String CONTENT="to" HEIGHT="29" HPOS="540" ID="ST_513.14.9.5" STYLEREFS="Style_4" VPOS="2298" WIDTH="36" WC="1.00" CC="00" TAGREFS=""/>
            <SP HPOS="576" ID="SP_513.14.9.6" VPOS="2293" WIDTH="21"/>
            <String CONTENT="exist.”" HEIGHT="35" HPOS="597" ID="ST_513.14.9.7" STYLEREFS="Style_4" VPOS="2293" WIDTH="122" WC="0.77" CC="0000009" TAGREFS=""/>
            <SP HPOS="719" ID="SP_513.14.9.8" VPOS="2293" WIDTH="21"/>
            <String CONTENT="Berkeley" HEIGHT="44" HPOS="740" ID="ST_513.14.9.9" STYLEREFS="Style_5" VPOS="2293" WIDTH="170" WC="0.98" CC="00000000" TAGREFS=""/>
            <SP HPOS="910" ID="SP_513.14.9.10" VPOS="2293" WIDTH="20"/>
            <String CONTENT="Development" HEIGHT="44" HPOS="930" ID="ST_513.14.9.11" STYLEREFS="Style_5" VPOS="2293" WIDTH="251" WC="0.92" CC="00000000000" TAGREFS=""/>
            <SP HPOS="1181" ID="SP_513.14.9.12" VPOS="2294" WIDTH="23"/>
            <String CONTENT="Corp." HEIGHT="43" HPOS="1204" ID="ST_513.14.9.13" STYLEREFS="Style_5" VPOS="2294" WIDTH="101" WC="0.92" CC="00000" TAGREFS=""/>
            <SP HPOS="1305" ID="SP_513.14.9.14" VPOS="2305" WIDTH="23"/>
            <String CONTENT="v." HEIGHT="23" HPOS="1328" ID="ST_513.14.9.15" STYLEREFS="Style_4" VPOS="2305" WIDTH="30" WC="1.00" CC="00" TAGREFS=""/>
          </TextLine>
          <TextLine HEIGHT="45" HPOS="148" ID="TL_513.14.10" VPOS="2342" WIDTH="810">
            <String CONTENT="Hutzler," HEIGHT="41" HPOS="148" ID="ST_513.14.10.1" STYLEREFS="Style_5" VPOS="2343" WIDTH="163" WC="0.85" CC="00000000" TAGREFS=""/>
            <SP HPOS="311" ID="SP_513.14.10.2" VPOS="2343" WIDTH="22"/>
            <String CONTENT="229" HEIGHT="35" HPOS="333" ID="ST_513.14.10.3" STYLEREFS="Style_4" VPOS="2343" WIDTH="66" WC="0.80" CC="000" TAGREFS=""/>
            <SP HPOS="399" ID="SP_513.14.10.4" VPOS="2342" WIDTH="21"/>
            <String CONTENT="S.E.2d" HEIGHT="36" HPOS="420" ID="ST_513.14.10.5" STYLEREFS="Style_4" VPOS="2342" WIDTH="127" WC="0.88" CC="000000" TAGREFS=""/>
            <SP HPOS="547" ID="SP_513.14.10.6" VPOS="2344" WIDTH="21"/>
            <String CONTENT="732" HEIGHT="34" HPOS="568" ID="ST_513.14.10.7" STYLEREFS="Style_4" VPOS="2344" WIDTH="68" WC="0.67" CC="000" TAGREFS=""/>
            <SP HPOS="636" ID="SP_513.14.10.8" VPOS="2343" WIDTH="23"/>
            <String CONTENT="(W." HEIGHT="43" HPOS="659" ID="ST_513.14.10.9" STYLEREFS="Style_4" VPOS="2343" WIDTH="71" WC="0.72" CC="000" TAGREFS=""/>
            <SP HPOS="730" ID="SP_513.14.10.10" VPOS="2343" WIDTH="22"/>
            <String CONTENT="Va." HEIGHT="35" HPOS="752" ID="ST_513.14.10.11" STYLEREFS="Style_4" VPOS="2343" WIDTH="64" WC="0.89" CC="000" TAGREFS=""/>
            <SP HPOS="816" ID="SP_513.14.10.12" VPOS="2343" WIDTH="25"/>
            <String CONTENT="1976)." HEIGHT="44" HPOS="841" ID="ST_513.14.10.13" STYLEREFS="Style_4" VPOS="2343" WIDTH="117" WC="0.91" CC="000000" TAGREFS=""/>
          </TextLine>
        </TextBlock>
        <TextBlock HEIGHT="44.0" HPOS="241.0" ID="BL_513.15" TAGREFS="b513-13" VPOS="2419.0" WIDTH="1120.0">
          <TextLine HEIGHT="44" HPOS="241" ID="TL_513.15.1" VPOS="2419" WIDTH="1120">
            <String CONTENT="Another" HEIGHT="34" HPOS="381" ID="ST_513.15.1.5" STYLEREFS="Style_4" VPOS="2420" WIDTH="157" WC="0.87" CC="0000000" TAGREFS=""/>
            <SP HPOS="538" ID="SP_513.15.1.6" VPOS="2424" WIDTH="17"/>
            <String CONTENT="argument" HEIGHT="39" HPOS="555" ID="ST_513.15.1.7" STYLEREFS="Style_4" VPOS="2424" WIDTH="184" WC="0.94" CC="00000000" TAGREFS=""/>
            <SP HPOS="739" ID="SP_513.15.1.8" VPOS="2419" WIDTH="17"/>
            <String CONTENT="is" HEIGHT="35" HPOS="756" ID="ST_513.15.1.9" STYLEREFS="Style_4" VPOS="2419" WIDTH="28" WC="0.95" CC="00" TAGREFS=""/>
            <SP HPOS="784" ID="SP_513.15.1.10" VPOS="2419" WIDTH="17"/>
            <String CONTENT="that" HEIGHT="35" HPOS="801" ID="ST_513.15.1.11" STYLEREFS="Style_4" VPOS="2419" WIDTH="76" WC="1.00" CC="0000" TAGREFS=""/>
            <SP HPOS="877" ID="SP_513.15.1.12" VPOS="2420" WIDTH="16"/>
            <String CONTENT="the" HEIGHT="35" HPOS="893" ID="ST_513.15.1.13" STYLEREFS="Style_4" VPOS="2420" WIDTH="60" WC="0.85" CC="000" TAGREFS=""/>
            <SP HPOS="953" ID="SP_513.15.1.14" VPOS="2420" WIDTH="17"/>
            <String CONTENT="appellee" HEIGHT="43" HPOS="970" ID="ST_513.15.1.15" STYLEREFS="Style_4" VPOS="2420" WIDTH="155" WC="1.00" CC="00000000" TAGREFS=""/>
            <SP HPOS="1125" ID="SP_513.15.1.16" VPOS="2419" WIDTH="17"/>
            <String CONTENT="already" HEIGHT="44" HPOS="1142" ID="ST_513.15.1.17" STYLEREFS="Style_4" VPOS="2419" WIDTH="140" WC="0.98" CC="0000000" TAGREFS=""/>
            <SP HPOS="1282" ID="SP_513.15.1.18" VPOS="2420" WIDTH="17"/>
            <String CONTENT="has" HEIGHT="34" HPOS="1299" ID="ST_513.15.1.19" STYLEREFS="Style_4" VPOS="2420" WIDTH="62" WC="0.92" CC="000" TAGREFS=""/>
          </TextLine>
        </TextBlock>
      </PrintSpace>
    </Page>
  </Layout>
</alto>
