1675 2704
1289 259 66 34 549

328 400 74 34 The
416 399 127 44 fallacy
557 399 34 35 in
605 399 98 35 these
716 404 200 39 arguments
930 399 28 35 is
971 399 77 35 that
1062 410 93 33 rape,
1170 410 37 24 as
1221 399 136 35 defined

144 449 46 44 by
199 460 63 23 our
272 454 139 35 statute,
422 449 27 34 is
460 454 59 30 not
528 454 68 30 two
606 449 162 35 different
777 449 134 35 crimes.
923 450 31 34 It
964 450 28 34 is
1001 460 66 24 one
1076 449 107 35 crime
1192 449 76 35 that
1277 460 81 33 may

144 499 43 35 be
197 499 204 34 committed
413 499 45 44 by
468 505 68 29 two
547 499 163 35 different
721 505 84 29 acts.
818 499 247 44 Comparably,
1078 510 44 24 an
1134 504 145 39 autopsy
1289 499 40 35 of
1337 511 20 23 a

145 549 141 34 murder
297 549 146 35 victim’s
456 549 90 44 body
559 549 111 43 might
682 549 146 36 disclose
839 561 19 23 a
871 550 78 35 stab
960 550 126 34 wound
1097 549 69 35 and
1178 560 20 24 a
1210 549 149 44 gunshot

144 599 137 41 wound,
297 599 109 35 either
420 599 39 35 of
470 599 113 35 which
598 610 81 33 may
693 599 87 35 have
795 599 86 35 been
895 599 88 35 fatal
998 599 30 35 if
1039 599 153 35 inflicted
1207 599 34 35 in
1255 600 105 44 quick

145 649 206 35 succession.
369 649 190 44 Obviously
575 649 59 35 the
649 650 100 34 State
764 649 102 35 could
882 649 56 35 list
954 650 84 34 both
1054 649 218 45 possibilities
1287 649 35 35 in
1338 661 21 24 a

145 699 61 35 bill
220 699 40 34 of
271 699 216 44 particulars,
503 699 69 35 and
586 699 59 35 the
655 700 81 43 jury
750 700 101 35 could
866 700 43 34 be
923 699 190 36 instructed
1128 700 229 44 accordingly.

239 777 94 33 Here
348 777 58 33 the
420 776 220 43 prosecuting
656 781 169 38 attorney,
841 777 34 34 in
890 777 96 43 filing
1002 777 59 34 the
1075 776 159 44 required
1249 777 59 34 bill
1323 777 39 34 of

145 826 219 43 particulars,
383 831 62 38 put
462 825 60 36 the
539 825 209 36 defendants
766 837 44 24 on
828 826 114 35 notice
959 825 40 36 of
1014 826 53 35 his
1085 827 158 43 position:
1263 826 98 35 “The

146 875 101 35 State
266 875 165 35 contends
450 876 77 34 that
546 876 98 34 there
662 876 28 34 is
710 876 80 43 only
808 886 65 24 one
891 876 108 34 crime
1017 876 40 34 of
1072 887 84 32 rape
1174 876 109 35 under
1301 876 59 35 the

146 930 173 38 statutory
330 925 64 34 law
404 924 40 35 of
450 926 60 33 the
520 925 101 35 State
631 925 39 34 of
678 926 190 40 Arkansas,
879 925 69 35 and
958 926 78 34 that
1045 926 61 34 the
1114 926 108 34 crime
1231 926 39 34 of
1277 936 84 33 rape

146 985 66 24 can
233 974 43 35 be
297 974 201 35 committed
519 975 110 34 either
655 975 59 43 [by
734 975 117 34 sexual
872 976 212 34 intercourse
1104 986 38 23 or
1162 976 45 43 by
1226 975 135 35 deviate

146 1024 120 34 sexual
276 1024 170 43 activity].
456 1024 74 35 The
540 1024 101 35 State
650 1024 166 35 contends
826 1024 134 35 further
970 1025 77 34 that
1056 1036 45 24 an
1111 1025 203 35 alternative
1322 1036 38 24 or

147 1073 207 43 disjunctive
381 1073 165 44 charging
574 1073 40 36 of
638 1075 60 33 the
725 1075 107 34 crime
859 1074 40 35 of
923 1085 83 33 rape
1034 1075 45 44 by
1107 1075 108 35 either
1243 1075 117 35 sexual

147 1123 213 35 intercourse
379 1134 38 23 or
437 1123 136 36 deviate
594 1124 119 35 sexual
734 1124 140 44 activity
895 1124 29 35 is
944 1125 184 43 adequate,
1149 1135 122 34 proper
1292 1125 69 34 and

147 1173 172 35 sufficient
337 1173 113 35 notice
467 1179 35 30 to
520 1174 59 35 the
596 1173 190 36 defendant
804 1185 37 24 so
858 1174 186 44 charged.”
1062 1174 113 36 There
1192 1174 130 36 follows
1341 1186 20 24 a

148 1229 139 38 request
297 1224 77 34 that
384 1223 58 35 the
449 1224 80 44 jury
540 1224 42 35 be
592 1235 38 23 so
641 1224 201 41 instructed,
853 1224 113 35 which
975 1236 71 24 was
1056 1225 195 44 eventually
1261 1225 99 35 done.

239 1301 75 34 The
322 1302 227 43 prosecutor’s
559 1302 148 44 position
716 1313 70 24 was
795 1307 142 30 correct.
948 1303 83 34 Two
1040 1303 138 34 months
1187 1302 90 35 after
1286 1302 76 36 that

148 1350 60 35 bill
226 1351 40 34 of
280 1351 204 44 particulars
502 1362 70 24 was
590 1351 80 35 filed
688 1351 35 35 in
741 1352 59 35 the
816 1352 78 35 trial
912 1357 99 30 court
1028 1364 51 23 we
1095 1353 83 34 took
1194 1363 20 24 a
1231 1353 131 34 similar

148 1401 148 43 position
308 1401 34 34 in
358 1401 146 35 Wood v.
515 1402 114 40 State,
642 1403 67 34 287
721 1402 84 35 Ark.
818 1403 158 40 203, 697
988 1402 144 35 S.W.2d
1144 1403 67 35 884
1224 1402 136 43 (1985).

149 1451 66 34 We
231 1456 62 39 put
308 1451 59 34 the
383 1457 126 29 matter
525 1451 118 44 finally
659 1456 37 30 at
711 1457 69 30 rest
796 1452 34 34 in
848 1452 154 44 Cokeley
1016 1464 30 23 v.
1063 1453 113 41 State,
1194 1454 65 33 288
1276 1453 85 35 Ark.

149 1501 80 40 349,
244 1502 66 34 705
326 1501 142 34 S.W.2d
482 1502 67 34 425
567 1502 138 43 (1986),
720 1503 173 43 expressly
906 1503 194 43 overruling
1113 1503 59 34 the
1187 1502 175 44 Clayborn

149 1551 164 40 decision,
327 1561 119 34 supra.
461 1551 95 35 Thus
571 1551 60 35 the
644 1551 207 35 defendants
865 1563 90 23 were
968 1552 87 43 fully
1069 1552 172 35 informed
1255 1553 39 34 of
1304 1553 59 34 the

148 1600 129 35 State’s
292 1600 146 43 position
454 1600 119 35 before
587 1601 59 34 the
660 1601 89 34 trial.
765 1601 74 35 The
852 1607 67 29 two
933 1606 200 39 arguments
1148 1602 53 35 for
1215 1603 146 34 reversal

149 1660 60 24 are
229 1650 145 34 without
394 1651 111 34 merit.

240 1728 83 33 Two
337 1728 97 33 other
448 1727 114 44 points
575 1728 110 42 urged
698 1728 45 43 by
757 1728 59 34 the
829 1728 193 44 appellants
1036 1739 81 32 may
1131 1729 44 34 be
1187 1728 175 35 discussed

149 1777 169 41 together.
333 1777 39 33 In
385 1787 61 23 our
459 1777 74 34 first
545 1776 140 45 opinion
697 1788 52 23 we
760 1777 80 34 held
852 1778 76 34 that
941 1777 113 43 Judge
1067 1778 89 34 Ford
1169 1777 122 35 should
1303 1783 60 29 not

149 1825 88 34 have
249 1825 158 43 presided
419 1831 37 29 at
467 1826 59 34 the
538 1826 133 35 motion
683 1831 35 29 to
730 1836 171 34 suppress.
915 1828 56 33 He
983 1827 152 42 actually
1148 1827 145 42 granted
1304 1827 60 34 the

149 1874 135 35 motion
284 1874 43 35 —
327 1874 48 35 an
394 1875 114 34 action
527 1875 77 35 that
621 1886 70 24 was
710 1875 178 35 favorable
905 1881 35 29 to
958 1876 60 34 the
1035 1875 144 36 defense
1179 1875 43 36 —
1222 1875 64 36 but
1305 1876 59 35 the

148 1924 102 34 State
266 1935 69 23 was
353 1924 143 35 allowed
513 1930 35 29 to
565 1925 182 35 introduce
762 1936 45 24 on
823 1926 151 34 rebuttal
991 1936 21 24 a
1028 1926 146 34 number
1191 1925 39 35 of
1243 1927 119 43 photo-

149 1974 128 44 graphs
297 1974 76 35 that
392 1985 88 24 were
499 1974 199 36 discovered
717 1975 124 43 during
860 1976 59 34 the
937 1976 132 35 search.
1090 1976 104 35 None
1212 1976 39 34 of
1266 1977 98 34 those

149 2024 235 44 photographs
405 2035 88 24 were
513 2025 133 34 offered
666 2030 36 30 at
722 2025 59 35 the
801 2025 126 35 second
946 2026 92 34 trial.

242 2101 125 35 Before
377 2101 58 36 the
445 2102 129 42 retrial,
585 2101 143 36 defense
737 2103 139 35 counsel
886 2103 107 35 asked
1003 2102 54 35 for
1067 2115 21 23 a
1098 2103 143 43 hearing
1251 2114 44 24 on
1305 2103 60 35 the

150 2151 132 35 motion
299 2157 36 29 to
352 2162 158 34 suppress
528 2152 60 35 the
605 2153 163 34 evidence
784 2152 113 36 seized
914 2153 125 44 during
1056 2154 60 34 the
1132 2153 131 35 search.
1281 2153 83 35 This

150 2201 85 35 time
248 2202 60 34 the
321 2201 99 36 State
433 2202 59 35 did
506 2208 59 29 not
579 2207 134 30 contest
726 2203 60 35 the
799 2204 141 34 motion.
955 2203 113 43 Judge
1083 2203 88 35 Ford
1184 2203 131 35 offered
1329 2209 35 29 to

150 2251 88 35 have
247 2252 145 34 another
397 2251 108 44 judge
513 2252 75 44 sign
598 2263 45 24 an
652 2252 101 35 order
761 2253 161 43 granting
931 2253 59 35 the
998 2254 142 40 motion,
1151 2254 62 34 but
1222 2254 76 34 that
1306 2253 58 35 did

150 2306 60 30 not
224 2301 124 44 satisfy
362 2301 141 35 defense
517 2303 150 34 counsel.
684 2302 71 35 She
769 2302 141 35 insisted
925 2314 92 33 upon
1032 2314 21 23 a
1067 2303 155 42 hearing,
1237 2314 37 23 so
1288 2303 77 35 that

150 2351 62 34 she
225 2351 102 34 could
342 2352 43 34 be
398 2351 131 35 certain
544 2352 107 34 about
665 2352 93 34 what
772 2352 69 34 had
854 2353 88 34 been
956 2352 199 35 discovered
1169 2353 124 43 during
1307 2353 59 34 the

150 2401 133 34 search.
296 2401 75 34 The
378 2400 108 44 judge
497 2401 140 43 pointed
649 2406 61 30 out
722 2401 76 35 that
810 2401 44 35 he
864 2401 101 35 could
978 2407 60 29 not
1049 2403 135 42 compel
1196 2402 59 34 the
1266 2402 100 34 State
