1671 2702
1267 266 65 34 471

214 406 75 34 Per
308 405 164 36 Curiam.

492 406 201 44 Appellant,
711 407 109 43 Terry
839 407 110 40 Moss,
968 407 47 44 by
1032 406 53 35 his
1105 411 168 39 attorney,
1293 407 43 34 R.

123 454 86 36 Paul
230 455 156 44 Hughes,
408 456 62 40 III,
491 456 63 35 has
575 456 80 34 filed
676 467 20 23 a
717 456 130 35 motion
868 456 54 35 for
941 457 75 34 rule
1035 467 45 24 on
1100 457 59 34 the
1179 457 102 34 clerk.

214 538 75 35 The
299 538 130 35 motion
440 538 127 35 admits
577 539 77 35 that
664 539 59 34 the
733 539 119 35 record
863 550 70 24 was
943 545 60 30 not
1013 539 120 45 timely
1143 539 80 36 filed
1233 540 68 35 and
1311 540 26 35 it

122 599 71 24 was
205 599 44 23 no
260 588 90 35 fault
360 588 39 35 of
406 588 59 35 the
476 588 187 45 appellant.
677 589 65 35 His
753 594 158 39 attorney
922 589 127 35 admits
1061 590 77 35 that
1148 590 59 34 the
1218 590 119 35 record

122 649 72 24 was
213 638 167 35 tendered
399 639 70 34 late
489 638 68 35 due
575 643 37 30 to
632 650 21 24 a
673 639 149 35 mistake
841 650 43 24 on
905 639 53 35 his
978 644 89 40 part.

309 721 66 34 We
392 721 71 35 find
481 721 78 35 that
577 720 86 36 such
682 732 45 24 an
746 732 104 31 error,
869 721 207 45 admittedly
1095 721 103 36 made
1216 722 45 43 by
1279 723 59 34 the

123 776 161 39 attorney
305 770 53 35 for
378 782 20 23 a
418 771 159 35 criminal
598 771 201 41 defendant,
820 771 28 35 is
868 772 90 43 good
978 782 105 25 cause
1103 778 36 29 to
1159 777 101 38 grant
1280 772 59 35 the

124 820 142 35 motion.
282 821 67 34 See
362 831 62 24 our
438 821 64 34 Per
517 821 147 35 Curiam
678 821 149 44 opinion,
844 822 39 34 In
898 822 63 35 Re:
978 822 144 35 Belated
1135 822 153 44 Appeals
1303 822 35 35 in

123 870 173 35 Criminal
316 870 120 41 Cases,
458 871 66 34 265
546 871 86 35 Ark.
653 871 70 35 964
745 871 137 43 (1979).

214 954 34 33 A
258 963 88 34 copy
354 953 40 34 of
399 953 68 35 this
476 953 140 44 opinion
625 953 69 35 will
704 954 44 34 be
756 953 194 36 forwarded
960 959 36 30 to
1004 954 60 35 the
1074 955 212 35 Committee
1294 966 44 24 on

123 1001 233 36 Professional
377 1002 170 36 Conduct.

215 1085 161 41 Purtle,
397 1086 42 40 J.,
459 1090 60 30 not
539 1086 257 44 participating.

318 1275 154 35 William
493 1275 176 36 OWENS
691 1287 27 23 v.
741 1276 152 35 STATE
912 1276 40 35 of
968 1276 180 36 Arkansas

1018 1348 67 34 705
1107 1347 143 36 S.W.2d
1272 1349 67 34 892

453 1416 171 44 Supreme
644 1416 111 36 Court
775 1417 39 34 of
830 1418 179 35 Arkansas

390 1465 152 45 Opinion
563 1466 172 35 delivered
756 1467 127 35 March
905 1469 55 39 31,
986 1468 87 35 1986

215 1911 95 36 John
329 1913 37 33 F.
389 1911 141 41 Gibson,
552 1913 64 40 Jr.,
637 1912 53 35 for
711 1913 186 44 appellant.

214 1993 60 35 No
294 2004 171 34 response.

214 2076 76 35 Per
319 2076 164 36 Curiam.

512 2077 75 35 The
614 2078 188 44 appellant,
831 2078 45 44 by
903 2079 52 34 his
984 2084 170 40 attorney,
1183 2080 89 35 John
1302 2081 35 34 F.

123 2126 146 41 Gibson,
281 2127 60 40 Jr.,
353 2127 62 35 has
426 2127 80 35 filed
517 2139 20 23 a
548 2127 132 36 motion
691 2128 54 35 for
756 2140 20 24 a
787 2128 74 35 rule
871 2134 36 30 to
917 2130 137 43 require
1064 2130 59 34 the
1133 2129 94 36 clerk
1236 2135 36 30 to
1282 2130 57 35 file

123 2176 60 35 the
199 2176 121 35 record
336 2176 35 35 in
387 2176 67 35 this
470 2187 81 25 case
566 2177 91 35 after
673 2178 60 34 the
748 2178 192 44 expiration
956 2179 40 34 of
1008 2179 60 35 the
1083 2180 85 34 time
1184 2179 153 35 allowed.

122 2225 76 35 The
214 2231 161 39 attorney
391 2227 127 35 admits
535 2227 77 35 that
628 2228 60 34 the
704 2228 102 43 delay
822 2228 35 35 in
873 2228 97 44 filing
987 2229 59 35 the
1062 2229 121 35 record
1199 2240 70 24 was
1285 2230 53 34 his

123 2275 101 36 fault.

308 2358 75 35 The
391 2359 131 34 motion
531 2359 54 35 for
593 2370 21 24 a
623 2359 75 35 rule
706 2370 45 24 on
759 2359 60 35 the
826 2360 95 34 clerk
929 2360 28 34 is
965 2361 157 42 granted.
1133 2360 67 35 See
1208 2371 62 25 our
1279 2371 60 33 per

124 2408 134 34 curiam
279 2407 100 35 order
399 2408 39 35 of
456 2408 176 45 February
653 2410 32 40 5,
710 2410 100 40 1979,
831 2410 67 35 265
919 2410 86 35 Ark.
1027 2411 79 34 964.
