1632 2696
1258 271 62 33 193

204 618 93 43 Cliff
308 618 166 40 Jackson,
496 617 53 34 for
570 616 193 44 petitioner.

201 699 105 34 Steve
330 698 119 41 Clark,
473 698 99 43 Att’y
594 697 101 41 Gen.,
719 697 55 43 by:
797 698 107 41 Mary
926 698 37 32 B.
987 695 176 44 Stallcup,
1187 695 139 43 Deputy

111 749 100 43 Att’y
231 749 101 40 Gen.,
354 748 52 34 for
426 747 218 44 respondent.

204 830 75 34 Per
292 829 163 35 Curiam.

468 829 75 34 The
555 828 194 44 petitioner,
763 827 87 35 Cliff
860 827 161 40 Jackson,
1034 826 59 35 the
1105 836 142 34 sponsor
1258 825 39 35 of
1307 836 20 24 a

112 879 170 45 proposed
302 879 156 35 initiated
478 884 67 35 act,
566 878 190 35 submitted
775 878 58 34 the
852 876 168 45 proposed
1040 876 158 35 initiated
1217 881 56 29 act
1292 881 35 29 to

112 929 220 45 respondent,
348 929 58 35 the
421 930 171 42 Attorney
607 928 163 41 General,
786 927 53 35 for
854 927 228 35 certification
1097 926 39 35 of
1147 926 59 35 the
1220 926 108 34 ballot

113 991 104 23 name
238 979 68 35 and
328 979 143 44 popular
492 979 87 41 title,
601 983 168 40 pursuant
790 983 35 29 to
845 978 85 34 Ark.
952 977 90 35 Stat.
1064 978 92 33 Ann.
1180 977 17 43 §
1222 977 104 34 2-208

115 1030 125 44 (Supp.
259 1029 116 43 1985).
389 1029 74 34 The
475 1029 208 44 respondent
696 1028 108 35 found
816 1028 60 34 the
888 1027 168 44 proposed
1069 1027 145 44 popular
1226 1038 103 23 name

114 1080 69 34 and
198 1080 108 34 ballot
321 1079 74 35 title
409 1084 35 29 to
458 1079 44 34 be
516 1079 208 34 insufficient
738 1078 69 34 and
821 1077 165 41 certified,
1002 1077 146 41 instead,
1164 1088 20 23 a
1198 1076 131 35 revised

114 1130 146 44 popular
283 1140 102 24 name
406 1129 68 34 and
496 1129 109 34 ballot
626 1128 86 35 title.
735 1128 186 34 Petitioner
943 1138 76 24 now
1041 1138 102 33 prays
1164 1127 77 34 that
1262 1126 67 35 this

115 1180 112 34 Court
249 1179 91 35 issue
362 1190 20 23 a
404 1179 76 34 writ
503 1178 39 35 of
562 1178 208 35 mandamus
793 1178 169 43 directing
984 1177 60 35 the
1066 1176 206 45 respondent
1295 1181 35 30 to

115 1229 125 43 certify
251 1229 59 34 the
321 1240 102 23 name
434 1228 68 35 and
514 1229 75 34 title
601 1239 37 24 as
650 1228 181 43 originally
842 1227 190 35 submitted
1043 1238 38 23 or
1092 1227 168 42 directing
1272 1226 59 34 the

115 1279 209 44 respondent
344 1284 35 29 to
400 1278 197 35 reexamine
617 1278 59 34 the
696 1283 137 29 matter.
855 1278 66 33 We
940 1277 90 43 deny
1050 1277 60 34 the
1129 1276 86 34 writ.

348 1359 74 34 The
438 1358 184 35 standards
641 1358 85 34 used
743 1363 35 29 to
796 1357 191 35 determine
1004 1357 60 34 the
1081 1356 198 44 sufficiency
1296 1356 39 34 of

117 1410 146 44 popular
273 1420 119 24 names
403 1408 68 35 and
481 1409 108 34 ballot
599 1408 93 35 titles
703 1419 59 24 are
771 1408 76 34 well
857 1407 220 35 established.
1090 1407 40 34 In
1139 1406 152 43 Bradley
1300 1418 30 23 v.

117 1459 100 41 Hall,
239 1460 68 34 220
327 1459 85 34 Ark.
434 1460 79 40 925,
535 1460 64 33 251
624 1458 144 35 S.W.2d
788 1459 69 33 470
879 1457 138 43 (1952),
1038 1468 52 23 we
1109 1456 124 35 stated:

334 1540 74 34 Our
419 1539 169 35 decisions
598 1550 93 33 upon
702 1539 59 34 the
771 1539 198 43 sufficiency
979 1538 39 34 of
1025 1538 109 34 ballot
1144 1538 92 34 titles
1246 1538 87 34 have

243 1590 86 33 been
347 1600 37 23 so
402 1600 186 23 numerous
606 1589 77 34 that
700 1589 59 34 the
776 1588 186 43 governing
980 1588 184 43 principles
1182 1598 59 23 are
1258 1598 74 32 per­

243 1638 106 43 fectly
361 1638 162 34 familiar.
536 1638 57 34 On
605 1638 59 34 the
675 1648 65 24 one
752 1637 103 40 hand,
868 1638 26 33 it
905 1637 28 34 is
945 1642 60 29 not
1016 1636 160 44 required
1187 1636 76 34 that
1274 1636 60 34 the

243 1688 108 33 ballot
361 1687 75 35 title
446 1687 140 34 contain
597 1698 20 23 a
628 1687 155 43 synopsis
794 1686 39 34 of
840 1686 59 34 the
909 1685 225 35 amendment
1144 1696 38 23 or
1193 1690 139 29 statute.

242 1737 135 44 Sturdy
385 1748 31 23 v.
427 1736 99 42 Hall,
538 1737 68 34 204
616 1737 85 34 Ark.
713 1737 158 40 785, 164
881 1735 144 35 S.W.2d
1036 1736 68 33 884
1116 1734 136 44 (1942).
1265 1735 31 34 It
1306 1734 27 35 is

244 1787 170 35 sufficient
428 1787 53 35 for
495 1787 59 35 the
568 1787 76 35 title
657 1792 35 29 to
707 1787 43 34 be
763 1786 171 44 complete
947 1786 137 43 enough
1098 1791 35 29 to
1147 1796 128 33 convey
1289 1796 44 24 an

244 1838 202 43 intelligible
463 1837 77 35 idea
559 1837 39 35 of
612 1838 59 34 the
688 1848 102 33 scope
807 1837 68 35 and
892 1837 128 44 import
1037 1836 39 35 of
1090 1836 59 35 the
1166 1835 167 45 proposed

244 1889 76 34 law.
343 1888 204 35 Westbrook
562 1899 30 23 v.
610 1887 216 41 McDonald,
847 1888 65 33 184
928 1887 86 34 Ark.
1033 1887 79 40 740,
1130 1887 43 33 43
1191 1885 143 35 S.W.2d

246 1939 78 39 356,
350 1939 44 33 44
419 1937 144 35 S.W.2d
589 1939 63 33 331
683 1936 137 44 (1931).
847 1938 65 33 We
936 1937 88 34 have
1048 1936 203 43 recognized
1276 1936 59 34 the

245 1987 240 44 impossibility
506 1987 40 35 of
564 1987 185 44 preparing
770 1998 20 23 a
811 1987 108 34 ballot
939 1987 77 34 title
1036 1986 77 34 that
1133 1985 113 35 would
1267 1985 68 35 suit

245 2048 176 33 everyone.
437 2039 130 42 Hogan
580 2048 31 24 v.
627 2037 100 41 Hall,
747 2038 63 33 198
826 2037 85 34 Ark.
928 2037 80 40 681,
1029 2037 64 34 130
1108 2035 143 35 S.W.2d
1267 2036 67 34 716

247 2087 137 44 (1939).
396 2088 80 41 Yet,
487 2099 44 23 on
542 2087 59 35 the
611 2088 99 34 other
720 2087 104 41 hand,
835 2087 59 34 the
904 2087 109 34 ballot
1022 2087 76 34 title
1108 2091 92 30 must
1211 2086 43 34 be
1263 2085 73 35 free

246 2138 91 35 from
351 2138 78 44 ‘any
442 2138 207 43 misleading
663 2137 181 44 tendency,
858 2137 154 34 whether
1025 2136 40 35 of
1076 2136 259 44 amplification,

245 2188 40 35 of
301 2188 174 41 omission,
496 2199 38 23 or
554 2188 151 43 fallacy,’
727 2187 68 35 and
815 2188 26 34 it
861 2192 93 29 must
974 2192 60 29 not
1054 2187 43 34 be
1116 2186 118 43 tinged
1253 2186 83 34 with

246 2238 154 43 partisan
420 2238 164 42 coloring.

307 2318 40 33 In
362 2317 59 34 the
435 2328 80 23 case
529 2317 40 34 of
579 2317 186 34 Arkansas
784 2316 171 34 Women’s
968 2315 168 34 Political
1152 2316 140 33 Caucus
1305 2326 30 22 v.

121 2369 151 38 Riviere,
287 2367 66 33 283
367 2367 84 33 Ark.
466 2367 80 39 463,
561 2367 66 33 677
642 2365 144 35 S.W.2d
800 2366 67 33 846
883 2364 138 43 (1984),
1034 2375 52 23 we
1098 2364 80 34 held
1190 2364 77 34 that
1279 2364 60 33 the

122 2416 108 34 ballot
245 2416 76 34 title
334 2415 69 34 and
417 2416 146 43 popular
577 2415 76 34 title
667 2420 93 29 must
774 2415 43 34 be
833 2414 53 43 (1)
903 2414 214 42 intelligible;
1134 2413 54 43 (2)
1205 2414 133 39 honest;
