1664 2690
311 409 68 35 and
393 409 108 35 under
515 409 58 34 the
586 408 128 44 quoted
728 413 129 30 statute
871 408 97 34 those
982 408 193 43 employees
1189 418 60 23 are
1262 408 154 33 immune
1429 406 90 34 from

310 458 77 34 civil
396 458 146 42 liability
552 457 53 35 for
614 457 264 34 non-malicious
888 462 73 29 acts
970 457 180 42 occurring
1159 456 119 33 within
1288 456 59 33 the
1354 466 121 23 course
1483 455 39 34 of

310 507 89 35 their
414 507 243 43 employment.
673 506 75 33 The
763 506 186 43 appellant,
965 505 95 43 quite
1075 504 305 43 understandably,
1396 514 123 32 argues

310 556 76 34 that
400 556 58 34 the
471 560 116 30 recent
600 566 80 24 case
692 554 39 35 of
743 556 124 34 Carter
877 565 30 23 v.
921 553 108 41 Bush,
1044 554 66 34 283
1125 553 85 35 Ark.
1229 554 52 40 16,
1296 553 66 34 669
1377 552 142 35 S.W.2d

310 607 79 40 902,
401 605 217 36 substituted
626 607 152 42 opinion,
791 605 67 34 677
871 603 143 36 S.W.2d
1026 604 67 34 837
1107 602 137 45 (1984),
1256 608 106 30 states
1373 602 77 35 that
1460 602 59 35 the

310 656 127 45 quoted
447 661 129 30 statute
585 655 81 35 does
676 660 59 30 not
744 654 139 46 provide
892 654 184 44 immunity
1086 654 53 35 for
1148 653 132 36 officers
1290 652 69 36 and
1368 653 150 44 employ-

311 718 55 23 ees
380 706 39 35 of
430 707 59 34 the
503 711 99 30 state.
617 706 75 34 The
707 706 124 35 Carter
844 716 80 24 case
937 705 81 34 does
1033 704 139 44 provide
1186 704 76 35 that
1276 704 59 34 the
1348 708 130 30 statute
1491 703 27 35 is

310 762 59 29 not
390 767 20 23 a
433 761 101 38 grant
555 756 40 34 of
612 756 194 43 immunity.
832 756 64 33 We
917 755 173 44 expressly
1111 754 154 35 overrule
1287 754 76 34 that
1384 759 77 38 part
1482 753 41 35 of

313 807 132 33 Carter.

311 270 65 33 398

493 881 74 34 The
579 882 112 41 ruling
703 880 39 35 of
751 881 59 34 the
821 880 79 35 trial
912 885 98 29 court
1022 885 92 29 must
1126 880 73 34 also
1210 879 44 35 be
1265 879 157 34 affirmed
1434 879 53 34 for
1498 889 20 24 a

310 931 125 35 second
450 941 132 24 reason.
599 930 114 35 While
727 930 67 35 this
810 930 114 35 action
939 930 28 34 is
982 929 188 43 nominally
1184 929 81 34 filed
1280 928 136 44 against
1429 933 90 30 state

310 981 205 43 employees,
528 981 26 33 it
565 980 27 34 is
605 981 34 34 in
650 980 122 44 reality
784 991 44 23 an
840 979 114 35 action
967 979 135 44 against
1114 979 59 35 the
1184 979 99 34 State
1294 978 39 35 of
1341 978 177 35 Arkansas

310 1031 34 33 in
359 1030 163 35 violation
538 1029 39 35 of
589 1030 59 35 the
663 1030 175 43 sovereign
854 1029 184 43 immunity
1053 1030 126 34 clause.
1196 1028 74 35 The
1285 1027 166 36 standard
1466 1028 53 34 for

309 1080 231 42 determining
554 1080 153 34 whether
721 1079 57 35 the
792 1079 100 34 State
906 1079 27 34 is
949 1079 58 34 the
1020 1079 72 34 real
1106 1083 101 39 party
1220 1078 35 34 in
1270 1079 141 33 interest
1426 1078 27 34 is
1467 1083 52 29 set

310 1134 60 29 out
382 1129 34 33 in
428 1131 94 41 Page
533 1140 30 22 v.
576 1128 199 42 McKinley,
792 1129 64 33 196
869 1129 84 33 Ark.
969 1129 158 38 331, 118
1142 1127 143 34 S.W.2d
1298 1128 66 33 235
1380 1126 136 43 (1938):

524 1203 232 44 Accordingly
766 1204 26 34 it
802 1204 27 34 is
840 1203 74 34 well
925 1203 134 40 settled,
1070 1214 37 24 as
1118 1214 20 23 a
1148 1203 139 43 general
1297 1203 221 43 proposition,

433 1254 86 40 that,
536 1253 113 35 where
664 1264 20 24 a
701 1253 67 35 suit
784 1253 27 34 is
828 1253 148 43 brought
991 1252 136 44 against
1142 1263 45 24 an
1202 1252 116 35 officer
1333 1263 38 23 or
1387 1262 132 33 agency

433 1304 82 34 with
525 1303 144 35 relation
679 1308 35 29 to
723 1313 95 25 some
827 1308 126 29 matter
963 1303 34 34 in
1006 1302 112 35 which
1128 1302 189 35 defendant
1326 1307 192 38 represents

433 1354 59 34 the
505 1358 90 30 state
608 1354 35 34 in
657 1353 115 35 action
786 1352 68 36 and
869 1352 156 44 liability,
1040 1353 69 34 and
1123 1352 59 35 the
1195 1357 100 36 state,
1310 1351 101 35 while
1424 1357 60 30 not
1498 1363 20 23 a

433 1408 100 40 party
545 1408 35 30 to
592 1404 58 35 the
661 1403 130 42 record,
804 1403 27 35 is
845 1403 58 34 the
914 1403 71 35 real
997 1407 101 40 party
1109 1402 136 44 against
1257 1402 111 35 which
1380 1401 102 36 relief
1490 1402 27 35 is

432 1454 125 43 sought
567 1464 37 25 so
613 1454 76 35 that
699 1464 20 24 a
725 1453 184 44 judgment
919 1453 53 35 for
981 1453 161 44 plaintiff,
1153 1453 167 43 although
1330 1452 188 44 nominally

433 1504 136 43 against
589 1505 59 34 the
666 1504 126 35 named
812 1503 190 35 defendant
1021 1514 38 23 as
1079 1515 44 23 an
1144 1502 188 36 individual
1352 1513 38 24 or
1410 1503 108 43 entity

433 1554 140 34 distinct
585 1554 90 34 from
686 1553 59 35 the
756 1559 99 35 state,
867 1553 67 34 will
946 1558 141 39 operate
1097 1559 36 29 to
1144 1553 132 34 control
1287 1553 59 34 the
1357 1553 115 35 action
1483 1552 39 35 of

433 1604 59 34 the
507 1608 89 30 state
611 1614 38 24 or
665 1603 133 43 subject
814 1603 26 34 it
856 1608 35 29 to
907 1603 157 43 liability,
1081 1603 59 34 the
1156 1602 68 35 suit
1240 1603 27 34 is
1284 1603 34 34 in
1335 1602 103 35 effect
1453 1613 65 24 one

434 1653 135 43 against
589 1653 58 35 the
667 1657 90 30 state
777 1652 68 35 and
865 1658 127 29 cannot
1013 1652 43 35 be
1076 1652 213 35 maintained
1310 1652 144 35 without
1475 1652 42 34 its

434 1707 150 30 consent.

493 1779 39 33 In
543 1778 67 34 this
621 1789 79 23 case
711 1778 59 34 the
780 1778 71 34 real
862 1783 101 38 party
974 1778 137 42 against
1121 1777 114 34 whom
1245 1777 101 34 relief
1353 1777 28 34 is
1393 1777 125 43 sought

310 1828 27 33 is
352 1827 59 34 the
425 1828 100 33 State
539 1827 102 40 since,
657 1826 108 35 under
780 1827 59 34 the
854 1827 187 43 provisions
1056 1827 40 34 of
1107 1827 85 34 Ark.
1208 1826 88 35 Stat.
1313 1827 91 33 Ann.
1461 1827 55 33 12-

311 1877 86 33 3401
414 1876 115 43 (Repl.
546 1876 116 42 1979),
673 1887 20 23 a
709 1877 86 34 1979
807 1881 140 36 statute,
959 1876 59 34 the
1028 1876 100 34 State
1137 1876 113 34 would
1260 1876 43 34 be
1313 1875 159 44 required
1481 1881 36 29 to

309 1936 66 33 pay
405 1936 68 33 any
499 1925 183 44 judgment
712 1925 163 35 obtained
906 1926 136 43 against
1072 1925 181 45 appellees.
1284 1925 74 35 The
1388 1930 129 30 statute

309 1975 166 44 provides:

522 2052 75 35 The
621 2052 100 34 State
746 2052 39 35 of
806 2052 179 34 Arkansas
1010 2052 88 34 shall
1125 2062 67 34 pay
1217 2052 127 40 actual,
1371 2051 62 35 but
1457 2056 60 30 not

431 2101 163 45 punitive,
607 2101 165 43 damages
785 2101 174 44 adjudged
972 2102 45 43 by
1030 2112 20 23 a
1062 2107 90 29 state
1164 2112 37 24 or
1214 2101 131 35 federal
1357 2106 109 36 court,
1478 2112 39 23 or

432 2151 140 35 entered
597 2152 45 43 by
666 2151 84 35 such
775 2163 21 23 a
821 2156 98 30 court
945 2163 37 23 as
1007 2162 21 24 a
1053 2151 106 35 result
1184 2151 39 34 of
1244 2163 20 23 a
1289 2151 228 44 compromise

432 2201 197 35 settlement
647 2201 172 44 approved
837 2200 69 35 and
924 2201 266 35 recommended
1208 2201 45 43 by
1271 2201 59 34 the
1347 2201 170 43 Attorney

432 2251 161 41 General,
619 2251 135 43 against
778 2251 132 34 officers
935 2262 38 23 or
997 2251 194 43 employees
1216 2251 39 34 of
1276 2250 59 35 the
1358 2250 99 35 State
1480 2250 40 34 of

431 2301 189 40 Arkansas,
647 2311 38 24 or
712 2301 136 42 against
873 2300 59 35 the
958 2305 111 29 estate
1094 2300 39 35 of
1157 2300 84 34 such
1267 2311 45 24 an
1338 2299 115 36 officer
1479 2310 38 24 or

432 2350 188 44 employee,
640 2349 106 36 based
765 2361 43 24 on
828 2361 45 23 an
892 2356 56 29 act
967 2361 37 24 or
1023 2350 163 35 omission
1205 2350 46 43 by
1269 2350 59 34 the
1346 2349 115 35 officer
1479 2360 38 24 or

432 2400 177 43 employee
626 2400 101 34 while
744 2400 116 42 acting
878 2400 144 34 without
1040 2400 125 35 malice
1183 2400 68 34 and
1269 2400 35 34 in
1322 2399 88 43 good
1428 2399 88 35 faith
