1656 2696
127 421 174 36 evidence.
327 423 65 35 We
416 423 87 35 have
526 426 120 41 expert
669 423 186 44 testimony
879 423 77 35 that
980 428 128 30 cannot
1131 424 44 34 be
1198 423 144 45 entirely

127 472 215 35 discounted.
361 474 30 34 It
407 473 27 35 is
450 478 60 30 not
525 473 258 35 inconceivable
797 473 77 35 that
889 473 60 35 the
964 473 159 35 accident
1138 473 101 35 could
1256 474 87 34 have

128 523 183 44 happened
327 534 38 23 as
382 523 103 44 Early
501 523 182 44 explained
700 523 36 35 it.
755 523 34 35 If
802 534 51 24 we
868 534 61 33 say
946 524 27 34 it
988 522 102 36 could
1106 529 71 36 not,
1193 524 82 34 then
1291 535 51 23 we

128 572 114 35 would
253 573 43 34 be
307 573 140 43 holding
457 573 172 35 ourselves
640 578 61 30 out
712 584 37 24 as
760 579 135 38 experts
906 573 35 35 in
952 573 138 44 physics
1101 573 68 35 and
1180 573 161 35 mechan-

128 623 49 34 ics
189 622 69 36 and
269 623 224 43 substituting
504 634 63 24 our
578 623 140 44 opinion
728 623 99 35 when
838 634 51 24 we
900 623 88 35 have
998 634 44 24 no
1053 623 92 35 basis
1156 634 39 24 or
1205 624 92 43 right
1307 629 36 29 to

128 673 45 34 do
190 684 48 23 so.
259 673 30 34 It
307 673 112 34 would
437 673 43 34 be
497 678 58 30 too
572 673 105 35 much
695 678 35 30 to
748 684 61 33 say
825 674 77 34 that
919 674 134 43 Early’s
1070 673 186 45 testimony
1272 684 70 25 was

128 722 124 44 totally
262 722 197 35 incredible.
471 723 83 34 This
566 723 28 34 is
604 728 60 29 not
675 734 20 23 a
706 734 79 24 case
795 723 114 35 where
918 724 60 34 the
988 723 163 35 evidence
1161 724 27 34 is
1199 724 144 44 entirely

129 771 210 45 undisputed
349 783 37 24 as
395 772 26 35 it
430 783 70 24 was
509 772 35 35 in
555 773 109 34 Grain
672 772 147 35 Dealers
827 774 93 33 Mut.
931 774 69 33 Ins.
1013 774 60 34 Co.
1083 784 31 23 v.
1124 770 218 46 Porterfield,

129 822 68 34 287
211 822 86 34 Ark.
312 823 55 39 27,
381 822 66 34 695
462 822 144 34 S.W.2d
620 823 66 33 833
703 822 136 43 (1985).
855 823 31 34 It
899 823 27 34 is
939 823 137 43 enough
1089 828 36 29 to
1137 833 61 34 say
1210 823 76 35 that
1299 834 44 24 on

129 871 124 44 appeal
267 871 98 35 there
376 871 28 35 is
417 871 207 35 substantial
637 872 163 34 evidence
812 871 68 36 and
892 872 77 35 that
982 872 60 35 the
1050 872 81 44 jury
1143 872 101 35 could
1257 873 87 34 have

129 921 149 34 reached
298 921 43 35 its
360 921 130 35 verdict
509 921 99 35 other
628 922 85 34 than
732 932 44 24 on
795 932 85 34 pure
898 922 226 44 speculation.
1145 923 77 34 Otis
1241 922 102 35 could

129 970 88 35 have
230 970 108 45 easily
351 971 186 35 countered
552 971 85 35 such
650 971 140 44 opinion
803 972 186 44 testimony
1003 972 69 35 and
1085 972 258 35 demonstrated

128 1020 130 44 clearly
269 1026 36 29 to
315 1021 59 34 the
381 1021 80 44 jury
472 1021 69 35 and
552 1026 36 30 to
598 1032 41 24 us
650 1032 45 24 on
706 1022 134 44 appeal,
852 1022 145 35 without
1008 1022 169 44 question,
1188 1022 77 35 that
1275 1023 68 34 this

129 1070 160 35 accident
298 1071 124 44 simply
431 1071 102 35 could
543 1076 60 30 not
612 1071 88 35 have
709 1071 181 45 happened
899 1082 38 25 as
947 1072 105 44 Early
1061 1072 75 35 said
1145 1073 27 34 it
1181 1072 69 35 did.
1260 1072 83 35 This

129 1131 81 24 case
228 1132 71 23 was
319 1120 88 36 tried
426 1126 36 30 to
481 1132 21 24 a
518 1121 92 44 jury,
631 1121 145 35 decided
795 1132 44 24 on
858 1122 60 35 the
937 1122 92 35 basis
1049 1122 40 35 of
1104 1123 60 34 the
1183 1122 161 36 evidence

129 1170 194 44 presented,
333 1171 68 35 and
410 1182 51 24 we
469 1177 128 29 cannot
606 1182 61 34 say
676 1172 59 35 the
743 1172 162 35 evidence
912 1183 71 24 was
992 1178 61 29 not
1061 1173 206 35 substantial
1276 1184 38 24 as
1323 1181 20 27 a

129 1226 129 30 matter
278 1221 39 35 of
334 1221 75 41 law;
431 1221 26 35 it
476 1233 81 24 was.

1274 282 66 34 349

220 1332 181 36 Affirmed.

221 1445 160 41 Purtle,
402 1445 42 41 J.,
465 1450 60 30 not
545 1445 257 44 participating.

313 1741 123 35 Dickie
456 1741 228 36 COKELEY
705 1753 28 24 v.
755 1742 152 35 STATE
926 1742 40 35 of
982 1743 180 35 Arkansas

129 1826 67 35 CR
217 1827 130 34 85-147

1023 1830 67 34 705
1112 1829 143 35 S.W.2d
1275 1831 67 34 425

458 1914 171 45 Supreme
650 1915 111 35 Court
780 1915 39 35 of
835 1916 180 35 Arkansas

395 1965 152 43 Opinion
567 1965 173 35 delivered
761 1966 127 34 March
913 1968 52 39 17,
990 1967 88 34 1986

411 2013 193 39 [Rehearing
622 2014 114 32 denied
754 2015 91 39 April
864 2016 51 35 21,
938 2014 125 40 1986.*]

196 2433 13 15 *
227 2434 92 30 Purtle,
334 2435 31 29 J.,
381 2438 43 22 not
438 2435 187 32 participating.
