1676 2692
304 282 66 33 336

393 422 50 33 As
466 420 113 35 stated
603 420 118 41 above,
745 431 51 23 we
819 419 80 35 hold
923 420 26 34 it
971 430 70 23 was
1064 419 119 34 within
1206 419 60 34 the
1288 418 224 35 chancellor’s

301 471 184 35 discretion
502 476 36 29 to
554 470 158 35 evaluate
728 469 58 35 the
803 474 108 30 assets
927 469 40 35 of
979 469 59 34 the
1054 468 127 45 parties
1198 479 38 24 as
1252 467 39 35 of
1305 468 59 35 the
1379 467 81 35 date
1475 467 39 35 of

302 521 147 40 divorce,
466 520 79 35 thus
561 531 51 23 we
627 530 59 25 are
702 524 59 30 not
776 519 192 35 concerned
984 519 82 34 with
1082 518 59 34 the
1156 518 118 43 period
1290 518 40 34 of
1343 517 168 35 enhance-

302 576 95 29 ment
410 570 40 35 of
460 570 58 35 the
531 570 152 43 military
696 570 141 43 pension
852 569 153 34 between
1019 568 59 35 the
1091 568 81 34 date
1185 568 39 34 of
1233 567 196 44 separation
1444 566 67 35 and

302 620 59 35 the
380 620 81 35 date
481 620 39 35 of
537 619 146 35 divorce.

393 697 74 35 The
480 702 182 38 argument
675 707 37 24 as
726 701 35 30 to
774 696 59 35 the
845 706 74 34 pre-
934 695 68 35 and
1014 695 233 44 post-marital
1261 694 252 35 enhancement

302 747 27 34 is
341 747 175 43 beguiling
528 747 62 34 but
601 752 59 29 not
672 746 119 35 sound.
804 746 74 34 The
890 746 176 44 appellant
1076 745 84 34 cites
1172 756 44 23 no
1227 744 176 44 authority
1414 745 98 34 other

302 797 84 33 than
404 807 62 23 our
483 796 151 34 decision
652 796 33 33 in
703 795 181 34 Marshall
899 806 30 23 v.
948 794 190 40 Marshall,
1157 795 66 33 285
1242 794 85 34 Ark.
1346 794 79 39 426,
1444 795 66 33 688

302 845 142 34 S.W.2d
458 846 68 32 279
541 844 137 42 (1985),
692 844 54 34 for
758 844 51 34 his
823 844 210 43 proposition
1046 844 76 33 that
1135 843 59 34 the
1206 843 196 34 chancellor
1414 842 97 34 erred

302 894 34 33 in
352 894 67 33 this
435 898 143 38 respect.
596 894 55 33 He
666 897 120 39 quotes
802 893 59 34 the
876 892 125 34 second
1017 892 172 34 headnote
1203 892 91 33 from
1309 902 62 24 our
1386 891 125 34 official

303 948 152 38 reporter
473 953 37 24 as
528 942 142 34 follows:
690 942 168 34 “Pension
876 941 144 35 benefits
1039 941 106 35 based
1162 951 44 24 on
1224 940 232 35 contribution
1474 951 38 23 or

302 993 144 34 services
465 997 59 29 not
542 991 103 35 made
663 991 124 44 during
805 991 59 35 the
882 991 173 42 marriage
1072 990 186 35 constitute
1277 990 58 35 the
1353 995 159 39 separate

303 1047 160 39 property
473 1042 39 34 of
518 1042 59 34 the
587 1041 198 44 recipient.”
796 1041 74 34 The
879 1041 139 44 opinion
1028 1040 34 35 in
1073 1041 76 34 that
1158 1050 90 31 case,
1260 1040 166 40 however,
1437 1039 74 35 said

303 1092 68 35 and
382 1092 79 35 held
472 1092 79 44 only
561 1092 77 34 that
648 1092 59 34 the
717 1101 123 34 spouse
849 1090 39 35 of
896 1102 44 24 an
951 1090 178 45 employee
1139 1089 143 36 entitled
1293 1095 35 30 to
1339 1101 20 24 a
1370 1090 141 44 pension

302 1142 112 35 would
424 1142 43 34 be
475 1141 142 36 entitled
627 1147 35 29 to
671 1153 20 23 a
701 1141 279 45 “proportionate
989 1141 135 35 share.”
1135 1141 66 34 285
1212 1140 84 35 Ark.
1307 1146 36 29 at
1352 1141 157 40 429, 688

302 1192 143 34 S.W.2d
462 1197 36 28 at
515 1193 78 33 281.
610 1192 74 34 The
700 1202 79 24 case
795 1202 69 23 was
881 1190 188 37 remanded
1086 1190 53 35 for
1156 1201 20 23 a
1192 1190 267 35 determination
1475 1189 40 35 of

302 1241 93 35 what
415 1241 76 34 that
511 1241 101 34 share
631 1240 112 35 would
764 1240 52 35 be.

485 1318 102 34 After
597 1317 181 43 reviewing
788 1328 105 32 many
902 1328 96 23 cases
1008 1316 171 43 involving
1188 1316 221 35 distribution
1419 1326 92 34 upon

302 1367 136 35 divorce
447 1367 39 34 of
492 1379 20 23 a
521 1367 213 44 prospective
742 1367 151 43 military
902 1378 38 23 or
949 1367 98 34 other
1056 1366 152 44 pension,
1217 1377 52 24 we
1277 1365 167 36 conclude
1453 1366 59 34 the

301 1417 195 35 chancellor
515 1417 35 34 in
569 1416 67 35 this
655 1427 80 24 case
752 1427 70 24 was
841 1422 142 29 correct.
1003 1416 75 35 The
1096 1416 79 43 only
1194 1421 142 38 support
1354 1426 52 24 we
1424 1415 87 35 have

302 1466 107 35 found
425 1466 53 34 for
493 1467 59 34 the
567 1466 203 43 appellant’s
786 1466 147 44 position
949 1466 27 34 is
992 1477 20 23 a
1027 1465 189 44 dissenting
1231 1465 139 44 opinion
1385 1465 34 34 in
1439 1466 72 33 Van

301 1517 136 33 Loan
453 1517 187 39 v. Van Loan,
656 1516 64 34 162
730 1516 94 34 Ariz.
837 1515 332 41 272, 569 P.2d 214
1182 1514 137 43 (1977),
1330 1515 114 34 where
1453 1515 59 34 the

301 1565 189 42 dissenting
499 1565 127 43 justice
638 1565 192 34 contended
843 1565 59 34 the
914 1565 80 34 wife
1006 1564 39 34 of
1054 1576 21 23 a
1088 1564 152 43 military
1253 1575 122 33 person
1388 1564 122 35 should

302 1620 59 28 not
374 1620 57 38 get
443 1614 59 35 the
514 1614 128 35 benefit
654 1614 38 35 of
702 1614 59 35 the
772 1614 252 35 enhancement
1036 1614 40 35 of
1085 1614 61 34 her
1158 1613 188 35 husband’s
1360 1613 151 44 military

302 1675 67 33 pay
392 1664 110 35 which
525 1664 164 35 occurred
713 1663 90 36 after
825 1664 58 35 the
905 1664 147 35 divorce.
1077 1664 67 34 569
1167 1663 85 35 P.2d
1275 1668 36 30 at
1335 1665 77 33 217.
1437 1664 75 34 The

302 1714 161 43 majority
475 1714 34 34 in
521 1714 76 34 that
607 1724 80 24 case
698 1713 137 35 refused
847 1718 35 30 to
893 1713 157 35 consider
1061 1713 59 35 the
1131 1717 183 39 argument
1326 1713 147 34 because
1484 1713 26 34 it

303 1763 68 35 had
388 1768 59 30 not
463 1763 86 35 been
565 1763 112 35 raised
693 1763 34 34 in
744 1762 58 36 the
818 1763 79 34 trial
913 1768 109 29 court.
1039 1763 66 34 We
1120 1762 112 44 might
1247 1762 76 35 well
1338 1763 80 34 take
1433 1763 77 34 that

301 1813 174 43 approach
490 1814 91 39 here,
598 1813 147 34 because
759 1813 59 34 the
832 1812 120 35 record
967 1812 81 35 does
1063 1817 60 30 not
1137 1812 94 35 show
1245 1823 68 32 any
1327 1817 182 38 argument

301 1862 172 35 whatever
493 1874 69 23 was
583 1862 181 44 presented
784 1868 36 29 to
841 1862 59 35 the
920 1862 79 35 trial
1020 1867 99 30 court
1138 1862 83 35 with
1242 1867 132 38 respect
1394 1867 36 29 to
1450 1862 60 35 the

301 1912 251 35 enhancement
579 1912 38 34 of
641 1913 59 34 the
726 1912 205 45 appellant’s
958 1913 141 43 pension
1126 1912 119 35 before
1270 1922 38 24 or
1335 1912 89 34 after
1450 1912 60 35 the

300 1962 182 43 marriage.

392 2039 65 33 We
473 2049 59 24 are
548 2038 127 43 willing
692 2043 35 30 to
744 2049 43 32 go
803 2038 135 35 further
955 2038 34 34 in
1006 2038 188 44 approving
1210 2038 59 35 the
1285 2038 223 35 chancellor’s

299 2087 163 41 decision,
492 2089 166 40 however,
689 2088 146 35 because
864 2099 51 24 we
943 2088 113 35 would
1086 2088 113 34 affirm
1227 2088 26 34 it
1282 2099 83 24 even
1395 2087 30 35 if
1449 2088 60 35 the

301 2143 182 37 argument
503 2137 69 35 had
593 2138 86 34 been
699 2138 103 34 made
821 2138 120 34 below.

391 2214 73 34 The
491 2215 77 34 task
593 2213 40 35 of
656 2214 58 34 the
740 2219 98 30 court
864 2214 28 34 is
919 2220 36 29 to
980 2214 172 34 ascertain
1179 2214 58 35 the
1262 2214 100 35 value
1388 2213 40 35 of
1451 2214 58 35 the

300 2263 213 44 prospective
535 2263 151 44 military
709 2264 141 43 pension
874 2274 38 24 as
935 2274 44 24 an
1003 2269 91 29 asset
1116 2263 39 34 of
1175 2263 138 35 marital
1337 2269 170 38 property.

300 2312 140 35 Section
456 2313 153 34 34-1214
624 2313 151 44 requires
791 2313 76 34 that
882 2312 26 35 it
923 2313 43 34 be
980 2312 136 35 divided
1131 2312 82 35 with
1228 2312 77 44 fifty
1320 2318 139 39 percent
1474 2318 35 29 to

300 2363 85 34 each
397 2367 100 40 party
509 2363 114 34 unless
634 2363 98 34 other
744 2362 269 36 considerations
1026 2362 113 35 stated
1150 2362 35 35 in
1197 2362 59 35 the
1266 2367 129 30 statute
1407 2363 102 34 make

300 2412 98 35 other
418 2413 84 34 than
523 2412 101 44 equal
644 2412 144 35 division
808 2423 96 24 more
924 2413 184 43 equitable.
