1655 2701
1271 269 66 33 237

266 413 95 33 Jesse
382 412 76 42 Ray
479 411 249 35 WILLIAMS
749 421 28 24 v.
799 410 152 35 STATE
970 410 40 36 of
1027 410 178 34 Arkansas

1021 478 67 33 703
1110 476 143 35 S.W.2d
1273 477 68 34 459

459 546 170 43 Supreme
650 545 110 34 Court
780 544 39 35 of
836 545 178 34 Arkansas

372 595 150 44 Opinion
544 594 171 36 delivered
737 594 176 44 February
936 595 52 40 18,
1014 594 88 35 1986

227 1036 117 38 Cross,
370 1036 159 42 Kearney
557 1036 30 33 &
615 1035 190 39 McKissic,
830 1034 55 44 by:
911 1036 100 33 Jesse
1035 1035 36 33 L.
1098 1035 169 42 Kearney,
1293 1033 53 35 for

134 1085 188 44 appellant.

226 1157 60 34 No
306 1167 169 33 response.

227 1229 75 33 Per
318 1228 163 35 Curiam.

497 1228 201 44 Appellant,
714 1228 95 34 Jesse
823 1228 78 43 Ray
916 1227 185 41 Williams,
1116 1227 45 43 by
1175 1227 52 35 his
1242 1232 105 30 attor-

136 1289 77 33 ney,
235 1278 62 34 has
317 1277 80 35 filed
418 1277 52 35 for
491 1289 20 23 a
532 1278 74 34 rule
626 1288 44 24 on
690 1278 60 34 the
769 1277 103 35 clerk.

228 1349 65 35 His
308 1354 168 38 attorney,
491 1350 96 34 Jesse
601 1350 38 33 L.
656 1350 171 42 Kearney,
842 1349 127 35 admits
983 1349 77 34 that
1073 1348 59 35 the
1145 1348 120 35 record
1278 1359 70 24 was

136 1399 166 35 tendered
323 1399 69 34 late
411 1398 67 36 due
498 1405 36 29 to
554 1410 20 24 a
595 1399 149 34 mistake
763 1409 44 24 on
827 1399 52 34 his
900 1404 88 39 part.

323 1471 65 34 We
405 1471 71 34 find
494 1471 78 35 that
590 1470 86 35 such
696 1481 44 23 an
759 1480 104 32 error,
883 1469 206 44 admittedly
1107 1469 103 36 made
1228 1470 45 43 by
1291 1470 60 34 the

138 1527 159 37 attorney
318 1520 53 35 for
392 1532 19 23 a
431 1521 159 34 criminal
611 1520 201 40 defendant,
834 1521 27 34 is
882 1520 89 44 good
991 1531 104 24 cause
1115 1525 36 29 to
1171 1525 101 37 grant
1292 1520 59 34 the

138 1571 142 34 motion.
295 1570 67 34 See
374 1581 62 23 our
449 1571 64 34 Per
527 1570 147 34 Curiam
687 1570 138 43 opinion
839 1570 104 34 dated
958 1570 176 42 February
1148 1570 148 40 5,1979,
1311 1570 39 33 In

138 1621 63 32 Re:
225 1619 143 34 Belated
388 1620 153 42 Appeals
562 1619 34 34 in
618 1619 171 34 Criminal
810 1619 118 34 Cases.

228 1691 34 33 A
271 1700 88 33 copy
368 1689 39 34 of
414 1689 66 35 this
489 1689 140 44 opinion
640 1689 68 34 will
719 1689 42 34 be
770 1688 193 36 forwarded
974 1694 36 30 to
1019 1689 59 34 the
1088 1689 210 35 Committee
1307 1699 43 24 on

137 1739 232 35 Professional
389 1739 172 35 Conduct.

229 1811 160 40 Purtle,
410 1811 43 40 J.,
474 1816 60 29 not
554 1810 256 45 participating.

273 2003 145 35 Charles
439 2004 55 34 W.
515 2004 230 34 PHILYAW
766 2014 29 23 v.
816 2003 152 35 STATE
988 2002 39 35 of
1044 2003 178 35 Arkansas

140 2088 66 34 CR
228 2089 128 33 85-167

1033 2088 69 34 704
1122 2087 142 35 S.W.2d
1285 2088 66 34 608

469 2172 171 44 Supreme
660 2172 111 35 Court
791 2171 39 34 of
846 2172 179 34 Arkansas

382 2221 152 44 Opinion
554 2221 172 35 delivered
748 2221 176 44 February
944 2222 56 40 24,
1025 2222 87 34 1986
