1640 2696
113 437 174 41 months,”
300 437 99 34 when
411 436 59 35 the
481 436 133 44 patient
626 446 70 24 was
709 440 70 36 not,
792 435 34 34 in
839 434 83 41 fact,
935 439 180 39 pregnant.
1129 433 200 43 Testimony

113 493 37 29 at
158 487 61 34 the
228 487 143 43 hearing
381 486 119 35 before
509 486 59 34 the
577 485 109 35 board
696 484 157 35 revealed
862 484 77 34 that
950 485 87 33 Mrs.
1049 483 118 44 Kathy
1178 484 151 42 Hooper,

114 538 56 40 23,
179 536 124 35 visited
314 537 59 33 Dr.
385 536 200 43 Livingston
594 546 102 23 seven
705 535 101 34 times
816 534 155 34 between
980 533 206 44 September
1196 533 132 41 9,1983

114 587 69 34 and
195 587 156 42 January
363 586 146 40 7,1984.
524 586 87 33 Mrs.
626 586 141 42 Hooper
778 583 149 35 testified
938 584 77 34 that
1026 583 99 34 those
1135 583 95 34 visits
1241 593 90 23 were

115 636 53 35 for
190 636 166 34 obstetric
377 646 176 33 purposes,
577 635 94 34 since
693 635 60 33 Dr.
778 634 200 43 Livingston
1001 633 72 34 told
1095 633 61 34 her
1179 633 60 34 she
1260 643 70 23 was

115 691 171 39 pregnant
304 691 36 29 at
358 686 59 34 the
434 685 74 35 first
524 685 80 34 visit
621 695 45 24 on
684 684 205 44 September
907 684 32 40 9;
958 683 136 35 treated
1112 683 61 34 her
1191 693 37 24 as
1246 682 85 34 such

115 736 126 43 during
251 736 210 43 subsequent
469 735 107 40 visits;
587 734 69 35 and
665 734 60 34 did
735 739 59 29 not
803 734 59 34 tell
873 734 61 34 her
943 733 62 34 she
1013 744 70 23 was
1094 738 59 29 not
1162 737 169 39 pregnant

115 786 88 34 until
225 786 155 43 January
400 787 31 32 7.
454 786 61 33 Dr.
538 784 201 43 Livingston
760 783 123 35 denied
904 783 126 43 having
1052 794 77 23 ever
1150 782 71 35 told
1243 783 87 33 Mrs.

117 837 142 42 Hooper
269 836 61 33 she
340 846 70 23 was
420 835 177 42 definitely
607 839 171 39 pregnant
788 833 69 35 and
868 833 99 34 relies
977 844 45 23 on
1033 833 59 34 the
1102 832 73 35 fact
1185 832 76 34 that
1271 832 61 34 her

116 885 150 34 medical
285 885 136 34 records
440 884 44 35 do
502 889 60 29 not
580 884 113 34 reveal
712 884 77 34 that
806 883 139 44 specific
962 887 188 30 statement
1167 893 70 23 was
1256 893 77 23 ever

116 935 115 34 made.
245 935 134 42 During
391 935 59 34 the
461 944 122 24 course
593 933 40 35 of
642 934 59 34 the
712 944 101 23 seven
824 933 106 40 visits,
943 943 20 24 a
976 943 198 33 pregnancy
1185 937 66 29 test
1262 943 70 23 was

117 984 199 45 performed
327 995 44 24 on
382 985 87 33 Mrs.
483 985 141 42 Hooper
634 983 84 35 with
729 983 144 44 positive
883 983 134 40 results,
1030 982 61 34 she
1101 993 69 23 was
1181 981 152 35 checked

117 1034 54 35 for
184 1035 136 34 uterine
333 1034 248 43 enlargement,
595 1033 123 45 placed
732 1044 43 24 on
788 1032 173 41 vitamins,
976 1032 100 44 given
1090 1043 20 23 a
1123 1031 68 35 due
1204 1031 81 35 date
1298 1031 39 35 of

119 1085 88 44 May
223 1086 32 40 6,
277 1085 98 40 1984,
391 1084 69 35 and
476 1084 69 35 had
560 1084 99 34 three
673 1083 231 35 ultrasounds.
920 1083 75 34 The
1010 1082 220 35 ultrasounds
1245 1093 89 23 were

118 1134 199 45 performed
331 1135 44 43 by
389 1135 96 43 Lucy
499 1134 203 41 McDaniel,
717 1145 45 23 an
776 1133 178 44 employee
967 1133 39 34 of
1017 1133 61 34 Dr.
1094 1132 239 43 Livingston’s,

118 1185 78 35 who
205 1185 72 35 told
288 1186 87 33 Mrs.
387 1186 140 42 Hooper
536 1184 77 35 that
623 1184 60 34 the
692 1183 91 44 baby
792 1194 70 24 was
871 1194 38 24 so
918 1183 101 34 small
1028 1183 61 34 she
1098 1182 102 35 could
1209 1187 59 30 not
1277 1187 58 38 get

119 1246 20 24 a
151 1235 90 44 good
252 1235 133 44 picture
395 1234 40 35 of
443 1235 26 34 it
480 1234 68 35 and
559 1235 78 34 that
648 1234 59 35 the
718 1234 91 43 baby
820 1233 112 44 might
942 1233 44 35 be
997 1233 177 43 “hiding.”
1185 1234 49 33 At
1246 1233 87 34 Mrs.

120 1285 171 44 Hooper’s
301 1285 82 34 final
392 1285 89 40 visit,
493 1285 60 34 Dr.
565 1284 202 43 Livingston
776 1283 72 35 told
859 1284 88 34 Mrs.
959 1284 141 43 Hooper
1110 1283 76 34 that
1196 1283 60 34 she
1265 1293 70 24 was

119 1346 97 32 sorry
233 1335 107 34 about
356 1334 59 35 the
431 1339 145 29 amount
592 1334 40 34 of
645 1334 86 34 time
747 1334 76 34 that
839 1333 69 34 had
925 1344 90 32 gone
1030 1333 56 43 by,
1104 1333 63 34 but
1183 1333 76 34 that
1275 1333 61 33 she

120 1385 149 42 thought
294 1385 87 33 Mrs.
408 1385 140 42 Hooper
572 1383 211 35 understood
806 1383 77 34 that
907 1383 61 34 she
991 1393 70 24 was
1085 1382 168 44 probably
1276 1387 60 29 not

120 1439 181 39 pregnant.

1308 292 18 33 3

213 1520 61 34 Dr.
296 1520 200 43 Livingston
516 1519 132 34 offered
669 1519 59 35 the
747 1519 186 43 testimony
952 1518 40 35 of
1009 1519 61 33 Dr.
1092 1518 134 34 Orman
1246 1518 90 34 Sim-

120 1580 111 30 mons,
243 1580 44 24 an
298 1568 484 46 obstetrician/gynecologist
792 1568 191 44 practicing
994 1568 35 34 in
1039 1568 106 34 Little
1155 1568 108 34 Rock.
1275 1568 61 33 Dr.

121 1620 177 34 Simmons
316 1619 148 35 testified
482 1619 77 34 that
577 1620 61 33 Dr.
657 1619 229 43 Livingston’s
904 1618 138 34 records
1060 1629 89 23 were
1166 1617 173 44 adequate

121 1669 70 35 and
206 1669 163 35 reflected
384 1680 44 24 an
444 1669 222 44 appropriate
680 1668 166 35 standard
861 1668 39 35 of
911 1679 91 24 care.
1020 1669 56 33 He
1090 1668 72 34 also
1177 1667 160 41 testified,

122 1720 168 40 however,
311 1720 76 34 that
407 1719 43 35 he
469 1719 115 34 would
604 1719 88 34 have
711 1719 104 34 taken
835 1724 92 38 steps
948 1718 120 35 before
1087 1719 154 42 January
1262 1719 19 32 7
1303 1722 35 30 to

122 1770 193 34 determine
327 1769 230 43 conclusively
569 1769 154 34 whether
737 1769 87 33 Mrs.
839 1770 141 42 Hooper
992 1779 70 23 was
1075 1773 180 38 pregnant,
1269 1767 69 34 and

122 1820 77 34 that
209 1819 26 35 it
245 1819 112 35 would
367 1824 59 29 not
435 1819 44 34 be
487 1829 47 33 up
543 1824 36 29 to
588 1818 60 35 the
657 1818 166 35 standard
832 1818 39 34 of
878 1829 80 23 care
967 1818 35 34 in
1011 1818 60 34 the
1079 1817 215 44 community
1303 1822 36 29 to

122 1870 82 34 wait
218 1869 77 35 four
309 1869 137 35 months
459 1874 36 29 to
507 1869 61 34 tell
580 1868 60 35 the
652 1868 134 45 patient
798 1868 61 35 she
871 1879 70 24 was
954 1873 60 30 not
1027 1873 181 39 pregnant,
1222 1867 69 35 and
1303 1872 36 30 to

123 1925 60 30 not
200 1920 82 34 seek
298 1931 20 23 a
336 1919 126 36 second
479 1919 151 45 opinion.
650 1920 61 34 Dr.
730 1919 200 44 Livingston
948 1918 171 35 admitted
1136 1918 124 44 during
1278 1918 61 35 her

123 1970 197 45 testimony,
331 1970 39 35 “I
380 1970 67 35 feel
456 1970 78 35 that
543 1981 51 24 we
603 1969 59 35 did
672 1970 47 35 let
728 1970 60 35 the
796 1969 65 44 girl
870 1980 43 33 go
923 1975 58 29 too
990 1969 115 44 long”,
1115 1968 68 36 and
1193 1969 77 34 that
1279 1969 60 34 she

123 2021 124 34 should
262 2021 87 34 have
363 2026 75 29 sent
453 2021 60 34 her
528 2026 36 29 to
579 2020 145 35 another
738 2020 119 34 doctor
872 2020 77 34 who
963 2019 113 35 would
1091 2020 88 34 have
1192 2019 72 35 told
1279 2019 60 34 her

123 2071 178 42 definitely
321 2070 153 34 whether
494 2070 61 34 she
575 2081 70 23 was
666 2075 179 38 pregnant.

215 2156 75 33 The
303 2155 176 43 appellant
493 2165 124 32 argues
631 2165 44 23 on
689 2155 123 43 appeal
826 2155 77 33 that
916 2155 59 33 the
988 2154 80 34 trial
1082 2159 98 29 court
1193 2153 99 34 erred
1305 2154 35 33 in

124 2204 123 43 failing
256 2210 36 28 to
301 2204 71 34 find
381 2204 76 34 that
466 2204 60 34 the
534 2204 153 34 decision
696 2203 40 35 of
741 2204 59 34 the
809 2204 166 43 appellee,
985 2204 60 33 the
1053 2203 179 34 Arkansas
1241 2203 100 33 State

125 2253 157 34 Medical
299 2253 124 41 Board,
440 2264 70 23 was
527 2253 183 43 arbitrary,
727 2252 192 44 capricious
936 2252 69 34 and
1021 2251 259 35 characterized
1296 2252 45 42 by

125 2314 44 23 an
190 2303 109 34 abuse
318 2303 39 34 of
374 2302 196 35 discretion.

311 2389 113 34 When
433 2388 183 43 reviewing
626 2388 275 34 administrative
910 2388 115 34 action
1035 2392 36 29 to
1079 2387 192 34 determine
1280 2386 30 35 if
1316 2387 27 34 it

125 2439 28 34 is
163 2438 173 43 arbitrary
344 2449 38 23 or
390 2438 204 44 capricious,
603 2449 52 23 we
663 2438 192 34 determine
863 2437 154 34 whether
1025 2437 60 34 the
1093 2437 115 34 action
1217 2437 95 33 lacks
1322 2447 20 23 a
