1632 2696
233 413 192 35 bondsman
439 413 38 34 of
489 424 67 33 any
569 413 135 43 change
717 412 39 35 of
767 413 141 34 address
922 412 69 35 and
1004 412 169 44 carefully
1186 413 137 43 comply

232 463 83 35 with
333 463 45 35 all
396 463 138 44 specific
551 463 222 34 instructions
790 463 99 43 given
907 474 56 23 me
981 463 45 43 by
1042 463 60 34 the
1118 462 204 41 bondsman;

235 514 239 40 FURTHER,
485 514 15 33 I
510 513 213 35 understand
733 513 68 34 and
811 523 102 33 agree
922 513 77 34 that
1008 512 126 35 failure
1143 518 35 29 to
1187 513 136 43 comply

232 564 83 34 with
329 573 67 34 any
409 563 38 35 of
457 562 59 36 the
529 563 118 34 herein
660 562 184 35 contained
857 562 194 35 conditions
1064 562 87 35 shall
1165 562 43 35 be
1220 573 104 24 cause

234 613 53 34 for
303 624 56 32 my
373 613 202 34 immediate
589 612 183 35 surrender
786 612 146 34 without
947 623 68 32 any
1030 611 152 44 liability
1188 611 65 44 for
1266 611 58 35 the

233 670 120 27 return
372 663 46 43 of
430 674 67 32 any
514 665 188 41 premium.

1258 271 59 34 161

236 748 200 44 (Emphasis
457 747 141 43 added.)

203 835 38 33 In
255 834 166 40 addition,
435 834 59 34 the
507 833 194 35 bondsman
715 833 148 35 testified
876 834 77 34 that
966 834 59 34 the
1038 834 176 43 appellant
1227 834 97 34 knew

109 884 60 34 the
179 889 145 29 amount
335 883 38 35 of
381 884 58 34 the
450 884 172 43 premium
633 883 69 35 and
713 883 209 35 understood
934 883 91 34 from
1035 883 89 35 their
1135 883 189 35 discussion

109 934 78 34 that
207 933 30 35 if
254 934 175 43 appellant
447 933 150 35 violated
618 934 59 34 the
697 933 65 35 law
782 933 58 35 the
859 933 92 35 bond
971 933 114 35 would
1105 934 43 34 be
1167 933 156 35 revoked.

296 1020 65 33 We
376 1019 44 35 do
436 1024 59 29 not
510 1019 122 34 decide
647 1019 59 34 the
721 1019 193 43 remaining
930 1019 97 44 point
1042 1030 44 24 on
1102 1019 133 44 appeal.
1252 1019 75 34 The

110 1069 121 35 record
246 1069 134 34 reflects
394 1069 76 35 that
483 1080 44 24 no
540 1069 137 35 written
692 1069 172 44 pleading,
878 1069 99 35 other
990 1069 85 35 than
1088 1069 60 35 the
1161 1069 164 35 informa­

110 1119 73 34 tion
208 1119 167 43 charging
399 1119 59 34 the
482 1119 188 44 appellant,
696 1130 70 24 was
790 1119 91 35 filed.
906 1119 75 35 The
1005 1119 132 41 record,
1162 1119 111 35 which
1298 1119 28 35 is

110 1169 187 44 composed
320 1168 38 35 of
377 1169 59 35 the
458 1169 159 35 criminal
639 1179 81 25 case
741 1169 57 35 file
820 1169 69 35 and
911 1169 60 35 the
992 1169 187 44 transcript
1200 1169 39 35 of
1258 1169 68 35 this

111 1219 156 43 hearing,
283 1219 81 35 does
380 1225 59 29 not
453 1219 140 35 contain
609 1228 68 35 any
692 1225 200 38 agreement
907 1220 155 34 between
1078 1220 59 34 the
1151 1225 175 38 attorneys

111 1269 69 34 and
198 1270 60 34 the
276 1270 79 34 trial
373 1275 98 29 court
489 1270 107 34 about
615 1270 60 34 the
692 1270 107 34 issues
817 1275 36 29 to
870 1269 43 35 be
931 1270 100 34 tried.
1049 1270 75 34 The
1142 1270 184 44 transcript

111 1319 158 34 contains
279 1319 59 34 the
347 1319 174 44 following
531 1319 150 44 caption:
693 1320 179 43 “Hearing
882 1330 43 24 on
936 1320 139 34 Motion
1085 1319 53 35 for
1148 1321 133 34 Return
1291 1319 39 35 of

112 1369 98 34 Bond
224 1369 175 35 Premium
412 1369 119 35 before
544 1370 202 34 Honorable
758 1370 89 34 John
861 1370 52 34 M.
927 1370 144 40 Graves,
1085 1369 123 44 Judge,
1221 1370 105 34 Octo­

112 1419 60 34 ber
193 1420 32 40 4,
252 1420 99 39 1984;
373 1419 120 44 Bobby
513 1420 63 34 Joe
596 1420 164 40 Johnson,
782 1419 161 44 plaintiff,
964 1419 70 35 and
1054 1420 132 34 Robert
1207 1420 119 41 Hicks,

112 1469 243 43 respondent.”
369 1470 49 33 At
432 1469 59 34 the
504 1469 155 43 hearing,
675 1470 176 43 appellant
864 1469 150 35 testified
1027 1470 77 34 that
1118 1470 44 34 he
1175 1469 80 44 paid
1269 1470 59 34 the

113 1519 188 40 $6,800.00
317 1519 171 43 premium
504 1519 34 34 in
554 1519 95 41 cash,
666 1519 63 35 but
744 1519 76 34 that
835 1519 156 44 appellee
1006 1519 149 34 claimed
1171 1520 58 34 the
1244 1519 83 35 cash

112 1568 190 35 amounted
320 1569 79 43 only
416 1574 35 29 to
470 1570 198 39 $5,800.00,
686 1569 113 34 which
816 1569 118 34 forced
952 1569 177 44 appellant
1146 1574 36 29 to
1199 1580 67 33 pay
1283 1580 45 23 an

112 1624 98 29 extra
231 1618 196 41 $1,000.00.
448 1619 75 34 The
543 1619 145 43 ensuing
708 1619 158 44 colloquy
886 1618 210 35 established
1116 1619 76 34 that
1212 1619 115 44 appel­

113 1668 102 35 lant’s
230 1673 159 40 attorney
402 1669 80 44 only
496 1669 141 34 learned
651 1668 40 35 of
701 1669 60 34 the
775 1669 186 41 $1,000.00
975 1669 105 34 claim
1093 1669 46 44 by
1153 1669 175 44 appellant

112 1729 44 24 on
181 1719 60 34 the
265 1718 68 45 day
357 1718 118 36 before
499 1719 59 35 the
582 1718 155 44 hearing.
764 1720 55 33 He
842 1719 59 34 did
925 1724 60 30 not
1009 1718 112 45 notify
1145 1719 182 44 appellee’s

113 1774 170 38 attorney.
294 1769 195 44 Appellee’s
499 1774 159 39 attorney
668 1768 148 36 claimed
826 1769 150 44 surprise
985 1769 69 35 and
1063 1780 86 33 gave
1158 1770 59 34 the
1226 1781 103 23 name

113 1818 40 35 of
167 1830 20 23 a
205 1819 137 34 witness
361 1819 43 34 he
420 1819 113 35 would
551 1819 88 35 have
656 1819 112 34 called
785 1819 30 34 if
829 1819 44 35 he
890 1819 69 35 had
977 1820 124 34 known
1118 1819 59 35 the
1194 1819 133 44 alleged

114 1869 187 40 $1,000.00
319 1869 208 43 overcharge
543 1880 70 23 was
630 1874 36 29 to
684 1869 43 34 be
744 1880 44 23 an
805 1869 100 34 issue.
925 1870 56 33 He
998 1870 82 33 then
1098 1869 122 35 moved
1237 1869 54 35 for
1308 1880 20 24 a

113 1918 241 34 continuance.
364 1918 74 34 The
447 1923 99 29 court
555 1918 178 34 sustained
742 1919 59 34 the
810 1919 173 42 objection
993 1919 129 42 stating
1131 1919 77 34 that
1217 1919 44 34 he
1269 1919 59 34 did

113 1973 60 28 not
201 1968 88 33 have
312 1967 218 43 jurisdiction
559 1978 79 24 over
666 1968 60 34 the
754 1969 185 40 $1,000.00
967 1968 115 34 claim.
1111 1968 217 44 Appellant’s

113 2022 160 39 attorney
293 2017 202 44 responded,
517 2017 116 44 “Very
653 2017 114 35 Well”
787 2017 69 35 and
877 2017 160 45 “Okay.”
1059 2018 39 34 In
1118 2018 68 35 this
1207 2018 120 41 Court,

113 2067 178 44 appellant
305 2068 96 34 seeks
415 2073 35 29 to
464 2079 134 23 reverse
611 2068 59 34 the
683 2068 80 35 trial
777 2073 98 30 court
888 2079 44 24 on
946 2068 59 35 the
1018 2068 158 44 complex
1189 2068 91 35 issue
1292 2068 40 35 of

113 2118 155 34 whether
285 2129 20 23 a
322 2118 157 34 criminal
497 2123 99 30 court
612 2118 63 35 has
688 2118 230 44 jurisdiction,
936 2124 36 29 to
988 2119 60 34 the
1064 2119 174 34 exclusion
1255 2118 39 35 of
1308 2130 20 23 a

113 2168 78 34 civil
217 2173 99 29 court
341 2168 82 34 with
449 2179 20 23 a
491 2168 92 44 jury,
610 2173 35 29 to
671 2168 192 35 determine
887 2169 154 34 whether
1067 2169 97 34 there
1189 2180 70 23 was
1284 2180 45 23 an

113 2218 211 42 overcharge
333 2218 34 33 in
378 2218 172 43 premium
560 2218 45 43 by
615 2229 20 23 a
646 2218 93 34 third
749 2223 101 39 party
859 2218 205 34 bondsman.
1076 2219 66 33 We
1151 2217 134 36 decline
1294 2224 36 28 to

113 2266 123 35 decide
254 2266 59 35 the
332 2267 100 34 issue.
453 2268 66 33 We
537 2267 68 34 will
625 2273 59 29 not
703 2267 122 35 decide
843 2278 44 24 an
907 2268 91 34 issue
1016 2267 31 35 if
1062 2268 98 34 there
1178 2279 89 23 were
1285 2278 44 24 no

113 2316 137 35 written
262 2316 178 44 pleadings
452 2316 120 35 before
582 2317 59 34 the
652 2317 80 34 trial
744 2322 109 35 court;
864 2317 135 34 neither
1010 2317 59 34 the
1079 2317 167 44 opposing
1257 2317 74 35 side

114 2377 62 24 nor
191 2367 60 34 the
265 2372 99 29 court
378 2378 70 23 was
463 2367 35 34 in
513 2378 69 32 any
596 2378 146 23 manner
757 2366 160 45 apprised
931 2367 40 34 of
983 2378 45 23 an
1043 2367 102 41 issue;
1161 2366 59 35 the
1235 2367 95 44 point

114 2427 70 24 was
206 2417 81 43 only
309 2417 231 44 superficially
562 2417 199 35 mentioned
783 2422 36 30 at
841 2417 59 35 the
922 2417 155 43 hearing;
1100 2417 69 35 and
1191 2417 139 35 counsel
