1648 2680
303 272 67 34 384

532 411 75 35 Our
620 410 152 45 practice
785 411 28 34 is
826 411 132 34 similar
972 411 34 34 in
1020 410 76 35 that
1109 410 60 35 the
1181 410 91 35 rules
1285 410 39 34 of
1334 410 68 34 this
1416 415 98 29 court

301 466 90 30 state
401 461 76 35 that
487 461 125 35 failure
622 466 35 30 to
667 472 68 33 pay
745 461 58 34 the
813 461 129 34 annual
952 461 127 34 license
1089 460 55 35 fee
1154 460 87 35 shall
1252 460 262 44 automatically

301 511 149 44 suspend
464 511 59 35 the
536 511 200 44 delinquent
750 511 126 44 lawyer
889 511 91 34 from
994 511 162 44 practice.
1171 511 104 34 Since
1287 511 143 43 Tuohey
1443 521 70 24 was

301 561 35 35 in
347 561 73 35 fact
430 561 194 44 suspended
635 561 91 34 from
737 561 152 44 practice
899 560 54 36 for
964 572 20 23 a
996 561 119 44 period
1125 561 35 34 in
1176 562 88 33 1984
1275 560 69 35 and
1359 562 99 40 1985,
1470 561 43 34 he

301 611 28 35 is
347 616 60 30 not
426 611 142 35 entitled
587 616 36 30 to
641 611 122 35 collect
781 611 54 35 for
853 611 52 34 his
924 611 145 34 services
1087 611 125 43 during
1231 611 76 34 that
1325 611 94 34 time.
1439 611 74 34 The

300 661 143 44 validity
452 661 40 34 of
498 661 59 34 the
566 661 94 34 work
669 660 197 45 performed
876 661 45 44 by
930 661 144 43 Tuohey
1083 661 54 34 for
1146 661 59 34 the
1214 666 121 35 estate,
1346 661 166 41 however,

301 711 27 34 is
346 716 59 29 not
422 710 149 35 affected
589 711 45 43 by
650 711 68 34 this
735 710 161 35 decision.
914 711 51 34 To
982 710 81 35 hold
1080 711 191 40 otherwise,
1288 710 113 35 would
1419 711 42 34 be
1477 716 36 29 to

300 760 125 44 punish
445 761 59 34 the
524 760 104 35 client
648 760 54 34 for
721 760 59 35 the
800 761 155 43 lawyer’s
975 760 183 43 oversight.

484 836 168 43 Appellee
663 835 79 35 fails
754 835 34 35 in
801 835 52 35 his
865 835 92 35 brief
965 841 36 29 to
1012 835 142 35 address
1166 835 59 35 the
1236 835 90 44 legal
1337 835 175 44 questions

300 885 113 35 raised
423 885 45 44 by
477 885 187 44 appellant,
675 885 62 34 but
747 885 134 35 instead
890 896 124 32 argues
1024 885 90 34 facts
1123 885 135 34 outside
1267 885 39 34 of
1312 885 60 34 the
1381 885 130 41 record,

301 934 175 43 including
488 945 20 24 a
520 934 176 35 cancelled
707 935 109 34 check
826 935 154 42 showing
991 940 165 38 payment
1167 935 39 34 of
1214 935 52 34 his
1278 935 72 34 fees
1362 935 34 34 in
1412 936 99 39 1984,

300 984 69 33 and
384 988 203 29 statements
601 983 77 34 that
693 984 52 33 his
759 984 175 43 employer
948 984 69 34 had
1032 984 127 42 agreed
1173 989 35 28 to
1223 994 68 33 pay
1304 984 53 34 his
1372 983 72 34 fees
1459 984 53 34 for

304 1033 99 34 1985.
416 1033 65 33 We
491 1032 45 34 do
546 1037 60 29 not
616 1032 157 35 consider
784 1038 144 29 matters
939 1033 135 34 outside
1085 1032 39 35 of
1132 1033 59 34 the
1201 1033 131 40 record,
1344 1033 167 40 however,

299 1092 52 24 we
368 1081 134 35 remind
521 1081 46 35 all
586 1087 174 38 attorneys
778 1082 77 34 that
873 1082 59 34 the
950 1082 253 44 responsibility
1221 1082 54 34 for
1293 1087 165 39 payment
1476 1082 39 34 of

300 1131 126 35 license
446 1131 72 35 fees
539 1136 86 30 rests
646 1131 106 44 solely
771 1142 44 24 on
836 1132 59 34 the
915 1132 137 43 lawyer,
1074 1131 68 35 and
1163 1137 59 29 not
1242 1143 44 23 on
1308 1132 203 44 employers,

299 1181 141 41 friends,
461 1192 38 24 or
519 1186 98 30 court
637 1182 190 43 personnel.

389 1257 51 34 As
455 1262 35 30 to
504 1257 59 35 the
578 1257 192 44 remaining
785 1257 214 44 allegations,
1014 1268 51 24 we
1079 1268 103 33 agree
1195 1258 83 34 with
1293 1258 59 34 the
1366 1258 145 44 probate

295 1307 108 44 judge
413 1307 76 35 that
499 1307 59 35 the
568 1307 120 35 record
698 1307 81 35 does
790 1313 59 29 not
859 1308 112 35 reveal
982 1308 170 35 sufficient
1161 1308 151 43 grounds
1322 1313 36 29 to
1368 1313 143 39 support

299 1357 205 44 appellant’s
519 1363 184 38 argument
717 1358 53 35 for
786 1358 150 34 removal
951 1358 39 34 of
1002 1358 155 44 appellee
1171 1369 38 24 as
1224 1358 60 35 the
1298 1363 162 30 executor
1474 1358 40 35 of

299 1407 59 35 the
371 1407 157 35 Widmer
541 1413 120 29 estate.
676 1408 243 43 Accordingly,
934 1419 50 23 we
997 1419 134 23 reverse
1143 1408 35 34 in
1192 1413 78 39 part
1283 1408 69 34 and
1366 1408 144 34 remand

299 1462 35 29 to
345 1457 59 34 the
414 1457 145 43 probate
564 1456 109 44 judge
684 1457 53 34 for
748 1468 20 24 a
779 1457 266 35 determination
1056 1457 39 35 of
1103 1469 45 23 an
1159 1458 222 43 appropriate
1391 1457 56 35 fee
1457 1457 53 35 for

298 1506 145 34 services
463 1506 167 34 rendered
651 1506 45 44 by
715 1507 142 43 Tuohey
877 1507 101 34 while
997 1507 44 34 he
1061 1507 80 34 held
1161 1518 20 23 a
1201 1507 92 34 valid
1313 1507 137 34 license.

389 1580 169 35 Affirmed
579 1580 34 35 in
634 1586 88 38 part;
743 1581 156 34 reversed
919 1581 35 34 in
974 1586 88 39 part.

388 1655 160 41 Purtle,
569 1656 43 40 J.,
633 1660 59 30 not
712 1655 254 44 participating.

337 1928 148 35 Johnnie
505 1929 38 34 E.
565 1929 193 34 NEELEY
778 1940 29 23 v.
829 1929 142 35 Juanita
992 1930 204 41 BARBER,
1217 1930 93 44 Pope
1330 1930 139 44 County

706 1979 134 34 Circuit
861 1979 116 41 Clerk,
999 1984 34 30 et
1053 1980 44 34 al.

298 2054 125 34 85-191

1188 2056 67 33 706
1276 2055 142 35 S.W.2d
1440 2056 65 34 358

624 2129 170 44 Supreme
814 2129 110 35 Court
944 2129 39 35 of
1000 2130 179 34 Arkansas

560 2178 152 44 Opinion
732 2179 172 34 delivered
925 2179 128 35 March
1074 2181 55 39 24,
1155 2181 87 33 1986
