1632 2696
108 412 37 29 at
160 407 75 34 first
250 406 148 35 testified
413 406 77 34 that
506 407 115 42 Bryan
637 416 70 24 was
723 405 212 44 performing
950 405 73 34 oral
1039 416 59 23 sex
1112 415 44 24 on
1172 404 59 34 the
1246 404 77 43 boy,

109 456 69 35 and
192 457 99 34 when
305 457 59 34 the
376 456 83 34 door
472 455 134 44 opened
620 456 67 33 “he
700 454 131 35 started
844 460 36 29 to
893 455 90 34 raise
996 465 46 33 up
1056 454 69 34 and
1140 482 6 6 .
1174 481 6 7 .
1209 482 6 6 .
1230 465 37 23 as
1281 454 44 34 he

109 512 59 37 got
184 507 52 34 his
252 506 89 34 head
357 506 105 34 about
477 506 68 34 this
561 505 54 34 far
631 505 91 34 from
736 505 93 34 what
844 505 43 34 he
902 515 70 24 was
987 504 116 43 doing,
1118 504 44 34 he
1176 504 82 34 took
1272 504 52 34 his

109 556 95 34 hand
213 556 69 34 and
291 555 110 44 wiped
411 556 52 34 his
472 555 122 34 mouth
604 565 115 24 across
729 555 68 33 like
805 554 102 35 this.”
918 554 114 34 When
1041 554 60 34 the
1109 554 137 34 witness
1255 564 70 23 was

109 606 84 34 then
205 605 105 35 asked
322 605 29 35 if
360 605 42 34 he
413 605 101 34 could
526 616 57 23 see
593 604 154 35 whether
759 604 143 43 Bryan’s
914 604 122 34 mouth
1046 614 70 24 was
1128 603 152 44 actually
1291 603 34 34 in

109 661 141 29 contact
268 655 83 35 with
370 655 59 35 the
447 655 122 34 child’s
589 654 108 44 penis,
717 654 43 34 he
778 654 101 34 could
899 654 80 43 only
998 664 61 33 say
1078 653 77 35 that
1173 653 59 35 the
1250 653 76 34 best

110 706 135 43 picture
256 706 43 33 he
310 705 68 34 had
390 705 33 34 in
434 705 52 34 his
497 704 97 35 mind
604 715 71 24 was
686 704 77 34 that
774 704 143 43 Bryan’s
928 703 122 35 mouth
1061 714 70 24 was
1143 703 106 34 about
1259 708 68 29 two

111 755 118 34 inches
250 755 109 34 above
378 755 26 34 it
424 754 68 35 and
513 765 70 24 was
604 754 35 34 in
659 754 60 34 the
738 754 131 34 motion
889 753 40 35 of
945 753 139 43 coming
1104 764 57 33 up.

1259 264 63 32 127

296 829 92 35 That
400 829 162 35 evidence
573 829 28 34 is
614 828 171 35 sufficient
796 833 36 30 to
844 833 143 39 support
998 828 60 34 the
1069 828 193 34 conviction
1273 827 54 35 for

112 890 84 34 rape
205 880 45 43 by
258 879 136 35 deviate
403 879 118 35 sexual
530 879 153 44 activity,
693 879 112 34 which
815 883 92 30 must
916 878 110 35 under
1034 878 60 35 the
1103 883 130 29 statute
1241 878 87 34 have

112 929 157 35 involved
284 941 20 23 a
319 930 227 44 penetration,
562 929 157 35 however
733 929 114 43 slight,
863 928 39 35 of
915 929 144 43 Bryan’s
1074 928 121 35 mouth
1210 928 45 44 by
1269 928 59 34 the

112 980 122 34 child’s
258 980 107 44 penis.
389 980 129 34 AMCI
546 980 100 40 1803,
669 979 113 34 which
805 990 70 24 was
898 979 110 43 given.
1033 978 114 35 When
1170 979 59 34 the
1248 978 80 44 jury

112 1030 203 34 considered
333 1030 59 34 the
409 1030 165 34 two-inch
592 1029 157 35 distance
766 1029 179 35 described
963 1029 46 44 by
1026 1029 60 34 the
1102 1029 149 40 witness,
1269 1029 59 34 the

112 1079 144 45 upward
271 1085 195 29 movement
480 1079 40 35 of
532 1079 144 44 Bryan’s
691 1079 100 41 head,
807 1079 68 35 and
890 1079 52 35 his
957 1079 115 35 action
1087 1079 35 34 in
1136 1079 126 44 wiping
1276 1079 52 34 his

113 1130 134 41 mouth,
266 1130 60 34 the
340 1130 80 44 jury
438 1129 102 35 could
559 1130 88 34 have
664 1129 88 35 been
770 1129 187 35 convinced
975 1129 78 35 that
1071 1129 59 34 the
1148 1139 181 33 necessary

113 1180 156 43 physical
281 1185 138 29 contact
430 1179 69 35 had
510 1179 177 35 occurred.
699 1179 113 34 There
822 1190 69 23 was
902 1179 209 34 substantial
1122 1178 161 35 evidence
1293 1183 36 30 to

113 1234 144 39 support
277 1230 77 33 that
374 1229 208 34 conclusion.

299 1303 119 41 Third,
428 1304 59 34 the
496 1303 116 35 father
621 1314 70 23 was
701 1302 185 44 permitted
896 1307 36 30 to
941 1302 119 44 testify
1069 1313 80 23 over
1158 1302 172 43 objection

114 1354 78 34 that
206 1353 92 44 right
312 1353 90 35 after
416 1353 59 35 the
488 1363 208 25 occurrence
710 1353 43 34 he
767 1352 202 45 questioned
984 1352 52 35 his
1051 1363 72 30 son,
1138 1352 76 35 who
1228 1352 103 34 made

115 1409 205 29 statements
330 1403 111 35 which
451 1403 59 35 the
518 1403 80 34 trial
608 1408 99 29 court
716 1402 170 35 admitted
896 1402 72 35 into
977 1402 163 35 evidence
1149 1413 38 24 as
1197 1402 133 34 excited

115 1459 208 29 utterances.
335 1453 163 35 Uniform
508 1453 173 34 Evidence
691 1453 90 34 Rule
791 1452 138 43 803(2).
941 1453 31 34 It
982 1452 27 35 is
1020 1463 76 24 now
1105 1452 142 43 argued,
1257 1463 38 24 as
1305 1452 26 34 it

115 1515 70 23 was
198 1504 120 40 below,
331 1503 76 35 that
418 1503 85 35 such
514 1508 198 30 utterances
725 1502 122 35 should
859 1508 59 30 not
930 1502 88 35 have
1029 1502 87 35 been
1128 1502 203 35 introduced

115 1554 146 34 without
280 1564 20 24 a
320 1553 222 44 preliminary
561 1553 155 43 showing
734 1553 77 35 that
829 1553 59 35 the
906 1552 225 45 six-year-old
1150 1552 93 35 child
1261 1564 70 23 was

115 1609 200 38 competent
336 1609 36 29 to
394 1603 129 44 testify.
546 1604 60 33 No
629 1603 85 34 such
736 1603 153 43 showing
912 1614 70 23 was
1005 1614 192 32 necessary,
1221 1614 37 23 as
1280 1613 52 23 we

116 1653 183 43 explained
309 1653 35 34 in
354 1653 216 43 Beal-Doyle
579 1655 74 40 Dry
663 1652 121 35 Goods
795 1653 60 34 Co.
866 1664 30 22 v.
910 1653 99 40 Carr,
1021 1653 42 33 85
1075 1653 86 33 Ark.
1173 1653 156 39 479, 108

115 1702 96 35 S.W.
230 1703 158 40 1053, 14
400 1703 92 34 Ann.
507 1702 81 35 Cas.
602 1703 44 33 48
662 1702 137 43 (1908).
813 1702 74 34 The
899 1712 123 24 reason
1035 1702 28 34 is
1075 1702 77 34 that
1164 1701 167 43 although

116 1753 60 34 the
190 1753 147 43 hearsay
351 1757 187 30 statement
552 1753 95 34 lacks
662 1752 60 35 the
736 1751 185 44 safeguard
936 1751 39 35 of
987 1752 127 43 having
1128 1752 87 34 been
1229 1751 104 35 made

116 1803 111 35 under
253 1803 94 42 oath,
374 1803 59 35 the
459 1803 210 44 probability
695 1802 40 35 of
758 1802 95 36 truth
880 1802 159 35 inherent
1065 1802 35 35 in
1127 1814 44 23 an
1198 1802 133 35 excited

116 1859 182 29 utterance
318 1854 149 43 supplies
488 1864 20 24 a
529 1853 143 35 reliable
692 1853 196 43 safeguard.

209 1928 66 33 We
288 1928 70 33 find
372 1938 43 23 no
428 1927 204 44 prejudicial
646 1938 94 23 error
753 1928 35 33 in
800 1928 99 33 other
912 1927 131 43 rulings
1056 1928 77 34 that
1146 1928 87 33 have
1245 1927 87 34 been

116 1976 151 43 brought
288 1981 35 29 to
343 1987 62 23 our
425 1977 181 33 attention.

208 2050 181 34 Affirmed.

209 2126 160 40 Purtle,
390 2126 42 40 J.,
454 2130 59 30 not
533 2125 257 44 participating.
