1632 2688
301 404 59 33 the
380 403 115 34 father
515 404 39 33 of
571 409 67 28 two
659 404 182 34 children.3

302 265 44 33 26

651 494 159 33 “Hoover
828 495 68 33 Put
919 495 52 42 Up
991 493 183 44 Nothing”

392 575 152 43 Spencer
556 575 135 34 Bovard
702 575 120 34 claims
833 575 44 35 he
887 575 69 35 and
968 576 182 43 Margaret
1160 576 101 44 Piper
1271 582 62 37 put
1343 587 46 33 up
1400 576 46 35 all
1457 577 59 34 the

301 635 125 32 money
442 624 53 34 for
511 625 59 34 the
586 625 180 43 purchase,
784 625 76 34 that
877 625 89 34 John
984 627 137 33 Hoover
1138 631 61 38 put
1215 637 46 33 up
1278 626 153 43 nothing.
1451 627 65 34 We

301 674 70 34 find
383 674 76 34 that
471 674 186 44 testimony
668 675 127 43 utterly
806 675 235 43 unsupported
1054 675 44 43 by
1109 675 59 34 the
1179 675 120 35 record
1310 676 69 34 and
1390 676 125 44 wholly

301 723 197 35 incredible.
511 724 58 34 All
581 724 39 34 of
627 724 59 34 the
697 724 283 35 documentation
992 725 68 34 and
1072 725 293 44 correspondence
1376 726 138 43 regard-

301 773 57 43 ing
368 774 59 33 the
436 774 170 43 purchase
615 774 149 34 involves
774 774 90 35 John
875 775 148 41 Hoover,
1034 775 97 34 there
1140 775 27 35 is
1177 786 44 24 no
1231 776 197 43 suggestion
1439 776 76 34 that

300 823 152 44 Spencer
486 824 134 34 Bovard
652 835 38 24 or
723 825 157 43 Dorothy
913 824 134 35 Bovard
1080 836 59 24 are
1170 825 186 35 interested
1389 826 34 34 in
1456 826 59 34 the

300 874 179 43 purchase.
499 874 52 34 Of
564 885 131 30 course,
715 875 182 43 Margaret
914 875 129 44 Piper’s
1061 886 103 24 name
1180 887 70 23 was
1268 876 72 34 also
1356 876 157 41 omitted,

300 924 62 34 but
373 924 76 34 that
460 935 69 24 was
541 930 36 29 at
588 924 61 35 her
660 924 178 35 direction.
850 925 113 34 There
974 925 27 34 is
1012 936 44 24 no
1067 925 197 35 intimation
1275 926 76 34 that
1362 926 153 44 Spencer

301 974 145 40 Bovard,
463 974 67 34 like
546 975 86 34 Mrs.
649 975 111 43 Piper,
776 975 136 34 wanted
928 975 52 34 his
995 975 142 35 interest
1152 975 227 35 undisclosed.
1396 976 117 34 More-

299 1034 90 29 over,
402 1024 98 33 there
512 1024 26 34 is
552 1024 237 34 considerable
801 1024 293 44 correspondence
1106 1025 155 34 between
1273 1026 90 33 John
1376 1027 138 33 Hoover

300 1073 68 33 and
379 1073 78 33 S.B.
471 1073 200 41 Stevenson,
684 1074 85 33 Vice
780 1073 178 35 President
969 1074 40 34 of
1017 1074 59 34 the
1087 1074 89 35 First
1188 1075 169 34 National
1369 1075 99 34 Bank
1478 1075 40 34 of

301 1123 50 32 Ft.
365 1122 126 40 Smith,
503 1123 207 42 concerning
722 1123 59 34 the
792 1123 180 43 purchase.
986 1124 39 33 In
1037 1124 46 34 all
1094 1123 39 35 of
1142 1124 67 34 this
1221 1124 293 44 correspondence

299 1171 97 34 there
422 1172 27 33 is
475 1182 44 24 no
544 1172 198 42 suggestion
768 1172 76 35 that
871 1173 157 43 Dorothy
1053 1184 37 23 or
1116 1173 153 44 Spencer
1295 1173 134 35 Bovard
1455 1185 59 23 are

299 1221 186 33 interested
500 1221 34 34 in
550 1221 59 34 the
623 1222 180 43 purchase.
819 1222 78 34 One
911 1222 40 34 of
963 1223 70 33 Mr.
1050 1223 219 34 Stevenson’s
1284 1223 117 34 letters
1416 1228 97 29 notes

299 1270 59 34 the
378 1270 82 34 cash
480 1270 101 34 value
600 1270 40 35 of
657 1271 167 34 Hoover’s
845 1271 60 35 life
925 1272 192 34 insurance.

390 1352 70 33 Mr.
486 1352 163 34 Bovard’s
673 1353 185 43 testimony
881 1353 28 34 is
932 1353 217 43 improbable
1171 1353 91 35 from
1285 1354 145 34 another
1453 1365 59 23 an-

298 1401 56 42 gle
354 1401 44 42 —
398 1401 46 42 he
454 1406 156 37 suggests
620 1402 77 34 that
706 1402 59 34 the
774 1403 19 36 $
801 1403 124 40 11,000
934 1408 181 37 mortgage
1124 1403 54 34 for
1187 1403 59 34 the
1255 1403 146 34 balance
1409 1403 40 34 of
1455 1404 59 34 the

298 1450 170 43 purchase
479 1450 93 44 price
584 1462 69 24 was
665 1451 60 35 the
736 1456 116 30 extent
864 1452 39 34 of
912 1452 90 34 John
1014 1453 168 34 Hoover’s
1193 1453 245 41 contribution,
1451 1453 62 35 but

298 1500 43 34 he
351 1500 72 34 also
433 1500 148 35 testified
592 1501 76 35 that
677 1501 59 35 the
745 1501 273 44 understanding
1028 1513 70 24 was
1108 1502 77 35 that
1194 1503 91 34 John
1295 1504 138 34 Hoover
1443 1514 69 24 was

298 1555 35 29 to
356 1561 137 24 recover
516 1551 67 34 this
606 1556 144 30 amount
772 1551 119 35 before
915 1552 134 35 Bovard
1072 1552 69 35 and
1165 1553 87 34 Mrs.
1277 1553 100 44 Piper
1400 1553 112 35 would

298 1601 131 34 receive
451 1612 67 32 any
540 1606 117 30 return
680 1612 43 24 on
746 1602 88 34 their
856 1602 208 35 investment
1085 1602 91 35 from
1198 1603 75 35 coal
1296 1603 68 35 and
1386 1603 125 35 timber

297 1651 91 34 sales
388 1651 43 34 —
431 1651 48 34 an
493 1651 127 34 absurd
634 1657 254 38 arrangement.
903 1652 34 34 If
947 1652 68 35 this
1027 1664 90 23 were
1129 1664 48 30 so,
1191 1654 149 40 Hoover,
1353 1653 76 35 who
1442 1653 69 35 had

297 1705 62 38 put
370 1711 46 32 up
427 1701 154 42 nothing,
594 1701 112 34 would
719 1712 137 24 recover
867 1702 60 34 the
938 1703 151 39 $11,000
1101 1708 60 29 out
1171 1702 40 35 ¡of
1218 1703 76 34 coal
1306 1703 68 34 and
1385 1703 126 35 timber

297 1750 88 33 sales
402 1750 119 34 before
537 1750 100 43 Piper
654 1750 68 34 and
740 1751 135 34 Bovard
891 1762 90 23 were
996 1757 36 29 to
1048 1757 87 29 start
1152 1752 170 43 receiving
1339 1753 169 42 earnings.

676 1841 80 32 Two
779 1841 104 33 Trust
902 1841 234 33 Instruments

388 1920 147 43 Equally
555 1920 219 43 implausible
794 1920 27 34 is
843 1921 70 34 Mr.
935 1921 164 34 Bovard’s
1120 1922 219 43 explanation
1359 1922 54 34 for
1432 1922 78 44 why

296 1969 97 33 there
411 1980 89 23 were
519 1974 67 29 two
604 1974 89 29 trust
712 1970 235 34 instruments.
968 1972 56 33 He
1042 1971 74 34 said
1136 1972 87 33 Mrs.
1243 1972 100 43 Piper
1361 1983 70 23 was
1450 1977 60 29 not

296 2018 152 34 satisfied
460 2019 82 33 with
554 2019 59 34 the
623 2019 84 41 first,
720 2019 59 34 the
790 2020 135 34 Bovard
937 2025 99 36 trust,
1049 2020 68 34 and
1128 2021 136 34 wanted
1275 2032 21 23 a
1308 2021 125 34 second
1444 2032 66 24 one

296 2067 168 44 prepared
482 2073 36 29 to
536 2074 51 29 set
606 2074 60 29 out
684 2069 61 34 her
763 2069 143 35 interest
924 2080 96 24 more
1038 2070 219 44 specifically,
1276 2082 37 23 so
1331 2071 59 34 the
1408 2071 101 44 Piper

295 2122 89 30 trust
400 2129 69 23 was
487 2118 178 44 prepared.
683 2119 91 34 That
791 2120 221 43 explanation
1029 2121 119 34 makes
1164 2120 88 35 little
1268 2132 98 23 sense
1381 2121 35 34 in
1432 2121 78 35 that

295 2167 59 34 the
368 2168 126 34 second
509 2168 207 35 instrument
730 2169 92 43 gives
837 2169 61 34 her
912 2170 81 43 only
1007 2181 20 23 a
1042 2170 60 34 life
1116 2170 151 41 interest,
1282 2171 153 34 whereas
1450 2171 60 34 the

361 2326 10 14 3
407 2327 50 24 Mr.
474 2326 97 26 Bovard
586 2327 108 25 testified
709 2327 55 25 that
779 2327 32 25 he
825 2331 52 22 met
891 2328 66 25 John
972 2328 101 25 Hoover
1087 2328 61 30 first,
1163 2328 49 26 and
1227 2329 58 32 only
1299 2332 52 22 met
1366 2329 63 25 Lula
1445 2329 64 32 May

296 2368 99 24 Hoover
405 2375 69 18 some
485 2368 46 25 five
541 2376 28 17 or
579 2368 36 25 six
627 2369 99 25 months
737 2369 71 29 later,
819 2369 45 25 but
875 2369 43 25 the
927 2369 90 25 decree
1026 2370 79 25 below
1116 2370 85 25 makes
1212 2378 14 17 a
1237 2370 101 32 specific
1347 2370 95 32 finding
1453 2371 56 25 that

296 2409 96 24 Bovard
409 2413 50 21 met
476 2410 99 24 Hoover
590 2410 108 31 through
714 2410 38 25 his
767 2410 139 32 friendship
921 2410 59 26 with
996 2411 63 25 Lula
1076 2411 71 32 May,
1162 2415 43 21 not
1219 2411 54 25 vice
1286 2419 79 18 versa.
