1659 2702
135 415 149 34 because
294 415 60 34 the
364 415 175 44 appellant
549 415 114 35 would
674 420 60 30 not
745 420 121 39 accept
877 426 44 24 an
932 415 171 43 arranged
1114 416 77 43 plea
1202 415 145 43 bargain

134 464 69 35 and
227 464 149 35 because
398 465 43 34 he
464 464 68 35 had
555 470 60 29 not
638 464 81 45 paid
743 465 70 34 Mr.
838 465 200 34 Harrelson.
1063 465 71 34 Mr.
1159 465 188 34 Harrelson

134 514 182 43 disagreed
330 515 76 34 that
420 515 42 34 he
476 514 75 44 quit
564 514 149 35 because
726 514 44 34 he
783 514 69 35 had
865 520 60 29 not
938 515 88 34 been
1039 514 92 44 paid,
1146 515 62 34 but
1222 514 125 43 agreed

134 564 79 34 that
224 563 53 35 his
289 564 214 35 withdrawal
514 574 71 24 was
597 563 108 35 based
717 574 44 24 on
773 564 59 34 the
843 564 255 43 disagreement
1110 575 78 24 over
1200 564 60 35 the
1270 564 78 43 plea

136 613 156 42 bargain.
305 614 49 33 At
365 614 58 34 the
434 613 90 35 Rule
537 615 42 32 37
592 614 155 42 hearing,
760 614 69 34 Mr.
843 613 189 35 Harrelson
1043 614 150 34 testified
1203 613 76 35 that
1290 613 60 34 the

136 663 78 34 idea
233 662 39 35 of
287 663 238 43 withdrawing
544 662 194 44 originated
756 663 82 34 with
857 663 72 35 him
947 662 69 36 and
1035 663 76 35 that
1129 663 44 35 he
1190 663 81 34 does
1290 668 59 29 not

136 712 195 35 remember
344 713 152 34 whether
509 713 44 34 he
564 713 73 34 told
650 713 59 34 the
722 713 175 43 appellant
910 713 77 35 that
999 713 44 34 he
1055 712 102 35 could
1169 713 87 34 have
1268 713 82 43 kept

136 762 73 34 him
223 773 37 23 as
274 762 52 34 his
340 767 157 38 attorney
510 762 30 34 if
551 763 44 34 he
607 762 152 35 insisted.
775 764 55 33 He
843 763 73 34 also
928 762 114 35 stated
1055 762 77 35 that
1144 763 60 34 the
1216 762 133 43 subject

136 822 103 24 never
259 822 99 24 came
377 823 46 33 up
442 812 108 34 about
569 813 59 33 the
647 823 254 33 consequences
919 812 39 35 of
975 812 53 35 his
1047 812 215 35 withdrawal
1281 812 69 34 and

137 861 155 35 whether
312 862 59 34 the
391 862 175 44 appellant
587 862 101 35 could
709 867 57 38 get
786 873 44 24 an
851 862 186 45 appointed
1058 862 136 44 lawyer.

1277 274 64 33 241

229 942 74 34 The
329 942 173 43 following
529 942 159 45 colloquy
714 942 165 35 occurred
904 942 125 44 during
1055 942 59 35 the
1139 942 153 36 October
1318 944 31 40 5,

138 992 154 43 hearing:

266 1073 120 34 Court:
398 1073 71 34 Mr.
481 1073 166 43 Philyaw,
658 1073 75 35 how
745 1073 80 43 long
835 1073 45 34 do
890 1084 68 33 you
968 1072 101 35 think
1078 1073 27 35 it
1114 1073 70 35 will
1193 1073 82 35 take
1284 1084 68 33 you

264 1128 36 29 to
320 1123 117 34 obtain
458 1123 146 34 another
624 1123 161 35 counsel?

264 1202 208 44 Defendant:
484 1203 34 33 A
529 1203 106 40 week,
648 1213 84 33 your
745 1204 129 33 Honor.
888 1204 15 33 I
915 1202 123 36 should
1049 1203 100 34 think
1160 1204 15 33 I
1186 1202 101 36 could
1299 1202 30 35 if
1337 1204 15 33 I

264 1262 65 24 can
350 1257 57 38 get
427 1263 95 24 some
542 1252 114 44 phone
675 1252 94 35 calls.

267 1332 120 34 Court:
401 1331 57 35 All
470 1331 104 44 right,
587 1332 56 34 sir.
657 1333 71 34 Mr.
742 1332 201 41 Harrelson,
955 1342 68 34 you
1034 1332 69 34 will
1114 1332 45 35 be
1169 1332 185 44 permitted

266 1386 35 29 to
321 1381 188 35 withdraw.
531 1382 71 34 Mr.
624 1382 164 43 Philyaw,
809 1393 66 32 you
895 1382 68 35 will
983 1382 43 34 be
1045 1382 100 43 given
1165 1394 21 23 a
1205 1382 96 34 week
1319 1387 35 29 to

265 1431 119 34 obtain
406 1431 97 35 other
525 1432 151 34 counsel.
701 1432 14 34 I
738 1432 188 44 anticipate
947 1432 114 43 trying
1084 1432 67 35 this
1173 1443 79 24 case
1273 1437 82 29 next

265 1481 105 41 week,
392 1481 90 34 here.

264 1559 209 44 Defendant:
495 1560 83 40 Yes,
599 1560 56 34 sir.

268 1639 120 35 Court:
403 1640 101 40 Now,
519 1639 157 35 whoever
690 1649 67 34 you
771 1639 147 44 employ,
934 1640 15 34 I
963 1639 222 35 recommend
1198 1639 76 35 that
1287 1650 67 33 you

266 1689 44 35 do
325 1689 26 35 it
365 1700 37 24 as
416 1689 177 44 hurriedly
607 1701 37 23 as
659 1700 67 33 you
740 1700 66 24 can
820 1689 148 36 because
981 1689 82 45 they
1077 1690 68 35 will
1159 1689 87 36 need
1260 1701 95 24 some

266 1739 85 35 time
361 1745 36 29 to
408 1740 95 34 work
513 1750 44 24 on
569 1751 85 32 your
666 1751 80 24 case
757 1740 62 35 but
831 1751 67 33 any
909 1739 174 45 handicap
1094 1741 76 34 that
1182 1741 81 43 they
1274 1752 81 32 may

266 1790 87 34 have
366 1790 67 34 will
447 1790 43 34 be
503 1801 86 32 your
602 1790 263 44 responsibility.
881 1792 55 33 Do
949 1801 68 34 you
1030 1790 212 35 understand
1255 1791 97 34 that?

234 1869 57 34 On
304 1869 152 35 October
474 1870 170 40 12,1981,
657 1870 60 34 the
729 1880 79 24 case
820 1881 70 23 was
903 1869 111 36 called
1028 1870 68 34 and
1109 1870 60 34 the
1181 1870 175 44 appellant

142 1918 174 44 appeared
330 1919 144 35 without
486 1919 151 35 counsel.
652 1920 40 34 In
705 1919 223 44 proceedings
941 1919 120 35 before
1073 1920 59 34 the
1144 1919 90 41 trial,
1248 1924 60 30 out
1320 1919 39 35 of

142 1968 60 35 the
214 1968 144 44 hearing
371 1969 39 34 of
420 1969 58 35 the
487 1968 92 45 jury,
593 1969 60 35 the
665 1969 176 45 appellant
854 1969 182 45 explained
1049 1969 76 35 that
1138 1970 44 34 he
1194 1980 69 24 was
1276 1970 80 43 only

143 2018 145 35 allowed
303 2024 35 29 to
352 2030 61 24 use
427 2018 59 36 the
500 2019 183 44 telephone
698 2024 36 30 at
749 2019 97 44 night
861 2020 68 34 and
944 2020 44 34 he
1002 2019 102 35 could
1120 2025 59 29 not
1193 2019 103 35 reach
1311 2031 45 23 an

143 2074 169 39 attorney.
331 2069 188 44 Appellant
537 2070 73 34 also
627 2069 113 36 stated
758 2070 76 34 that
851 2070 52 35 his
921 2070 100 35 sister
1038 2069 69 36 had
1124 2069 117 36 talked
1258 2075 36 29 to
1315 2071 40 33 16

143 2119 144 43 lawyers
302 2119 53 34 for
368 2120 72 34 him
453 2119 77 35 who
543 2131 90 23 were
646 2119 170 45 supposed
830 2125 35 30 to
878 2121 67 34 call
959 2131 38 23 or
1010 2131 99 24 come
1122 2120 68 35 and
1203 2131 57 24 see
1273 2120 82 41 him,

143 2169 63 34 but
217 2179 89 24 none
316 2169 40 34 of
363 2169 95 34 them
469 2169 69 34 did.
552 2171 56 32 He
618 2169 135 35 further
764 2170 112 34 stated
887 2170 77 34 that
975 2170 44 33 he
1029 2170 69 34 had
1109 2175 76 29 sent
1195 2170 52 34 his
1258 2170 99 34 sister

143 2223 36 28 to
189 2217 60 34 the
255 2218 108 42 judge
374 2219 120 41 asking
505 2218 54 34 for
570 2229 44 23 an
625 2218 186 44 appointed
822 2224 159 37 attorney
991 2218 69 34 and
1070 2219 60 33 the
1140 2223 137 39 request
1287 2229 70 23 was

143 2265 150 35 refused.
317 2267 75 33 The
414 2267 177 43 appellant
614 2267 82 34 then
720 2267 131 34 related
874 2268 59 33 the
956 2267 269 34 circumstances
1248 2267 109 34 under

142 2314 114 35 which
270 2316 70 33 Mr.
356 2315 188 35 Harrelson
558 2316 77 43 quit
678 2316 62 43 the
754 2316 78 34 lack
843 2316 40 34 of
892 2321 165 39 payment
1070 2316 69 34 and
1153 2316 204 44 appellants

144 2364 130 35 refusal
290 2370 36 29 to
342 2365 101 44 plead
459 2365 113 44 guilty
615 2365 72 44 and
703 2366 181 43 explained
900 2366 77 35 that
992 2365 44 35 he
1051 2377 70 23 was
1137 2366 72 34 told
1224 2365 46 44 by
1286 2366 71 34 Mr.

145 2415 201 42 Harrelson,
361 2415 124 42 Well,
499 2415 110 35 either
621 2427 68 33 you
702 2415 102 46 plead
816 2416 121 44 guilty,
950 2426 38 25 or
1002 2416 15 34 I
1030 2415 179 36 withdraw
1222 2426 38 24 as
1273 2426 85 33 your
