1640 2693
309 416 109 34 under
429 427 44 23 an
485 416 122 34 earlier
618 421 67 35 act,
697 417 69 33 Act
777 417 64 33 451
856 416 40 34 of
908 417 98 39 1975,
1019 417 59 33 the
1087 416 158 44 question
1256 416 40 34 of
1303 417 59 33 the
1372 416 150 35 transfer

309 465 39 34 of
354 476 20 23 a
384 475 79 24 case
472 464 39 35 of
517 465 67 33 this
594 470 124 29 nature
726 470 36 29 to
771 465 59 35 the
834 465 153 42 juvenile
995 470 99 29 court
1102 476 70 23 was
1181 465 249 44 discretionary
1438 465 83 35 with

309 514 59 34 the
384 515 80 33 trial
478 514 108 43 judge
602 514 70 34 and
688 525 63 23 our
768 525 96 24 cases
882 514 70 34 had
969 514 80 34 held
1065 515 59 34 the
1142 514 113 43 ruling
1271 515 114 34 would
1402 520 60 29 not
1479 514 43 34 be

309 563 178 35 disturbed
501 563 114 34 unless
629 563 77 35 that
719 563 185 35 discretion
918 574 70 23 was
1002 564 141 34 abused.
1158 563 75 34 The
1247 564 163 34 Franklin
1424 569 98 29 court

309 618 90 30 went
414 624 43 24 on
473 618 35 30 to
523 624 61 32 say
599 613 76 34 that
690 613 109 35 under
814 613 59 34 the
887 618 139 30 current
1041 619 67 36 act,
1124 614 70 34 Act
1210 614 67 34 390
1293 613 39 35 of
1348 615 99 40 1981,
1463 613 59 35 the

305 663 108 43 judge
433 663 98 40 shall,
552 674 44 23 on
617 663 52 34 his
689 674 75 24 own
785 663 131 35 motion
936 674 38 24 or
994 663 59 35 the
1073 663 130 35 motion
1223 663 40 35 of
1280 664 109 34 either
1409 668 111 40 party,

308 713 149 34 conduct
471 724 20 24 a
505 713 142 43 hearing
661 724 44 23 on
719 713 58 35 the
790 713 157 44 question
961 713 40 34 of
1011 713 149 35 transfer
1174 713 68 34 and
1256 713 103 35 noted
1373 714 76 34 that
1462 713 59 34 the

308 767 56 29 act
375 762 178 35 narrowed
564 762 59 34 the
633 763 151 34 exercise
794 762 39 35 of
840 763 60 33 the
905 763 137 42 judge’s
1053 763 185 34 discretion
1249 768 35 29 to
1295 774 20 23 a
1326 763 194 35 considera-

308 812 71 34 tion
399 812 40 34 of
456 813 59 33 the
534 812 97 34 three
651 812 129 35 factors
801 812 198 35 mentioned
1019 812 35 35 in
1074 813 59 34 the
1153 817 67 29 act.

311 277 42 33 78

400 886 38 34 In
451 885 180 41 Franklin,
645 886 59 34 the
716 886 177 44 appellant
905 885 69 35 had
987 885 203 36 committed
1202 897 94 33 rape,
1309 886 211 43 aggravated

308 935 147 44 robbery
468 935 69 35 and
551 935 100 35 theft.
666 936 75 34 The
754 940 98 31 court
866 935 75 35 said
955 936 59 34 the
1029 936 231 35 “seriousness
1274 936 40 34 of
1324 936 59 35 the
1397 937 123 34 crimes

307 985 69 35 and
391 986 59 34 the
464 985 153 35 violence
631 986 83 34 with
729 986 112 35 which
857 986 81 43 they
953 997 89 24 were
1057 986 219 45 perpetrated
1291 986 113 35 would
1420 987 100 35 alone

307 1046 129 33 appear
453 1041 35 29 to
506 1035 42 34 be
564 1035 170 35 sufficient
751 1041 36 29 to
803 1036 133 34 sustain
953 1036 59 34 the
1027 1037 127 34 court’s
1172 1036 129 34 refusal
1318 1042 36 29 to
1371 1036 149 36 transfer

307 1085 96 34 these
418 1095 121 24 causes
555 1090 35 29 to
605 1085 60 34 the
676 1085 152 43 juvenile
843 1085 132 34 court.”
992 1086 74 34 The
1081 1090 98 30 court
1195 1085 108 35 found
1319 1086 59 34 the
1394 1086 125 35 second

306 1134 161 34 criterion
492 1139 59 29 not
575 1134 87 43 fully
686 1134 205 43 applicable,
916 1134 54 34 for
994 1135 97 34 there
1115 1145 89 23 were
1227 1145 45 23 no
1296 1135 222 42 adjudicated

307 1182 147 34 offenses
477 1183 90 34 from
588 1183 112 33 which
722 1189 77 37 past
821 1183 118 34 efforts
961 1188 36 29 to
1018 1188 90 30 treat
1130 1183 68 35 and
1220 1184 220 34 rehabilitate
1461 1184 59 33 the

303 1231 152 42 juvenile
466 1231 101 35 could
579 1232 43 33 be
634 1232 192 34 evaluated.
839 1232 74 34 The
924 1237 99 29 court
1034 1233 115 39 noted,
1162 1232 166 41 however,
1342 1233 97 34 there
1450 1233 69 34 had

307 1280 86 35 been
413 1280 156 44 previous
589 1281 158 35 criminal
767 1281 151 44 activity.
939 1282 113 34 There
1070 1293 70 23 was
1160 1282 186 44 testimony
1365 1283 76 34 that
1461 1282 59 34 the

306 1336 175 38 prospects
499 1330 39 34 of
552 1331 205 43 appellant’s
775 1331 257 35 rehabilitation
1050 1343 89 23 were
1156 1332 84 43 poor
1240 1332 43 43 —
1283 1332 132 43 violent
1432 1338 85 29 tem-

306 1391 70 33 per,
392 1380 164 44 hostility,
572 1380 68 35 and
656 1381 78 35 lack
747 1381 39 35 of
798 1392 161 24 remorse.
975 1382 81 34 And
1070 1382 141 35 volition
1227 1382 68 34 and
1310 1382 207 44 premedita-

305 1430 72 35 tion
395 1442 88 24 were
500 1430 258 36 demonstrated
776 1432 45 43 by
838 1431 190 35 deliberate
1044 1437 165 38 attempts
1227 1437 35 29 to
1279 1443 100 24 cover
1396 1443 46 34 up
1460 1432 59 35 the

305 1481 118 34 crime.
439 1482 40 33 In
493 1481 194 43 overruling
701 1481 60 35 the
774 1481 132 35 motion
920 1487 36 29 to
970 1482 161 41 transfer,
1147 1482 60 34 the
1220 1482 80 34 trial
1311 1482 109 44 judge
1433 1493 86 33 gave

306 1530 52 35 his
372 1541 138 24 reasons
524 1530 68 34 and
606 1530 259 36 demonstrated
879 1531 76 35 that
968 1532 254 34 consideration
1235 1532 70 34 had
1318 1532 87 35 been
1419 1533 99 43 given

306 1585 35 29 to
361 1581 45 33 all
427 1580 39 35 of
483 1580 59 35 the
561 1580 137 35 criteria
719 1586 51 30 set
790 1581 94 35 forth
904 1581 35 34 in
961 1582 17 42 §
1001 1582 142 34 45-420.

489 1654 39 34 In
540 1654 68 34 this
619 1664 90 31 case,
721 1654 27 35 it
758 1655 82 34 does
852 1660 59 29 not
922 1665 130 33 appear
1063 1655 76 35 that
1151 1655 102 43 proof
1260 1655 40 34 of
1308 1656 86 34 each
1405 1656 113 34 factor

304 1714 70 23 was
390 1704 207 43 necessarily
614 1704 141 35 adverse
771 1710 35 29 to
822 1704 59 34 the
897 1705 204 43 appellants.
1120 1706 178 40 However,
1316 1705 97 35 there
1429 1706 27 34 is
1473 1716 44 23 no

304 1753 233 43 requirement
556 1753 34 34 in
610 1753 59 34 the
687 1759 129 29 statute
834 1754 77 34 that
930 1754 102 43 equal
1051 1754 126 44 weight
1196 1754 43 34 be
1257 1755 100 42 given
1376 1760 35 29 to
1431 1755 86 35 each

305 1802 123 41 factor,
440 1813 38 24 or
490 1802 77 35 that
578 1803 102 43 proof
689 1814 44 23 on
746 1804 45 33 all
803 1803 129 34 factors
944 1809 94 29 must
1049 1804 44 34 be
1105 1804 136 43 against
1252 1804 60 34 the
1323 1805 193 43 appellants

305 1851 34 34 in
356 1852 101 34 order
473 1852 53 34 for
543 1852 59 33 the
618 1857 98 29 court
733 1858 35 28 to
784 1852 111 35 retain
908 1853 230 42 jurisdiction.
1156 1853 112 34 Other
1280 1854 236 42 jurisdictions

304 1901 82 34 with
398 1901 131 34 similar
541 1906 146 29 statutes
699 1902 86 34 have
796 1902 148 34 reached
956 1902 59 34 the
1026 1913 97 24 same
1133 1903 242 34 conclusions.1
1386 1902 131 45 People

303 1962 30 22 v.
349 1950 138 44 Taylor,
499 1951 155 34 76
665 1952 134 40 Ill.2d 289, 29
811 1951 51 35 Ill.
874 1952 84 34 Dec.
974 1953 151 40 103,
1140 1953 89 34 391
1241 1952 45 34 N.E.2d
1298 1954 66 33 366
1377 1952 137 44 (1979);

302 2000 132 35 Hazell
451 2012 30 23 v.
501 2001 114 40 State,
640 2002 41 33 12
702 2001 171 44 Md.App.
899 2002 75 40 144,
996 2003 67 33 277
1084 2002 93 35 A.2d
1198 2003 67 34 639
1288 2002 136 44 (1971).

394 2075 94 34 Here
502 2074 59 34 the
575 2079 123 30 nature
711 2075 40 34 of
762 2075 58 34 the
834 2075 108 34 crime
955 2086 70 24 was
1039 2076 99 43 given
1153 2076 152 43 primary
1319 2077 194 34 considera-

302 2123 73 34 tion
386 2123 44 44 by
441 2124 59 34 the
510 2124 80 34 trial
600 2129 109 30 court.
721 2125 75 34 The
806 2125 193 43 appellants
1010 2137 90 23 were
1109 2125 120 43 dating
1240 2126 86 34 each
1336 2126 98 35 other
1446 2126 69 35 and

303 2173 88 35 Mrs.
411 2173 154 35 Taulbee
583 2173 237 45 disapproved.
840 2174 75 34 The
932 2175 193 43 appellants
1144 2175 176 35 discussed
1338 2176 76 34 how
1433 2177 82 42 they

369 2336 8 13 1
412 2336 60 25 This
481 2336 127 33 approach
616 2344 106 24 appears
731 2340 25 22 to
765 2337 31 25 be
803 2337 215 32 constitutionally
1026 2337 64 26 firm.
1099 2338 49 25 See
1155 2337 94 32 People
1255 2346 22 17 v.
1289 2338 101 32 Taylor,
1399 2338 115 26 76 Ill.2d

302 2377 57 29 289,
375 2378 31 24 29
424 2377 36 25 Ill.
477 2378 60 24 Dec.
556 2378 54 29 103,
626 2378 45 25 391
690 2378 100 25 N.E.2d
806 2378 48 25 366
871 2378 91 31 (1979)
979 2378 151 33 (discussing
1145 2379 43 25 the
1201 2379 226 33 constitutionality
1441 2379 29 26 of
1483 2379 31 25 its

298 2418 111 31 juvenile
423 2418 109 26 transfer
547 2418 149 32 procedures
712 2419 24 25 in
752 2419 62 32 light
829 2419 29 25 of
870 2420 65 25 Kent
949 2428 22 17 v.
988 2420 94 26 United
1093 2421 96 29 States,
1206 2421 47 24 383
1270 2420 60 26 U.S.
1347 2421 45 25 541
1413 2420 100 32 (1966).
