1624 2688
285 423 98 29 court
403 417 123 35 denied
548 417 100 35 relief
665 423 36 29 to
721 418 186 44 appellant.
930 418 65 34 We
1015 418 123 34 affirm.

290 276 63 34 160

376 500 188 43 Appellant
574 500 74 34 first
657 511 123 32 argues
791 500 76 34 that
876 511 63 23 our
949 499 140 44 holding
1100 500 34 34 in
1148 501 123 33 Troutt
1279 511 30 23 v.
1321 501 176 43 Langston

285 549 72 35 and
365 549 190 42 Robinson,
567 551 65 33 283
644 550 85 34 Ark.
740 551 156 39 220, 675
908 550 144 35 S.W.2d
1062 551 66 33 625
1141 549 124 44 (1984)
1277 550 151 44 requires
1439 550 59 34 the

286 599 123 35 refund
419 599 39 35 of
465 600 59 34 the
534 600 109 34 entire
653 600 182 43 premium,
846 611 37 23 as
894 611 20 23 a
924 605 127 29 matter
1061 600 39 34 of
1107 600 75 34 law.
1192 600 75 34 The
1276 605 183 38 argument
1469 600 27 34 is

285 649 106 34 based
404 659 91 34 upon
508 660 20 23 a
541 649 339 43 misunderstanding
892 649 39 34 of
940 650 58 33 the
1010 660 80 23 case
1101 649 79 41 and,
1193 650 34 33 in
1240 649 113 41 effect,
1367 650 77 33 asks
1457 660 39 24 us

285 704 35 28 to
336 698 81 34 hold
433 699 76 34 that
525 699 58 34 the
599 699 180 34 execution
795 699 39 34 of
847 710 20 23 a
884 699 69 34 bail
969 699 92 34 bond
1077 699 202 34 constitutes
1296 710 44 23 an
1356 698 140 44 implied

285 753 156 29 contract
460 748 76 34 that
554 748 59 34 the
631 748 193 34 bondsman
843 748 68 34 will
930 748 86 44 keep
1035 748 59 34 the
1111 748 190 34 defendant
1319 753 36 30 at
1373 748 124 43 liberty

285 797 87 35 until
397 798 51 34 his
472 808 79 24 case
575 798 27 33 is
626 797 111 35 called
762 797 53 34 for
838 798 90 40 trial,
954 797 68 35 and
1046 798 127 34 breach
1197 797 39 35 of
1256 798 76 34 that
1356 798 140 43 implied

284 852 157 29 contract
456 847 136 34 entitles
607 847 59 34 the
680 846 191 35 defendant
885 852 35 29 to
935 858 20 23 a
971 847 125 34 refund
1110 847 40 34 of
1161 847 59 34 the
1234 847 181 43 premium.
1432 847 65 34 We

285 896 133 33 decline
438 901 35 29 to
494 906 37 24 so
551 895 91 34 hold.

515 976 74 35 The
610 982 116 38 surety
747 987 43 24 on
812 988 20 23 a
853 977 70 34 bail
945 976 92 35 bond
1057 988 92 32 may,
1171 982 37 29 at
1228 977 52 34 his
1301 976 195 42 discretion,

285 1026 199 45 apprehend
493 1026 68 36 and
571 1027 182 34 surrender
761 1027 59 35 the
828 1026 200 36 defendant.
1039 1027 84 35 Ark.
1134 1027 89 35 Stat.
1233 1028 92 34 Ann.
1337 1027 18 43 ยง
1366 1028 130 34 43-716

287 1076 115 45 (Repl.
420 1076 116 44 1977).
550 1077 74 35 The
635 1077 182 35 surrender
828 1077 40 35 of
876 1077 59 35 the
946 1077 190 35 defendant
1148 1088 80 33 may
1240 1077 43 35 be
1294 1078 109 34 either
1415 1075 82 37 with

284 1137 38 24 or
336 1127 145 35 without
494 1138 114 24 cause.
625 1127 34 35 If
669 1128 60 34 the
742 1127 183 35 surrender
939 1128 27 34 is
980 1128 145 34 without
1139 1138 114 31 cause,
1269 1128 59 34 the
1341 1133 156 29 contract

285 1176 53 35 for
355 1177 92 34 bond
464 1177 134 44 implies
615 1178 77 34 that
708 1178 59 34 the
784 1177 193 35 bondsman
994 1183 93 29 must
1103 1183 118 29 return
1238 1178 60 34 the
1313 1178 182 44 premium.

289 1229 123 32 Troutt
439 1239 30 22 v.
500 1229 176 42 Langston
705 1227 72 34 and
803 1227 190 39 Robinson,
1024 1238 119 33 supra.
1174 1228 179 40 However,
1383 1227 30 35 if
1438 1228 60 34 the

284 1277 182 34 surrender
478 1277 27 34 is
517 1277 82 34 with
611 1287 115 30 cause,
738 1277 97 34 there
846 1277 28 33 is
886 1288 44 23 no
942 1277 141 43 implied
1094 1282 157 29 contract
1262 1282 36 29 to
1309 1282 118 29 return
1438 1278 59 33 the

285 1326 64 34 fee.

515 1407 113 34 When
646 1418 20 23 a
683 1407 193 34 bondsman
894 1407 63 35 has
974 1407 203 35 reasonable
1193 1418 105 24 cause
1314 1412 36 30 to
1367 1407 130 35 believe

284 1456 76 34 that
373 1467 20 23 a
405 1456 189 35 defendant
607 1456 62 35 has
681 1457 203 34 committed
897 1468 20 23 a
929 1457 116 44 felony
1057 1457 102 34 while
1171 1457 153 34 released
1336 1468 44 23 on
1393 1457 102 41 bond,

284 1506 43 34 he
339 1505 61 35 has
413 1516 104 24 cause
528 1511 35 29 to
574 1506 182 34 surrender
767 1507 60 34 the
838 1506 199 35 defendant.
1053 1506 53 44 Cf.
1120 1507 193 34 A.R.Cr.P.
1326 1507 90 34 Rule
1428 1507 67 34 9.6.

286 1555 107 42 (Rule
413 1556 55 34 9.6
490 1555 156 44 provides
666 1555 54 35 for
740 1556 196 34 revocation
956 1556 39 34 of
1013 1556 131 34 release
1164 1556 44 43 by
1229 1567 20 23 a
1269 1561 98 29 court
1387 1556 109 34 under

283 1604 132 35 similar
434 1605 296 42 circumstances.)
752 1606 74 33 The
845 1605 190 35 defendant
1055 1605 34 34 in
1110 1605 68 35 this
1198 1616 90 30 case,
1309 1606 186 43 appellant,

283 1665 70 23 was
373 1654 153 34 arrested
547 1654 53 35 for
619 1655 219 43 committing
858 1666 20 23 a
898 1654 117 44 felony
1034 1655 101 34 while
1155 1655 153 34 released
1328 1665 44 24 on
1392 1655 102 34 bond.

283 1703 198 42 Therefore,
494 1704 26 34 it
531 1704 27 34 is
570 1709 59 29 not
640 1715 192 33 necessary,
844 1715 38 24 as
893 1715 20 24 a
925 1709 128 30 matter
1063 1704 40 35 of
1111 1704 141 44 implied
1263 1709 167 37 contract,
1442 1704 53 35 for

283 1753 59 35 the
362 1754 171 43 premium
553 1759 35 29 to
609 1754 42 34 be
671 1754 173 35 returned.

466 1835 189 44 Appellant
673 1841 81 29 next
773 1846 124 33 argues
916 1836 77 34 that
1011 1836 60 34 the
1089 1836 91 35 bond
1199 1841 156 30 contract
1373 1836 35 35 in
1426 1836 68 35 this

283 1896 80 24 case
383 1885 59 35 did
464 1890 69 36 not,
556 1885 34 35 in
611 1885 83 42 fact,
717 1886 140 44 provide
878 1886 77 35 that
975 1886 44 35 he
1040 1886 113 35 would
1174 1886 43 35 be
1237 1886 104 35 liable
1361 1886 53 35 for
1435 1887 60 34 the

283 1935 171 44 premium
478 1935 30 35 if
529 1936 59 34 the
611 1936 193 34 bondsman
829 1936 227 35 surrendered
1080 1936 72 35 him
1176 1937 82 34 with
1281 1947 114 24 cause.
1420 1937 75 34 The

283 1990 183 38 argument
479 1985 28 34 is
520 1985 144 35 without
676 1986 112 34 merit.
802 1986 113 34 There
928 1997 69 23 was
1010 1986 207 35 substantial
1230 1986 161 35 evidence
1403 1986 91 35 from

282 2034 112 34 which
417 2035 59 34 the
498 2035 78 34 trial
598 2040 99 29 court
718 2035 103 34 could
843 2035 72 34 find
937 2036 85 34 such
1044 2036 146 43 liability
1212 2047 44 23 on
1277 2036 59 34 the
1358 2041 78 39 part
1458 2036 40 34 of

282 2084 187 43 appellant.
488 2084 75 34 The
580 2084 211 44 application
810 2084 54 35 for
882 2085 70 34 bail
971 2085 103 41 bond,
1093 2085 111 34 which
1223 2085 175 44 appellant
1417 2096 76 23 exeยญ

282 2133 114 41 cuted,
418 2133 155 44 provides
594 2134 34 34 in
649 2139 88 38 part:

498 2214 14 35 I
522 2214 134 35 further
665 2226 103 32 agree
777 2215 69 34 and
855 2215 212 35 understand
1076 2216 77 34 that
1162 2217 14 33 I
1186 2216 68 34 will
1263 2221 59 29 not
1331 2217 96 34 leave
1435 2217 59 34 the

402 2264 218 43 jurisdiction
644 2264 39 35 of
702 2265 59 34 the
783 2270 99 29 court
904 2265 145 35 without
1071 2265 59 35 the
1152 2265 202 44 permission
1377 2265 39 35 of
1435 2266 59 34 the

406 2313 204 41 bondsman;
638 2319 59 29 not
724 2315 144 33 commit
894 2326 68 32 any
988 2314 134 35 further
1148 2315 148 34 offenses
1322 2315 77 34 that
1425 2315 69 34 will

406 2363 134 43 subject
553 2374 56 24 me
621 2369 35 29 to
670 2375 67 32 any
749 2364 211 44 subsequent
972 2368 110 31 arrest
1094 2364 45 44 by
1152 2375 67 33 any
1232 2364 186 44 authority;
1432 2375 62 24 nor

406 2413 61 35 fail
478 2418 35 30 to
524 2424 66 33 pay
601 2425 67 32 any
678 2414 173 43 premium
860 2414 79 41 due;
949 2414 69 34 and
1029 2415 15 34 I
1054 2414 68 35 will
1132 2414 111 44 notify
1253 2415 173 44 promptly
1436 2425 58 33 my
