1676 2700
132 422 83 32 year
232 416 36 28 to
284 410 111 35 which
412 411 43 34 he
471 421 81 33 may
569 411 43 34 be
628 411 143 34 entitled
788 410 109 35 under
915 410 18 43 §
952 411 142 40 37-222,
1112 410 67 35 this
1196 410 151 35 decision

132 460 145 44 permits
296 461 73 34 him
386 465 36 29 to
440 461 82 34 take
540 460 196 43 advantage
753 460 39 35 of
808 460 53 34 his
879 460 161 35 ultimate
1058 470 160 25 recourse
1235 460 35 34 in
1289 460 60 35 the

134 510 132 35 federal
284 516 128 38 system
430 510 118 35 before
565 510 207 43 concluding
790 510 43 34 he
850 510 62 35 has
930 509 125 36 indeed
1073 510 173 34 “suffered
1264 521 83 24 non-

133 561 91 33 suit”
237 560 69 34 and
319 560 172 43 initiating
503 560 59 34 the
573 571 164 32 one-year
749 560 117 44 period
878 559 120 35 within
1009 559 113 35 which
1134 560 43 34 he
1188 565 92 29 must
1291 559 57 35 file

133 610 53 34 his
196 610 105 34 claim
312 610 34 34 in
357 621 43 24 an
410 611 179 34 Arkansas
599 615 99 29 court
708 621 37 23 or
756 610 132 34 forever
897 609 72 35 lose
978 610 60 34 the
1047 609 92 44 right
1149 615 35 29 to
1193 609 88 35 have
1290 609 59 35 the

134 660 119 34 merits
274 660 39 34 of
330 660 26 34 it
377 660 222 43 adjudicated
620 661 92 33 here.

1279 270 66 33 375

224 740 77 34 The
318 740 78 35 trial
414 740 128 35 court’s
560 740 153 35 decision
731 740 196 43 dismissing
945 741 59 34 the
1022 740 205 44 appellant’s
1245 740 104 35 claim

134 795 170 38 pursuant
318 795 35 30 to
367 791 84 33 Ark.
467 791 42 34 R.
526 790 74 35 Civ.
617 791 35 34 P.
672 790 159 43 12(b)(6)
847 791 28 34 is
889 790 169 41 reversed,
1073 790 69 35 and
1156 790 59 35 the
1228 801 79 24 case
1320 790 28 35 is

134 840 190 35 remanded
345 840 53 34 for
418 840 135 35 further
573 840 234 44 proceedings.

227 920 173 35 Reversed
421 921 68 34 and
510 920 200 35 remanded.

227 1001 160 40 Purtle,
408 1002 42 40 J.,
470 1006 61 29 not
550 1001 257 44 participating.

341 1286 157 35 Wendell
519 1286 151 35 JONES
692 1297 28 24 v.
742 1287 152 34 STATE
914 1286 39 35 of
970 1288 179 34 Arkansas

136 1365 66 35 CR
224 1367 129 33 85-118

1030 1368 67 33 705
1119 1367 143 35 S.W.2d
1283 1368 68 34 874

466 1446 171 44 Supreme
657 1446 111 36 Court
788 1446 39 35 of
843 1448 179 34 Arkansas

402 1496 152 44 Opinion
575 1496 172 35 delivered
768 1498 127 34 March
916 1498 56 40 24,
998 1498 87 34 1986
