1656 2685
316 393 185 43 testimony
516 398 35 29 to
567 392 59 35 the
641 391 240 45 pre-hypnotic
896 391 182 35 memories
1095 390 27 34 is
1137 389 205 36 warranted.
1358 389 75 35 The
1447 389 78 35 trial

316 448 99 29 court
428 453 69 24 was
512 442 100 35 faced
626 442 83 34 with
723 453 20 23 a
757 441 146 35 difficult
916 441 164 35 situation
1095 445 36 30 at
1145 440 75 35 best
1233 440 99 34 when
1346 439 180 45 presented

315 493 82 34 with
415 503 20 23 a
452 492 136 35 witness
606 492 75 34 who
698 491 69 35 had
785 491 86 35 been
888 490 207 45 hypnotized
1112 491 69 34 and
1199 491 58 34 the
1273 490 148 42 damage
1438 489 89 35 done

316 542 118 35 before
444 553 67 32 any
521 542 112 43 ruling
643 541 101 35 could
755 541 42 34 be
807 541 112 35 made.
931 542 65 33 We
1005 540 99 35 think
1113 540 59 34 the
1181 540 79 35 trial
1270 545 98 29 court
1377 539 82 34 took
1467 539 59 34 the

316 602 123 34 proper
462 602 121 24 course
606 592 34 34 in
665 591 42 34 its
732 591 112 44 ruling
869 591 68 35 and
961 601 67 33 any
1052 590 176 44 prejudice
1251 601 38 23 or
1312 589 213 44 deprivation

316 641 127 35 caused
459 647 35 28 to
509 642 176 43 appellant
701 641 34 34 in
751 641 67 34 this
834 652 79 23 case
928 651 69 24 was
1014 640 156 34 minimal
1186 639 68 35 and
1270 638 150 35 resulted
1436 638 90 35 from

316 692 61 34 her
388 702 75 23 own
475 691 131 35 actions
619 690 68 35 and
699 695 59 29 not
770 690 44 43 by
825 702 68 32 any
904 700 183 24 erroneous
1100 689 112 44 ruling
1223 689 39 35 of
1271 689 58 35 the
1340 693 108 30 court.
1462 689 65 34 We

316 752 65 23 can
402 740 70 35 find
493 752 43 23 no
555 740 164 35 violation
739 740 39 34 of
795 740 61 35 her
876 739 259 35 constitutional
1155 739 119 43 rights.

318 252 67 34 580

895 822 51 33 Ill

410 895 321 35 APPELLANT’S
752 895 364 34 OUT-OF-COURT
1135 894 297 34 STATEMENT

523 970 188 44 Appellant
721 969 127 42 alleges
859 979 93 24 error
963 969 34 34 in
1008 968 59 35 the
1077 968 79 34 trial
1167 968 127 34 court’s
1305 967 174 35 exclusion
1490 967 39 35 of

316 1031 20 23 a
347 1025 186 29 statement
543 1020 33 34 in
586 1030 20 24 a
617 1019 110 44 police
735 1019 144 34 officer’s
890 1024 125 39 report,
1025 1018 191 35 attributed
1225 1023 36 29 to
1271 1018 58 34 the
1339 1017 186 44 appellant,

316 1070 76 34 that
403 1069 60 35 she
474 1069 91 35 “had
576 1070 59 34 the
645 1080 69 32 gun
726 1069 34 34 in
771 1069 60 34 her
842 1069 92 35 hand
945 1068 68 35 and
1024 1069 26 34 it
1061 1073 90 29 went
1161 1069 83 34 off.”
1255 1068 75 35 The
1339 1072 187 30 statement

316 1131 69 24 was
409 1120 166 35 excluded
599 1131 37 24 as
660 1120 155 43 hearsay.
839 1119 188 45 Appellant
1050 1119 99 34 relies
1172 1130 44 24 on
1240 1118 96 36 Unif.
1362 1119 42 34 R.
1429 1118 95 35 Evid.

316 1170 138 43 801(d):

439 1244 212 35 Statements
674 1244 112 35 which
809 1255 59 24 are
890 1250 59 29 not
972 1244 155 43 hearsay.
1151 1246 34 32 A
1207 1249 187 29 statement
1416 1243 27 34 is
1466 1249 59 29 not

439 1294 145 44 hearsay
599 1294 37 35 if:
654 1294 54 43 (1)
725 1294 95 34 Prior
835 1299 186 30 statement
1037 1294 44 43 by
1096 1293 147 35 witness.
1259 1293 74 35 The
1347 1293 178 34 declarant

438 1344 142 34 testifies
602 1349 37 29 at
660 1344 59 34 the
740 1344 79 33 trial
841 1355 38 23 or
901 1344 142 42 hearing
1065 1343 69 34 and
1156 1343 27 34 is
1205 1343 134 43 subject
1361 1348 35 28 to
1417 1353 107 24 cross-

439 1393 233 34 examination
686 1393 206 43 concerning
905 1393 59 34 the
976 1397 197 36 statement,
1187 1392 68 34 and
1268 1392 59 34 the
1339 1397 186 29 statement

440 1442 27 34 is
484 1469 6 6 .
519 1470 6 6 .
553 1469 6 7 .
578 1442 55 42 (ii)
650 1442 187 34 consistent
852 1442 83 34 with
950 1442 52 34 his
1017 1442 186 43 testimony
1217 1441 69 35 and
1301 1442 28 33 is
1344 1440 131 35 offered
1490 1446 35 29 to

439 1491 99 34 rebut
554 1502 44 23 an
613 1501 137 33 express
766 1501 38 23 or
819 1490 141 44 implied
975 1491 128 41 charge
1118 1491 136 41 against
1270 1490 72 34 him
1357 1490 40 34 of
1409 1496 116 28 recent

439 1539 206 35 fabrication
665 1550 38 23 or
724 1539 172 44 improper
917 1540 169 33 influence
1106 1549 38 24 or
1164 1540 136 33 motive.
1329 1566 6 7 .
1363 1566 6 6 .

522 1614 90 34 Rule
640 1614 63 34 801
736 1613 81 34 does
845 1618 60 30 not
932 1613 132 34 sustain
1092 1612 59 35 the
1178 1618 194 38 argument,
1401 1623 37 23 as
1467 1612 59 35 the

315 1663 171 44 proffered
500 1668 186 30 statement
699 1662 82 35 does
794 1668 60 30 not
866 1674 99 24 come
978 1663 119 34 within
1111 1662 59 35 the
1182 1663 190 44 exception.
1388 1663 65 34 For
1466 1662 59 35 the

315 1713 74 34 rule
399 1718 35 29 to
445 1714 113 43 apply,
570 1713 59 35 the
639 1713 92 44 prior
741 1713 188 35 consistent
939 1717 187 31 statement
1137 1718 92 29 must
1240 1713 43 34 be
1293 1712 103 35 made
1407 1711 118 45 before

315 1774 20 24 a
356 1763 127 34 motive
502 1769 35 29 to
557 1763 118 44 falsify
695 1763 62 34 has
778 1763 122 35 arisen:

442 1837 68 43 [I]f
520 1838 58 35 the
592 1838 156 35 attacker
762 1838 62 34 has
838 1837 151 44 charged
1005 1838 84 40 bias,
1104 1837 152 42 interest,
1271 1842 140 39 corrupt
1424 1837 98 35 influ-

437 1898 94 31 ence,
544 1888 219 34 contrivance
775 1892 35 29 to
822 1887 129 44 falsify,
964 1898 37 23 or
1013 1892 93 29 want
1117 1886 40 35 of
1165 1887 160 44 capacity
1336 1892 35 29 to
1383 1887 141 35 observe

437 1948 38 23 or
496 1937 204 41 remember,
723 1937 58 34 the
802 1937 195 44 applicable
1018 1937 166 43 principle
1205 1937 28 34 is
1255 1937 77 34 that
1353 1937 58 34 the
1432 1937 91 43 prior

437 1987 187 34 consistent
635 1991 187 30 statement
834 1987 62 34 has
908 1997 44 24 no
964 1987 180 42 relevancy
1156 1992 35 29 to
1203 1986 113 35 refute
1327 1986 59 34 the
1397 1986 127 43 charge

437 2036 114 35 unless
560 2036 59 35 the
627 2036 187 34 consistent
823 2041 187 30 statement
1018 2047 70 23 was
1098 2036 103 35 made
1210 2036 119 35 before
1336 2036 60 34 the
1404 2046 120 25 source

437 2085 39 35 of
494 2086 59 34 the
573 2086 85 40 bias,
680 2086 152 40 interest,
854 2086 171 34 influence
1045 2096 38 24 or
1103 2085 196 44 incapacity
1320 2085 202 43 originated.

439 2136 229 34 McCormick
687 2146 44 23 on
752 2135 181 41 Evidence,
957 2136 17 42 §
996 2136 44 34 49
1064 2135 137 43 (1984).

403 2209 74 35 The
497 2221 96 23 same
612 2209 167 44 principle
798 2209 62 35 has
881 2210 87 34 been
989 2209 180 44 explained
1190 2210 34 34 in
1244 2210 99 34 other
1362 2209 121 35 words:

436 2283 106 35 Some
552 2284 169 34 decisions
733 2284 72 34 also
816 2284 154 35 mention
981 2284 77 34 that
1069 2280 59 38 the
1139 2284 187 35 consistent
1337 2288 186 30 statement

436 2333 123 35 should
569 2334 87 34 have
665 2333 86 35 been
762 2334 102 34 made
873 2333 119 35 before
1001 2333 59 35 the
1069 2333 137 35 witness
1216 2333 113 35 would
1339 2333 132 34 foresee
1480 2333 43 35 its

437 2383 103 35 effect
560 2394 91 33 upon
672 2384 59 34 the
751 2383 72 34 fact
843 2384 100 34 issue.
964 2382 65 42 Id.,
1050 2394 32 23 n.
1105 2384 55 33 24.
