1662 2689
310 404 154 34 between
482 404 89 34 June
592 404 27 39 1,
641 404 88 33 1984
746 402 67 34 and
831 403 89 34 June
940 404 28 38 1,
990 402 98 34 1987.
1106 401 85 34 Ark.
1209 401 89 35 Stat.
1316 402 92 33 Ann.
1428 401 16 42 ยง
1464 402 58 33 80-

310 455 92 33 4609
429 453 123 44 (Supp.
583 453 116 42 1985).
725 453 113 33 Those
862 452 151 34 districts
1038 452 76 34 that
1138 451 181 44 recognize
1342 451 77 34 that
1443 451 81 43 they

310 508 127 29 cannot
448 503 136 43 comply
595 502 83 35 with
689 502 59 34 the
760 513 72 23 new
844 501 183 35 standards
1039 513 59 23 are
1109 501 143 44 thereby
1263 501 99 43 given
1374 511 20 23 a
1405 501 119 34 choice

310 558 35 29 to
360 552 121 35 decide
496 552 82 34 with
593 552 112 34 which
721 551 176 44 adjoining
913 551 134 35 district
1062 551 81 43 they
1157 556 93 29 want
1265 556 35 29 to
1316 560 126 33 merge.
1460 551 65 33 We

311 603 152 43 recently
472 602 144 35 decided
626 603 77 34 that
711 602 85 34 Ark.
806 601 90 35 Stat.
907 602 91 34 Ann.
1011 601 17 42 ยง
1042 601 152 35 80-4609
1207 600 50 44 (c)
1269 601 27 34 is
1306 599 217 44 mandatory;

311 653 75 34 that
402 663 86 24 once
503 664 20 23 a
541 662 123 34 proper
680 652 143 44 petition
840 652 27 34 is
884 651 79 35 filed
980 656 169 39 pursuant
1165 656 35 29 to
1216 651 76 34 that
1307 650 141 41 section,
1466 650 58 34 the

310 708 127 37 county
449 702 107 34 board
568 702 27 34 is
607 702 144 34 without
762 701 184 35 discretion
958 706 35 29 to
1003 700 90 44 deny
1104 701 36 34 it.
1153 700 99 42 Loyd
1260 712 30 22 v.
1301 699 141 44 Knight,
1456 700 66 34 288

310 753 85 33 Ark.
418 753 79 39 474,
519 752 67 33 706
608 751 143 34 S.W.2d
773 752 65 33 393
863 750 137 43 (1986).

311 263 65 33 558

403 830 138 42 Having
553 840 44 23 no
608 840 122 23 reason
741 834 36 29 to
788 829 90 43 deny
889 829 59 34 the
958 828 156 43 petition,
1126 828 59 34 the
1196 829 178 33 Arkansas
1386 827 139 43 County

312 878 113 34 Board
446 879 39 33 of
503 878 193 34 Education
717 878 158 43 properly
895 878 146 42 granted
1062 878 59 33 the
1141 877 154 43 petition.

402 955 180 35 Affirmed.

403 1035 158 41 Purtle,
583 1035 42 40 J.,
647 1039 59 30 not
727 1033 254 45 participating.

406 1318 72 34 Jeff
495 1318 197 34 SHAVER
712 1316 68 35 and
801 1317 119 34 Eileen
940 1317 207 40 SHAVER,
1170 1315 171 35 Husband
1362 1316 69 34 and

665 1366 104 41 Wife,
791 1377 27 23 v.
842 1366 108 35 Mark
969 1366 205 34 VOWELL

313 1446 127 34 85-325

1204 1445 67 34 707
1293 1444 143 34 S.W.2d
1457 1444 68 33 772

640 1524 171 43 Supreme
831 1524 110 34 Court
961 1522 39 35 of
1017 1524 179 34 Arkansas

591 1573 152 43 Opinion
763 1573 172 35 delivered
955 1573 100 43 April
1077 1574 55 39 21,
1158 1573 87 34 1986
