1631 2692
309 414 150 41 Carroll,
480 414 54 35 for
554 414 185 45 appellant.

312 276 64 32 112

396 496 155 44 Stephen
573 497 37 34 C.
631 496 115 44 Sipes,
767 495 53 35 for
841 496 164 43 appellee.

398 578 154 33 Robert
568 579 45 33 H.
632 577 169 41 Dudley,
818 577 141 34 Justice.

976 577 178 44 Appellee,
1171 577 59 34 the
1245 576 272 35 Administrator

306 626 39 34 of
351 626 176 43 Adoption
537 626 154 35 Services
702 626 53 34 for
764 627 178 33 Arkansas
952 626 114 35 Social
1076 626 166 41 Services,
1253 626 79 35 filed
1342 637 20 23 a
1373 626 143 44 petition

307 675 33 34 in
360 676 143 42 probate
521 680 98 30 court
638 675 53 34 for
710 676 238 43 appointment
966 676 40 34 of
1021 686 20 23 a
1060 675 169 43 guardian
1248 675 82 34 with
1349 686 113 33 power
1480 680 36 29 to

306 730 141 29 consent
461 730 36 29 to
512 724 162 45 adoption
689 725 144 34 without
848 725 113 34 notice
975 730 45 36 to,
1036 735 38 24 or
1088 730 141 29 consent
1243 725 47 41 of,
1305 725 59 34 the
1378 725 136 35 natural

306 780 131 38 parent.
455 775 74 35 The
544 774 78 36 trial
639 780 98 29 court
753 775 145 43 granted
915 775 58 35 the
988 774 144 45 petition
1148 774 68 35 and
1233 774 207 36 terminated
1457 774 58 35 the

306 825 156 43 parental
483 825 107 43 rights
611 824 39 35 of
667 825 186 44 appellant.
876 826 64 34 We
960 825 123 35 affirm.

395 907 74 34 The
482 907 143 43 petition
638 906 146 43 alleged,
798 907 68 34 and
880 907 59 34 the
952 906 78 36 trial
1043 912 98 29 court
1155 906 120 42 found,
1288 907 76 35 that
1377 907 138 44 placing

306 956 96 34 three
420 956 40 34 of
475 956 204 44 appellant’s
698 956 217 43 illegitimate
933 955 154 36 children
1107 956 34 34 in
1160 956 61 35 her
1239 957 145 43 custody
1402 956 112 35 would

306 1005 88 34 raise
407 1016 20 23 a
441 1006 206 34 substantial
661 1005 70 34 risk
744 1005 39 35 of
793 1006 129 34 serious
936 1006 100 34 harm
1049 1010 35 29 to
1098 1006 59 34 the
1169 1006 165 34 children.
1349 1006 74 34 The
1436 1006 78 34 trial

305 1060 98 28 court
422 1055 128 34 recited
570 1055 97 34 three
685 1065 139 24 reasons
844 1055 53 34 for
916 1055 52 34 his
988 1054 161 35 decision.
1171 1055 95 34 Each
1285 1055 40 34 of
1340 1055 59 34 the
1418 1055 111 34 three.

305 1114 138 24 reasons
457 1104 201 34 constitutes
672 1115 20 23 a
705 1104 91 34 valid
810 1115 122 23 reason
945 1110 36 28 to
994 1109 101 38 grant
1108 1104 59 34 the
1180 1104 154 43 petition.
1347 1105 69 34 See
1428 1104 84 34 Ark.

304 1153 89 34 Stat.
421 1154 91 34 Ann.
543 1154 41 42 §§
615 1153 299 43 56-128(F)2.a.i.;
944 1153 241 43 56-128(F)3.;
1213 1154 68 34 and
1310 1153 201 43 56-128(H)

306 1202 123 44 (Supp.
463 1203 116 43 1985).
608 1203 74 34 The
709 1203 176 43 appellant
913 1202 165 36 contends
1106 1203 76 34 that
1210 1203 59 35 the
1296 1203 162 35 evidence
1485 1203 27 35 is

304 1252 206 35 insufficient
523 1258 35 29 to
570 1253 93 34 show
676 1252 76 35 that
764 1253 62 34 she
838 1253 27 34 is
878 1264 45 23 an
936 1254 87 34 unfit
1036 1253 145 34 mother.
1196 1254 64 33 We
1273 1253 113 35 affirm
1398 1264 44 24 on
1454 1253 59 34 the

303 1302 91 34 issue
406 1302 40 34 of
455 1302 59 34 the
527 1302 197 43 sufficiency
737 1302 39 34 of
786 1302 59 35 the
858 1302 171 40 evidence,
1044 1302 68 34 and
1126 1313 51 24 we
1189 1302 86 35 need
1289 1302 131 36 discuss
1433 1302 80 44 only

304 1361 65 24 one
377 1351 39 34 of
422 1352 59 34 the
489 1352 97 34 three
595 1362 138 24 reasons
741 1352 111 42 given,
861 1352 94 35 since
964 1363 67 33 any
1039 1362 66 24 one
1113 1351 40 35 of
1158 1352 95 35 them
1262 1352 28 35 is
1299 1352 170 35 sufficient
1478 1357 35 29 to

304 1401 128 43 uphold
453 1401 58 35 the
531 1402 122 42 ruling.

394 1482 77 35 One
491 1482 39 35 of
548 1483 58 35 the
626 1493 138 24 reasons
785 1483 98 43 given
905 1483 45 44 by
970 1483 59 35 the
1049 1483 79 35 trial
1148 1489 99 29 court
1267 1489 36 29 to
1323 1484 93 35 show
1436 1483 76 35 that

303 1532 175 43 appellant
490 1532 27 34 is
529 1533 86 34 unfit
626 1532 28 34 is
665 1532 76 34 that
753 1533 136 43 placing
901 1533 59 34 the
970 1532 154 36 children
1136 1533 34 34 in
1183 1533 58 34 the
1251 1534 145 43 custody
1406 1533 40 35 of
1454 1533 59 34 the

302 1581 176 43 appellant
496 1582 112 34 would
626 1582 89 34 raise
732 1593 20 23 a
770 1582 207 35 substantial
995 1582 70 38 risk
1082 1582 39 34 of
1135 1582 129 37 serious
1283 1583 100 35 harm
1400 1588 36 29 to
1453 1583 59 34 the

302 1631 154 34 children
470 1631 147 35 because
629 1631 59 34 the
700 1632 176 43 appellant
889 1632 27 34 is
930 1631 243 44 irremediably
1185 1632 127 36 unable
1324 1637 36 30 to
1372 1632 139 44 provide

302 1680 53 34 for
364 1681 59 33 the
431 1681 96 34 basic
535 1680 103 35 needs
648 1680 39 35 of
693 1681 59 34 the
759 1681 155 35 children
923 1692 79 24 over
1011 1692 45 24 an
1066 1681 168 35 extended
1244 1682 117 44 period
1370 1682 40 35 of
1415 1681 94 36 time.

301 1730 68 34 See
389 1730 84 34 Ark.
495 1730 88 35 Stat.
605 1731 91 34 Ann.
719 1730 18 42 §
761 1730 229 43 56-128(F)3.
1013 1730 124 44 (Supp.
1162 1730 117 44 1985).

392 1812 33 33 A
446 1821 177 34 summary
645 1811 39 34 of
702 1811 59 34 the
782 1811 122 44 family
926 1811 172 35 members
1120 1812 68 34 and
1209 1812 89 35 their
1319 1823 81 32 ages
1422 1812 27 35 is
1472 1823 38 23 as

301 1860 142 34 follows.
456 1861 74 34 The
541 1860 175 45 appellant
727 1872 70 23 was
809 1861 85 34 born
906 1872 44 24 on
961 1862 81 42 July
1053 1862 170 40 20,1964.
1237 1863 72 34 Her
1320 1862 74 35 first
1404 1861 104 43 child,

300 1910 133 40 Tichia,
443 1921 69 23 was
523 1910 84 35 born
617 1920 43 24 on
670 1910 80 44 July
764 1912 165 40 12,1976,
939 1922 20 24 a
970 1911 66 35 few
1045 1910 84 44 days
1139 1911 118 35 before
1265 1912 60 34 the
1333 1911 176 45 appellant

301 1959 147 35 reached
457 1960 61 34 her
527 1959 132 35 twelfth
669 1960 172 43 birthday.
851 1961 74 34 The
934 1960 154 44 putative
1096 1960 114 35 father
1219 1961 81 34 lives
1309 1962 34 34 in
1353 1962 156 42 Chicago

300 2008 68 35 and
383 2009 82 34 does
480 2015 59 28 not
554 2009 195 35 contribute
763 2015 36 29 to
813 2010 59 34 the
887 2010 121 34 child’s
1023 2015 152 38 support.
1191 2010 131 41 Tichia,
1339 2022 75 23 now
1429 2010 80 35 nine

299 2069 99 32 years
413 2058 68 41 old,
497 2070 69 23 was
582 2059 73 34 first
671 2058 121 44 placed
809 2059 34 34 in
859 2070 20 24 a
895 2059 106 35 foster
1017 2059 102 35 home
1133 2064 37 29 at
1185 2059 118 35 fifteen
1319 2059 137 36 months
1471 2059 40 35 of

299 2118 75 32 age,
387 2108 68 34 and
468 2119 75 23 now
555 2108 61 35 has
629 2108 88 34 lived
730 2108 34 34 in
776 2119 21 24 a
809 2108 106 35 foster
927 2109 102 37 home
1041 2108 53 35 for
1106 2119 79 24 over
1196 2120 101 24 seven
1308 2109 40 35 of
1356 2110 61 35 her
1428 2109 80 35 nine

300 2168 109 32 years.
432 2158 74 34 The
528 2157 125 36 second
675 2158 103 41 child,
802 2159 94 40 Visa,
919 2170 69 23 was
1012 2159 84 34 born
1119 2159 88 35 June
1230 2161 31 39 5,
1288 2161 99 40 1978,
1410 2159 98 35 when

300 2208 176 43 appellant
494 2219 69 23 was
582 2207 148 35 thirteen
749 2219 98 32 years
866 2208 67 35 old.
953 2209 75 34 The
1046 2209 154 43 putative
1217 2209 114 36 father
1350 2210 27 34 is
1397 2210 34 34 in
1450 2209 59 35 the

299 2257 230 44 penitentiary
543 2258 68 34 and
626 2257 81 35 does
722 2263 59 30 not
795 2258 196 35 contribute
1004 2264 36 29 to
1054 2258 58 35 the
1126 2264 141 39 support
1281 2259 39 35 of
1331 2259 59 35 the
1404 2258 103 36 child.

300 2307 82 34 Visa
396 2307 27 34 is
437 2318 75 23 now
526 2318 100 24 seven
640 2318 98 33 years
751 2307 57 35 old
822 2308 68 34 and
904 2308 62 35 has
979 2308 86 35 been
1079 2308 34 35 in
1127 2319 20 24 a
1161 2308 106 35 foster
1280 2309 103 35 home
1395 2309 53 35 for
1462 2309 46 34 all

299 2356 62 35 but
374 2357 51 34 six
439 2358 138 34 months
591 2357 39 35 of
641 2357 60 34 her
715 2357 70 35 life.
800 2358 75 34 The
888 2358 92 34 third
994 2357 103 41 child,
1113 2359 105 43 Mary
1232 2360 92 40 Ann,
1338 2370 70 23 was
1422 2358 86 35 born

299 2407 79 42 July
391 2408 172 40 23,1979,
576 2408 98 33 when
687 2408 176 42 appellant
875 2419 70 23 was
957 2408 130 34 fifteen.
1102 2409 73 33 Her
1187 2409 154 42 putative
1353 2408 115 35 father
1480 2408 28 34 is
