1656 2685
310 272 65 33 568

400 412 152 33 Putnam
575 412 30 33 &
627 409 214 44 Maglothin,
863 410 54 43 by:
938 411 83 33 E.E.
1044 408 204 44 Maglothin
1266 409 69 34 and
1354 410 170 41 Jennijfer

310 462 134 32 Morris
463 461 135 39 Horan,
620 460 53 34 for
693 459 187 44 appellant.

399 537 104 34 Steve
517 536 119 39 Clark,
651 536 99 43 Att’y
763 535 100 42 Gen.,
878 536 54 43 by:
948 535 95 35 Clint
1055 534 134 42 Miller,
1202 536 94 34 Asst.
1309 535 99 43 Att’y
1421 535 100 41 Gen.,

310 587 53 34 for
383 586 165 44 appellee.

400 663 119 35 Steel
541 665 115 39 Hays,
679 663 141 34 Justice.

844 663 189 44 Appellant
1055 673 69 24 was
1147 662 151 44 charged
1320 663 83 34 with
1425 673 96 24 man-

310 713 177 43 slaughter
501 713 53 34 for
568 713 59 34 the
641 713 79 43 July
735 714 31 39 2,
786 714 85 33 1983
887 713 159 42 shooting
1060 712 39 34 of
1110 712 61 35 her
1185 712 169 35 husband.
1369 712 71 35 She
1453 723 69 24 was

310 762 178 35 convicted
510 762 68 35 and
599 762 184 35 sentenced
804 767 36 30 to
860 768 58 29 ten
939 773 99 32 years
1059 762 263 43 imprisonment
1342 761 69 35 and
1431 762 92 34 fined

311 813 161 39 $10,000.

401 888 56 34 On
472 888 123 44 appeal
609 888 205 43 appellant’s
828 888 153 44 primary
994 893 184 37 argument
1192 888 149 34 revolves
1355 888 133 34 around
1502 899 20 23 a

310 937 164 44 hypnotic
485 938 128 34 session
625 937 193 35 conducted
830 938 91 44 prior
932 942 36 29 to
979 937 59 34 the
1048 937 90 34 trial.
1151 937 188 44 Appellant
1350 937 102 34 could
1464 942 59 30 not

310 987 193 34 remember
516 987 200 44 everything
729 987 107 35 about
848 987 59 34 the
919 987 158 43 shooting
1091 987 68 34 and
1171 987 146 34 without
1329 987 194 44 consulting

310 1037 59 34 the
391 1042 98 29 court
511 1048 62 23 nor
596 1037 186 42 informing
805 1036 59 35 the
886 1041 209 39 prosecutor,
1119 1036 61 35 her
1202 1042 158 38 attorney
1382 1036 98 35 hired
1502 1047 20 24 a

310 1087 221 43 psychiatrist
542 1092 36 29 to
588 1098 61 23 use
660 1086 162 44 hypnosis
833 1092 35 29 to
879 1086 125 35 induce
1015 1086 229 35 recollection.
1257 1086 125 35 Before
1393 1086 129 43 hypno-

310 1137 45 34 sis
377 1147 69 24 was
468 1136 125 44 begun,
615 1136 59 35 the
695 1136 231 44 psychiatrist,
949 1137 60 34 Dr.
1033 1137 122 43 Bettye
1177 1137 105 40 Back,
1304 1136 219 35 interviewed

310 1186 176 44 appellant
499 1187 53 34 for
564 1198 45 23 an
622 1186 97 35 hour.
734 1186 165 35 Included
912 1187 34 34 in
959 1186 76 35 that
1048 1186 174 35 interview
1234 1197 70 24 was
1317 1186 205 44 appellant’s

310 1236 218 35 recollection
542 1236 40 35 of
592 1237 59 34 the
664 1236 158 44 shooting
836 1237 92 44 prior
942 1242 35 29 to
990 1236 173 44 hypnosis.
1178 1237 59 34 No
1249 1236 99 35 video
1362 1247 38 24 or
1413 1236 110 35 sound

310 1286 180 43 recording
509 1298 69 24 was
597 1287 103 34 made
718 1286 39 35 of
771 1286 59 35 the
848 1287 242 44 pre-hypnotic
1107 1287 140 41 session,
1267 1286 62 35 but
1348 1287 60 34 Dr.
1429 1287 95 34 Back

311 1336 102 35 made
434 1336 230 36 handwritten
684 1342 96 29 notes
801 1337 39 35 of
857 1337 59 35 the
936 1336 139 35 session.

401 1414 74 33 The
501 1414 79 34 trial
607 1418 99 30 court
733 1413 96 34 ruled
856 1414 186 42 testimony
1068 1412 40 35 of
1131 1418 145 30 matters
1303 1412 149 35 recalled
1479 1414 45 43 by

311 1463 176 42 appellant
496 1463 68 34 due
573 1468 35 29 to
618 1462 161 44 hypnosis
789 1462 237 35 inadmissible
1035 1462 149 35 because
1192 1462 40 34 of
1237 1463 44 33 its
1290 1462 234 43 unreliability

310 1511 68 34 and
404 1512 148 34 because
576 1511 39 35 of
637 1512 60 33 the
721 1511 104 34 effect
849 1511 39 34 of
910 1511 162 44 hypnosis
1097 1521 44 24 on
1166 1511 355 35 cross-examination.

310 1561 189 43 Appellant
515 1572 70 23 was
603 1560 144 35 allowed
764 1565 35 30 to
816 1561 119 43 testify
952 1561 107 34 about
1075 1560 115 44 things
1207 1561 62 34 she
1285 1561 238 34 remembered

310 1610 92 43 prior
416 1615 35 29 to
466 1610 101 43 being
581 1610 179 43 subjected
774 1615 35 29 to
823 1610 173 44 hypnosis,
1011 1610 133 43 though
1157 1611 186 43 testimony
1357 1610 166 43 resulting

311 1660 90 34 from
412 1660 257 44 post-hypnotic
679 1659 198 44 suggestion
887 1671 71 24 was
969 1659 178 35 excluded.
1159 1661 66 34 We
1235 1660 130 34 believe
1375 1660 59 34 the
1444 1660 79 34 trial

310 1710 127 34 court’s
458 1710 112 43 ruling
591 1721 69 23 was
681 1714 142 30 correct.

909 1795 15 34 I

416 1871 384 34 HYPNOTICALLY
821 1871 287 34 REFRESHED
1128 1870 289 35 TESTIMONY

401 1947 188 43 Appellant
615 1947 119 34 makes
760 1951 67 29 two
853 1951 200 39 arguments
1079 1946 147 44 relating
1251 1952 36 29 to
1312 1946 60 35 the
1397 1947 126 34 court’s

310 1996 123 43 ruling:
455 1996 59 35 the
533 1996 234 44 hypnotically
787 1996 177 35 refreshed
983 1996 186 44 testimony
1188 1996 123 35 should
1331 1996 87 34 have
1436 1996 87 35 been

311 2046 180 40 admitted,
522 2046 68 35 and
620 2046 34 35 in
683 2046 59 34 the
771 2046 214 41 alternative,
1015 2057 84 23 even
1128 2046 177 43 assuming
1334 2045 76 35 that
1439 2046 84 34 such

310 2096 186 43 testimony
506 2097 27 33 is
544 2096 247 40 inadmissible,
802 2095 59 35 the
870 2096 80 34 trial
960 2101 99 29 court
1068 2106 70 24 was
1148 2095 131 44 unduly
1289 2095 190 35 restrictive
1488 2095 39 35 of

310 2145 205 44 appellant’s
535 2146 196 43 testimony.

524 2232 210 41 Divergence
754 2228 46 45 of
814 2230 150 44 Opinion
984 2240 45 24 on
1047 2228 263 44 Admissibility

403 2307 247 43 Hypnotically
669 2306 177 34 refreshed
865 2306 186 43 testimony
1069 2305 62 34 has
1151 2305 151 35 resulted
1321 2305 35 34 in
1376 2316 20 23 a
1415 2304 108 35 diver-

311 2366 107 33 gence
427 2355 39 35 of
472 2356 139 43 opinion
621 2367 38 23 as
669 2361 35 29 to
714 2356 43 33 its
767 2366 123 34 proper
899 2360 188 30 treatment
1097 2355 34 34 in
1141 2355 59 35 the
1209 2360 207 29 courtroom.
1428 2355 97 34 Most

311 2410 115 30 courts
441 2416 103 32 agree
558 2405 98 35 there
669 2405 28 34 is
712 2416 95 23 some
821 2405 158 35 inherent
993 2404 234 45 unreliability
1241 2405 35 34 in
1291 2404 233 44 hypnotically
