1640 2701
1263 292 42 33 73

197 729 154 34 William
365 730 42 32 R.
422 728 178 44 Simpson,
616 729 64 39 Jr.,
695 727 121 34 Public
830 726 186 41 Defender,
1032 726 69 34 and
1115 725 142 36 Donald
1269 727 40 33 K.

103 778 187 44 Campbell
299 780 63 38 III,
373 778 55 43 by:
439 777 164 35 Deborah
614 779 42 32 R.
667 776 168 44 Sailings,
847 778 139 42 Deputy
996 776 121 34 Public
1126 775 186 41 Defender,

102 828 54 34 for
176 828 186 44 appellant.

193 907 105 34 Steve
315 905 119 41 Clark,
451 906 99 43 Att’y
566 906 89 40 Gen,
671 905 55 44 by:
747 904 180 36 Theodore
942 904 147 41 Holder,
1106 905 93 34 Asst.
1216 904 98 43 Att’y

103 956 102 41 Gen.,
227 956 52 34 for
300 956 164 43 appellee.

196 1035 155 33 Robert
368 1035 44 32 H.
430 1034 171 40 Dudley,
618 1033 141 34 Justice.

777 1033 134 42 During
927 1032 60 34 the
1002 1032 70 34 late
1088 1032 143 43 evening
1247 1031 68 35 and

105 1084 95 43 early
211 1083 158 43 morning
380 1082 38 35 of
427 1083 194 34 December
632 1084 19 32 7
664 1082 69 35 and
746 1083 145 40 8,1984,
902 1082 60 34 the
972 1082 176 43 appellant
1158 1081 157 35 commit-

105 1132 58 35 ted
181 1139 67 28 two
265 1132 201 43 burglaries,
484 1144 45 23 an
546 1132 212 43 aggravated
775 1132 140 40 assault,
933 1143 20 23 a
971 1131 147 43 battery,
1136 1142 20 24 a
1173 1131 142 43 kidnap-

105 1182 93 43 ping,
212 1182 68 35 and
293 1193 20 23 a
326 1192 92 33 rape,
432 1181 119 35 before
563 1181 218 43 committing
793 1181 59 35 the
864 1181 164 43 burglary
1040 1180 68 35 and
1120 1181 59 34 the
1191 1180 125 35 second

105 1232 126 43 degree
248 1232 136 43 battery
400 1231 112 35 which
530 1243 60 23 are
606 1242 44 23 on
667 1231 123 43 appeal
808 1230 34 35 in
859 1231 68 34 this
944 1241 89 24 case.
1051 1230 75 34 The
1142 1230 175 44 appellant

106 1281 166 35 contends
285 1282 59 34 the
356 1281 161 35 evidence
528 1282 35 33 in
575 1282 59 33 the
646 1286 67 29 two
725 1291 95 24 cases
832 1291 44 24 on
888 1280 124 44 appeal
1024 1280 28 34 is
1065 1280 206 34 insufficient
1282 1284 36 30 to

106 1337 144 38 support
266 1332 59 34 the
341 1331 219 35 convictions.
579 1332 65 33 We
660 1330 71 35 find
748 1341 43 23 no
808 1331 101 34 merit
925 1330 35 34 in
976 1330 60 34 the
1051 1335 183 37 argument
1250 1329 68 35 and

107 1381 114 35 affirm
242 1381 83 35 both
342 1380 200 44 judgments
563 1381 39 34 of
619 1380 203 35 conviction.

201 1461 39 33 In
253 1460 59 34 the
325 1459 93 43 early
430 1460 144 42 evening
586 1459 40 34 of
636 1459 193 34 December
842 1459 149 41 7,1984,
1003 1459 109 42 Terry
1123 1458 115 34 Nolen
1251 1457 69 35 and

108 1509 52 34 his
174 1509 90 41 wife,
279 1510 88 43 Kay,
381 1514 90 29 went
484 1509 169 44 shopping
667 1508 68 35 and
749 1508 81 35 then
845 1508 162 35 returned
1020 1513 36 29 to
1068 1507 89 35 their
1170 1508 102 34 home
1285 1507 34 35 in

108 1565 84 29 west
215 1559 105 35 Little
343 1559 97 35 Rock
461 1560 114 34 where
597 1559 82 44 they
701 1558 184 36 decorated
907 1558 90 35 their
1019 1558 195 35 Christmas
1236 1563 83 36 tree,

108 1610 163 44 wrapped
284 1614 164 40 presents,
462 1615 61 38 put
535 1610 90 34 their
637 1608 155 36 children
804 1613 36 31 to
852 1608 77 42 bed,
943 1608 68 35 and
1024 1608 112 44 began
1148 1608 172 43 watching

109 1660 59 36 the
178 1661 70 35 late
259 1660 110 35 movie
379 1671 43 24 on
433 1660 188 35 television.
633 1659 115 35 While
758 1659 34 34 in
802 1660 59 34 the
870 1659 67 35 den
947 1658 173 44 watching
1130 1659 59 35 the
1199 1658 121 41 movie,

109 1711 60 35 the
184 1712 133 34 Nolens
332 1710 109 35 dozed
457 1710 59 35 off.
533 1712 49 33 At
598 1710 68 35 this
681 1710 95 40 time,
792 1710 172 35 unknown
979 1715 36 29 to
1030 1709 59 35 the
1104 1709 143 41 Nolens,
1263 1709 59 34 the

110 1762 177 43 appellant
315 1771 70 24 was
413 1760 187 43 beginning
629 1760 52 34 his
710 1770 165 33 rampage
903 1760 34 34 in
966 1760 59 34 the
1053 1759 267 43 neighborhood.

110 1811 193 34 Sometime
312 1811 154 33 between
480 1811 100 33 12:30
591 1810 69 34 and
673 1811 76 32 1:00
760 1820 91 30 a.m.,
862 1810 81 42 they
952 1820 90 23 were
1051 1809 187 34 awakened
1247 1809 45 42 by
1302 1819 20 23 a

110 1860 105 34 noise.
230 1860 98 42 They
342 1859 122 34 looked
477 1870 47 32 up
538 1859 69 34 and
621 1870 70 22 saw
705 1869 20 23 a
740 1869 81 24 man
835 1858 161 42 standing
1010 1858 35 34 in
1059 1858 94 33 front
1165 1858 39 34 of
1215 1858 105 34 them.

112 1909 65 34 His
197 1909 81 34 blue
294 1909 99 42 jeans
413 1919 89 23 were
521 1907 217 35 unbuttoned
759 1912 36 29 at
813 1908 60 34 the
891 1907 109 40 waist,
1021 1906 69 35 and
1110 1907 59 34 the
1188 1907 45 43 fly
1252 1917 70 23 was

111 1958 163 44 partially
298 1957 182 44 unzipped.
505 1958 75 34 The
604 1957 166 41 intruder,
795 1957 187 44 appellant,
1007 1967 102 24 never
1133 1957 105 43 spoke
1261 1956 62 34 but

112 2008 176 35 motioned
305 2008 52 34 for
372 2008 108 43 Terry
494 2008 116 34 Nolen
626 2013 36 29 to
677 2018 43 32 go
736 2007 71 34 into
822 2007 59 35 the
896 2007 150 34 kitchen.
1062 2006 116 35 Nolen
1194 2005 129 36 started

112 2058 133 35 toward
255 2058 59 35 the
324 2057 138 35 kitchen
472 2058 99 34 when
581 2057 176 44 appellant
767 2056 154 44 grabbed
931 2057 73 34 him
1013 2056 45 44 by
1068 2056 59 34 the
1136 2056 91 44 right
1237 2067 86 30 arm,

113 2108 125 35 turned
260 2108 72 34 him
353 2107 143 42 around,
518 2107 69 35 and
608 2107 51 34 hit
681 2107 72 34 him
773 2117 44 24 on
838 2107 59 34 the
917 2106 74 35 side
1010 2106 40 35 of
1067 2106 60 34 the
1147 2106 88 41 face,
1256 2105 68 35 and

113 2158 157 34 knocked
293 2157 51 34 his
368 2157 127 43 glasses
518 2157 59 34 off.
601 2157 189 43 Appellant
813 2157 50 34 hit
886 2156 72 35 him
981 2156 114 43 again,
1118 2156 69 34 and
1210 2155 114 35 Nolen

113 2207 132 35 started
254 2213 36 29 to
299 2207 86 43 fight
395 2207 98 34 back.
504 2207 116 34 Nolen
629 2205 138 36 tackled
776 2205 59 35 the
844 2206 187 44 appellant,
1042 2204 68 35 and
1120 2205 34 35 in
1163 2216 38 24 so
1209 2205 115 43 doing,

113 2257 117 35 Nolen
242 2257 106 34 broke
359 2257 52 34 his
423 2257 153 43 kneecap
587 2267 44 24 on
643 2256 59 35 the
713 2255 67 35 den
791 2255 95 36 floor.
898 2255 190 44 Appellant
1098 2254 83 36 then
1192 2266 62 23 ran
1265 2259 60 30 out

113 2306 40 35 of
167 2308 60 34 the
245 2307 145 35 Nolen’s
408 2307 107 34 house
532 2306 69 35 and
619 2317 70 24 was
707 2305 167 45 captured
892 2317 20 23 a
931 2305 95 35 short
1044 2304 155 35 distance
1217 2315 107 33 away.

346 2385 189 44 Appellant
549 2396 124 33 argues
688 2384 77 35 that
779 2384 59 35 the
852 2384 162 35 evidence
1029 2384 27 34 is
1071 2383 207 35 insufficient
1292 2388 35 29 to

115 2437 133 34 sustain
270 2436 60 34 the
351 2436 192 34 conviction
566 2435 53 35 for
642 2434 126 36 second
790 2434 124 44 degree
936 2435 147 42 battery.
1106 2433 74 35 The
1202 2433 125 35 second
