1668 2700
255 401 146 35 dubious
423 401 143 44 quality.
589 403 51 33 As
662 412 20 23 a
703 402 260 34 constitutional
984 401 168 44 principle
1172 402 82 34 then
1276 402 68 35 this

255 457 98 28 court
364 451 125 44 simply
499 451 89 34 finds
600 452 77 34 that
688 451 211 44 petitioner’s
911 451 68 34 due
989 461 137 34 process
1137 457 207 37 guarantees

256 511 89 24 were
354 505 59 30 not
422 500 190 43 abrogated
622 501 45 43 by
676 501 59 34 the
744 500 79 35 trial
832 501 127 35 court’s
969 501 130 35 refusal
1108 506 35 30 to
1152 501 126 44 permit
1287 501 59 34 the

256 550 189 35 defendant
457 556 35 29 to
504 551 108 34 relate
624 550 52 36 his
688 556 93 39 story
793 550 109 36 under
913 550 173 45 hypnosis.
1101 549 199 45 Greenfield
1309 555 36 30 at

260 601 162 34 1120-21.

1275 261 67 34 579

224 687 39 33 In
282 687 103 34 State
401 697 30 23 v.
450 686 161 41 Atwood,
630 697 120 33 supra,
770 697 20 23 a
809 686 190 35 defendant
1017 686 152 44 charged
1186 687 83 34 with
1287 686 60 35 the

133 736 140 34 murder
285 735 40 34 of
334 736 53 34 his
398 735 80 35 wife
490 736 70 34 had
572 747 45 23 no
629 736 219 35 recollection
860 736 39 35 of
908 736 60 34 the
979 741 101 30 event
1092 737 69 34 and
1173 736 103 35 made
1287 736 60 34 the

133 785 164 35 identical
308 791 192 38 argument.
512 785 75 35 The
594 785 153 36 Atwood
754 791 98 29 court
862 785 70 35 had
942 791 59 29 not
1011 786 193 44 previously
1213 785 132 36 consid-

133 835 81 34 ered
227 835 59 35 the
299 835 160 44 hypnosis
472 835 156 44 problem
641 835 69 35 and
723 835 103 35 made
837 847 20 23 a
870 835 132 44 finding
1014 847 44 24 on
1071 836 77 35 that
1160 835 90 35 issue
1261 836 84 41 first,

134 885 154 43 aligning
298 884 95 36 itself
399 885 82 35 with
490 885 99 35 those
594 885 236 44 jurisdictions
839 885 113 35 which
961 885 145 35 exclude
1114 886 234 44 hypnotically

134 934 178 35 refreshed
341 935 195 43 testimony.
566 936 75 34 The
670 941 98 29 court
797 935 82 35 then
908 935 94 35 dealt
1031 935 83 35 with
1144 936 203 43 appellant’s

133 985 261 34 constitutional
414 985 92 43 right
525 990 36 29 to
581 985 119 44 testify
721 985 34 35 in
775 985 52 34 his
848 985 128 35 behalf.
999 985 120 44 Citing
1139 985 208 44 Greenfield,

134 1045 121 33 supra,
273 1035 59 34 the
348 1035 151 35 Atwood
513 1040 100 29 court
629 1034 145 36 decided
792 1035 26 34 it
834 1046 70 24 was
922 1040 59 30 not
998 1035 160 44 required
1175 1040 36 30 to
1228 1041 121 38 accept

134 1085 85 34 such
231 1084 196 44 testimony,
439 1095 83 24 even
534 1084 30 35 if
572 1085 27 34 it
610 1096 70 23 was
692 1085 45 35 all
749 1085 59 35 the
818 1085 190 35 defendant
1019 1085 80 41 had,
1111 1085 119 44 noting
1241 1086 26 34 it
1278 1096 69 24 was

134 1139 61 30 not
221 1134 160 44 required
405 1139 37 30 to
467 1135 146 44 “accept
639 1134 162 36 evidence
826 1135 38 35 of
887 1135 181 35 uncertain
1093 1136 102 35 value
1218 1136 77 35 that
1320 1136 28 34 is

134 1184 183 35 otherwise
335 1185 206 44 completely
559 1185 328 36 uncorroborated.”
906 1185 75 35 The
998 1191 99 30 court
1116 1185 79 36 held
1214 1186 59 35 the
1290 1185 57 35 de-

135 1234 175 35 fendant’s
330 1235 259 35 constitutional
609 1235 110 43 rights
739 1246 89 24 were
848 1240 59 30 not
926 1235 161 35 violated.

321 1322 65 33 We
398 1321 99 34 think
508 1321 60 34 the
580 1332 97 24 same
688 1321 182 43 reasoning
883 1321 132 44 applies
1027 1321 92 35 here.
1132 1321 217 44 Appellant’s

135 1370 187 44 testimony
341 1381 69 24 was
429 1370 180 35 restricted
629 1371 80 43 only
729 1371 45 44 by
793 1371 102 41 what,
916 1371 34 34 in
970 1371 115 41 effect,
1105 1382 60 24 are
1183 1371 165 35 standard

136 1420 91 34 rules
240 1419 39 35 of
288 1420 171 35 evidence.
472 1420 75 35 The
559 1421 179 43 probative
749 1420 100 35 value
861 1421 40 34 of
909 1421 59 34 the
980 1421 173 44 proffered
1165 1421 185 44 testimony

135 1469 28 34 is
173 1470 249 44 questionable,
433 1481 38 24 as
480 1481 52 24 we
540 1470 89 35 have
638 1481 91 30 seen,
740 1471 62 34 but
811 1470 35 35 in
856 1482 68 32 any
933 1481 90 31 case,
1034 1471 26 34 it
1070 1471 27 34 is
1107 1471 243 44 substantially

135 1519 219 43 outweighed
368 1519 44 44 by
426 1520 59 34 the
498 1520 100 35 other
611 1520 273 35 considerations
897 1520 188 36 discussed.
1101 1522 66 34 We
1179 1526 81 30 note
1273 1521 77 35 that

135 1570 179 44 appellant
331 1581 69 24 was
418 1570 34 35 in
471 1581 20 24 a
509 1569 56 35 far
583 1570 112 35 better
713 1570 147 44 position
878 1571 84 35 than
981 1570 110 36 either
1108 1570 189 36 defendant
1315 1571 34 34 in

134 1619 154 36 Atwood
300 1631 38 23 or
354 1619 199 45 Greenfield
565 1621 77 34 who
657 1620 70 35 had
742 1631 44 24 no
801 1621 185 43 testimony
1000 1626 36 30 to
1051 1621 87 34 offer
1152 1621 98 35 other
1265 1621 84 35 than

135 1669 175 44 hypnosis,
327 1670 34 34 in
377 1669 76 35 that
469 1671 61 34 she
544 1681 70 24 was
631 1670 144 35 allowed
791 1675 35 30 to
842 1671 108 34 relate
964 1671 60 34 the
1039 1671 185 35 substance
1238 1671 38 35 of
1288 1672 62 34 her

134 1720 135 34 version
286 1719 40 34 of
339 1720 59 34 the
414 1719 159 44 shooting
589 1725 36 29 to
641 1720 60 34 the
713 1720 91 43 jury,
821 1720 112 35 which
950 1720 61 35 she
1027 1720 69 35 had
1113 1721 236 35 remembered

135 1769 93 43 prior
241 1774 36 29 to
291 1769 171 44 hypnosis.
477 1770 219 43 Appellant’s
709 1770 142 35 defense
863 1781 70 24 was
946 1770 77 35 that
1036 1770 60 35 the
1108 1771 158 43 shooting
1279 1781 70 24 was

136 1829 45 24 an
194 1819 159 35 accident
365 1819 68 35 and
446 1820 68 34 this
526 1819 62 35 she
599 1830 70 25 was
681 1820 79 35 able
771 1825 36 29 to
819 1820 208 44 adequately
1039 1820 95 44 relay
1145 1826 36 29 to
1192 1820 59 35 the
1258 1821 91 43 jury.

136 1869 72 35 She
222 1869 150 35 testified
387 1869 76 35 that
478 1870 61 34 she
553 1870 69 34 and
638 1869 61 35 her
714 1869 159 36 husband
888 1881 90 24 were
992 1871 209 44 quarreling,
1217 1871 76 35 that
1308 1870 43 35 he

136 1919 134 44 pushed
281 1919 61 35 her
354 1919 136 43 against
500 1919 61 35 the
569 1919 91 41 wall,
671 1920 78 35 that
760 1920 61 35 she
830 1920 138 35 wanted
978 1925 37 30 to
1025 1921 97 34 leave
1132 1921 149 35 because
1290 1920 62 35 she

136 1979 71 24 was
218 1968 207 43 frightened,
437 1969 68 35 and
516 1969 61 34 her
587 1969 160 35 husband
757 1970 165 34 wouldn’t
932 1970 47 34 let
989 1970 61 35 her
1060 1980 54 33 go.
1126 1970 70 34 She
1206 1970 74 35 said
1290 1970 61 34 her

136 2018 190 34 husband’s
338 2018 162 34 behavior
511 2018 78 34 that
599 2019 99 41 night
709 2029 70 24 was
790 2019 159 40 unusual,
962 2019 68 34 and
1042 2019 59 33 the
1112 2019 158 43 shooting
1281 2030 70 23 was

137 2077 45 23 an
195 2066 171 41 accident,
379 2067 76 34 that
468 2068 61 33 she
540 2067 112 34 didn’t
664 2078 103 24 mean
780 2072 35 29 to
827 2067 45 34 do
884 2068 27 34 it
923 2068 69 33 and
1005 2068 77 34 that
1094 2068 61 34 she
1167 2068 112 34 would
1292 2073 60 29 not

136 2115 243 44 intentionally
399 2115 80 35 hurt
498 2116 62 34 her
580 2116 170 35 husband.

229 2201 40 34 In
290 2201 122 44 reality
432 2201 144 44 nothing
596 2212 70 24 was
687 2201 167 36 excluded
874 2202 76 35 that
970 2201 113 36 would
1103 2202 88 35 have
1210 2202 86 35 been
1316 2201 40 35 of

137 2251 105 34 much
264 2251 189 35 assistance
474 2256 36 30 to
531 2251 187 45 appellant,
741 2262 37 25 or
800 2251 113 36 would
934 2252 87 35 have
1042 2252 163 44 enlarged
1226 2263 44 24 on
1291 2252 61 35 her

136 2301 188 44 testimony
348 2307 36 30 to
408 2312 68 34 any
500 2301 197 44 significant
721 2302 134 44 degree.
881 2303 70 34 Yet
976 2302 99 44 given
1099 2302 60 35 the
1183 2302 170 36 available

138 2351 226 36 information
378 2362 43 24 on
436 2352 60 35 the
509 2352 104 35 effect
627 2352 40 36 of
678 2352 162 45 hypnosis
855 2352 68 35 and
938 2353 59 35 the
1011 2353 183 35 attendant
1208 2352 144 36 difficul-

138 2401 64 35 ties
221 2401 40 35 of
276 2402 85 34 such
380 2402 196 44 testimony,
596 2403 59 34 the
674 2403 118 34 state’s
811 2402 112 35 desire
941 2408 35 29 to
995 2403 135 34 confine
1148 2403 205 43 appellant’s
