1632 2696
104 401 112 43 might
234 400 139 35 murder
392 400 60 34 her
470 411 37 23 so
525 400 82 43 they
625 399 102 34 could
746 399 80 43 “get
843 409 44 24 on
905 398 83 34 with
1006 398 90 34 their
1113 397 116 41 lives,”
1249 396 68 35 and

104 450 127 43 agreed
249 451 77 33 that
345 450 154 34 Michael
517 449 113 34 would
649 449 59 34 kill
727 449 87 33 Mrs.
833 448 164 34 Taulbee.
1017 449 56 32 He
1091 458 99 23 came
1207 451 35 30 to
1260 446 59 34 the

104 500 156 34 Taulbee
275 500 117 34 trailer
407 500 70 33 late
492 504 36 29 at
543 499 98 43 night
656 498 83 34 with
754 509 21 23 a
790 508 70 33 gun
874 497 185 43 belonging
1075 502 35 29 to
1125 496 52 34 his
1192 496 125 34 father.

106 550 157 34 Michael
278 549 72 35 told
366 550 87 33 Mrs.
469 548 155 35 Taulbee
638 548 98 34 there
750 559 70 23 was
835 558 95 24 some
944 547 136 34 trouble
1095 551 37 30 at
1146 546 52 34 his
1213 546 107 34 house

106 600 69 34 and
186 600 102 34 while
299 599 81 43 they
390 598 177 35 discussed
577 598 60 35 the
648 603 127 29 matter
786 598 43 34 he
840 597 77 35 shot
928 597 61 34 her
1000 597 35 34 in
1045 596 60 35 the
1115 596 91 34 back
1215 595 39 35 of
1261 595 60 35 the

106 649 101 35 head.
220 649 155 34 Michael
386 648 67 35 and
464 648 137 35 Brenda
612 648 63 34 left
684 648 60 34 the
753 647 117 35 trailer
879 647 63 34 but
952 646 163 35 returned
1124 646 90 34 after
1224 657 20 23 a
1255 645 65 34 few

107 700 151 34 minutes
281 704 35 29 to
339 710 56 23 see
417 698 29 35 if
466 699 88 34 Mrs.
577 698 156 35 Taulbee
754 708 70 24 was
847 697 68 34 still
938 697 98 34 alive.
1061 695 155 36 Michael
1239 695 82 35 then

107 749 193 44 proceeded
326 754 35 29 to
386 749 98 34 shoot
511 749 88 33 Mrs.
625 748 155 34 Taulbee
805 747 87 34 until
918 747 59 34 the
1002 757 70 33 gun
1097 757 70 23 was
1193 750 127 39 empty.

109 799 157 34 Michael
283 798 68 35 and
369 798 135 35 Brenda
521 797 160 45 disposed
697 797 39 35 of
749 798 59 33 the
824 797 140 34 murder
980 807 142 33 weapon
1139 795 68 35 and
1224 800 98 39 spent

108 849 132 35 several
256 849 104 34 hours
375 848 160 43 deciding
551 848 76 34 how
643 853 36 29 to
694 847 141 35 conceal
850 847 89 34 their
955 846 244 44 participation
1214 845 35 35 in
1264 845 60 34 the

110 899 150 34 murder.
275 898 112 35 When
400 898 147 43 initially
559 897 203 45 questioned
774 897 45 44 by
831 897 120 44 police,
965 896 137 35 Brenda
1114 895 138 44 relayed
1265 895 59 35 the

110 954 94 38 story
224 949 61 34 she
305 948 68 35 and
394 948 156 35 Michael
571 947 69 35 had
661 947 148 35 devised.

1271 256 44 34 79

295 1019 75 34 The
382 1019 208 34 seriousness
605 1018 69 35 and
685 1018 154 34 violence
851 1017 39 35 of
899 1017 69 34 this
981 1017 108 34 crime
1101 1016 111 43 might
1225 1016 100 34 alone

111 1070 43 34 be
163 1069 172 34 sufficient
344 1074 35 29 to
389 1069 132 34 sustain
530 1068 60 34 the
599 1068 130 34 refusal
738 1073 36 29 to
783 1067 149 35 transfer
942 1072 36 29 to
983 1066 152 44 juvenile
1144 1071 108 36 court,
1263 1066 62 34 but

111 1119 239 43 additionally,
368 1119 97 34 there
482 1129 70 24 was
570 1129 45 23 no
632 1118 196 43 significant
846 1117 153 43 showing
1017 1127 44 24 on
1078 1115 121 36 behalf
1213 1115 39 35 of
1267 1116 59 34 the

112 1169 194 44 appellants
320 1168 52 35 for
385 1169 58 34 the
456 1173 176 39 prospects
644 1167 40 35 of
693 1167 268 35 rehabilitation.
975 1166 121 35 Under
1108 1166 60 35 the
1180 1166 145 34 circum­

112 1224 137 29 stances
259 1219 59 34 the
328 1218 78 35 trial
416 1218 127 35 court’s
553 1218 186 34 discretion
749 1218 35 34 in
794 1217 154 43 refusing
957 1222 36 29 to
1003 1216 150 35 transfer
1162 1216 59 34 the
1230 1227 95 23 cases

112 1280 71 23 was
204 1274 60 29 not
284 1268 140 35 abused.

298 1339 75 34 The
386 1339 177 43 appellant
577 1349 102 32 urges
693 1338 98 34 there
804 1338 27 34 is
846 1348 45 23 no
905 1337 196 43 “analysis”
1117 1336 45 44 by
1176 1336 59 34 the
1248 1336 79 34 trial

113 1394 100 30 court
228 1389 35 34 in
279 1389 163 43 reaching
457 1389 43 34 its
516 1388 209 35 conclusion.
742 1388 112 34 There
869 1387 28 34 is
912 1398 44 23 no
972 1386 233 45 requirement
1220 1386 34 34 in
1269 1386 60 34 the

114 1445 57 29 act
181 1439 78 35 that
269 1450 20 23 a
300 1444 185 29 statement
495 1438 39 35 of
541 1449 140 24 reasons
692 1438 43 34 be
744 1438 111 43 given,
866 1448 83 24 even
960 1448 48 30 so,
1019 1437 60 35 the
1087 1436 120 35 record
1218 1436 109 35 shows

114 1489 60 35 the
194 1489 204 34 foundation
418 1488 39 35 of
474 1489 59 34 the
553 1488 128 35 court’s
701 1488 131 43 finding
852 1487 69 35 and
941 1487 157 44 provides
1118 1498 21 23 a
1159 1486 169 35 sufficient

114 1539 93 35 basis
228 1539 54 35 for
302 1539 132 34 review.
457 1539 31 34 It
508 1539 28 34 is
557 1538 93 35 clear
670 1538 137 43 enough
827 1538 59 34 the
905 1537 80 35 trial
1006 1542 99 30 court
1124 1536 109 35 found
1253 1536 76 35 that

114 1589 164 34 evidence
288 1589 35 34 in
333 1594 142 38 support
485 1588 40 34 of
532 1588 59 34 the
601 1588 132 34 motion
744 1593 35 29 to
789 1587 150 35 transfer
949 1587 59 34 did
1018 1592 60 29 not
1088 1586 172 43 outweigh
1271 1586 59 34 the

115 1639 210 34 seriousness
345 1638 38 34 of
400 1638 60 34 the
479 1638 142 34 offense.
643 1637 155 43 Quoting
819 1636 90 35 from
929 1637 60 34 the
1008 1636 131 34 record:

240 1721 75 34 The
333 1721 110 34 Court
458 1720 73 44 just
550 1720 84 35 feels
653 1720 77 34 that
748 1720 90 34 after
857 1719 217 43 considering
1092 1719 59 34 the
1169 1718 161 35 evidence

241 1771 69 34 and
331 1771 59 34 the
410 1770 90 35 facts
522 1770 34 34 in
578 1770 68 34 this
667 1780 80 24 case
767 1770 77 34 that
865 1781 20 23 a
906 1769 129 43 charge
1055 1769 39 34 of
1112 1769 74 34 first
1206 1768 125 43 degree

241 1820 140 35 murder
392 1831 37 24 as
441 1820 176 34 indicated
628 1820 46 43 by
684 1820 59 34 the
754 1819 89 35 facts
854 1819 35 35 in
900 1819 68 35 this
979 1830 80 23 case
1070 1819 28 34 is
1109 1824 60 29 not
1179 1829 65 24 one
1254 1818 77 35 that

242 1870 122 34 should
382 1870 42 34 be
441 1870 95 34 dealt
552 1870 83 34 with
653 1870 45 43 by
715 1870 59 34 the
791 1869 156 34 Juvenile
963 1874 109 29 court.
1092 1869 111 42 Many
1220 1867 39 35 of
1273 1868 59 34 the

243 1925 143 29 matters
397 1920 76 33 that
483 1920 88 33 have
581 1919 88 34 been
679 1918 183 43 suggested
873 1919 45 42 by
928 1919 60 33 the
998 1923 194 38 attorneys.
1220 1945 6 6 .
1254 1944 6 7 .
1273 1928 59 23 are

243 1974 143 29 matters
396 1969 77 34 that
483 1969 60 33 the
553 1969 111 33 Court
675 1968 84 34 feels
769 1978 65 24 can
844 1968 160 43 properly
1013 1967 44 34 be
1066 1966 104 35 made
1179 1972 35 28 to
1225 1977 20 23 a
1252 1966 80 43 jury

243 2018 54 34 for
308 2018 43 34 its
363 2017 264 35 consideration.
665 2044 7 7 .
700 2044 7 7 .
735 2044 6 7 .
754 2017 75 34 The
840 2017 110 34 Court
962 2017 27 33 is
1002 2016 103 43 going
1117 2021 35 29 to
1164 2015 81 35 hold
1256 2015 76 34 that

243 2067 216 43 considering
473 2067 46 34 all
532 2067 60 34 the
605 2066 89 35 facts
708 2066 39 35 of
757 2066 67 35 this
837 2071 139 36 matter,
990 2065 69 35 and
1072 2065 54 35 for
1139 2065 59 35 the
1210 2070 123 29 nature

244 2117 39 35 of
300 2117 59 35 the
379 2117 138 43 charge,
538 2117 77 34 that
636 2117 68 34 this
725 2117 28 34 is
773 2127 21 24 a
814 2127 80 24 case
913 2116 115 34 where
1048 2116 59 34 the
1127 2114 205 36 defendants

244 2167 123 35 should
387 2167 43 35 be
450 2167 150 43 brought
620 2172 36 29 to
675 2167 80 34 trial
775 2166 119 35 before
914 2177 20 23 a
954 2166 124 34 circuit
1097 2170 109 30 court.

211 2252 51 33 As
287 2251 60 34 the
372 2250 125 35 second
523 2250 96 44 point
645 2260 44 24 on
715 2250 124 43 appeal
864 2249 194 44 appellants
1084 2249 81 34 take
1190 2259 20 24 a
1236 2248 98 34 novel

120 2301 176 43 approach
316 2306 35 29 to
369 2300 84 34 Ark.
474 2300 89 34 Stat.
584 2301 92 33 Ann.
698 2300 17 42 §
736 2300 142 40 41-617,
898 2299 112 34 which
1029 2298 157 44 provides
1205 2298 53 34 for
1276 2297 59 35 the

121 2350 168 44 charging
303 2350 39 35 of
350 2350 168 43 juveniles
533 2349 39 35 of
583 2349 132 35 certain
730 2360 81 32 ages
825 2349 35 34 in
875 2349 110 34 either
999 2348 123 35 circuit
1136 2358 38 24 or
1185 2347 151 44 juvenile

121 2406 109 29 court.
252 2401 92 33 That
364 2400 134 44 portion
519 2399 39 35 of
575 2399 59 35 the
654 2404 130 29 statute
804 2398 110 35 reads:
