1640 2693
311 258 44 33 90

525 398 81 39 Yes,
628 398 97 33 Your
747 399 130 32 Honor.

435 472 61 34 BY
517 473 97 33 THE
635 472 177 35 COURT:

526 548 13 33 I
563 547 98 35 think
683 548 81 44 they
786 559 59 24 are
867 548 132 43 talking
1021 548 107 35 about
1149 548 154 35 whether
1324 559 38 24 or
1384 554 59 29 not
1465 548 59 36 the

434 598 115 34 school
572 598 107 34 board
701 597 158 36 followed
881 604 132 29 correct
1034 598 205 44 procedures
1261 598 34 35 in
1317 599 149 44 arriving
1487 604 36 29 at

434 647 88 35 their
541 647 277 36 determination.
840 649 14 33 I
874 648 95 35 don’t
988 649 98 34 think
1105 650 81 42 they
1205 654 118 29 meant
1342 649 53 34 for
1413 661 56 23 me
1488 654 35 29 to

433 698 186 34 substitute
638 709 57 32 my
714 698 151 34 decision
886 698 53 34 for
958 699 76 34 that
1053 699 39 34 of
1108 699 59 34 the
1186 698 117 35 board.
1325 699 54 34 Go
1399 698 122 36 ahead.

434 774 76 33 MR
531 774 159 34 WARD:

524 849 81 40 Yes,
627 850 98 33 Your
746 851 131 33 Honor.

494 924 34 33 If
534 935 50 23 we
593 924 201 34 considered
804 924 97 34 these
909 925 154 33 remarks
1074 925 44 43 by
1127 924 216 41 themselves,
1352 936 51 23 we
1411 925 111 43 might

309 984 103 31 agree
421 974 76 34 that
507 973 59 34 the
575 979 98 29 court
684 973 245 44 misperceived
939 974 60 34 the
1008 974 65 34 law
1083 973 68 35 and
1162 974 51 34 his
1224 975 253 43 responsibility
1487 979 35 30 to

309 1023 102 34 make
428 1034 20 23 a
466 1023 267 34 determination
751 1023 135 44 beyond
903 1023 154 35 whether
1074 1024 59 34 the
1150 1024 204 43 procedural
1372 1025 149 43 require­

308 1078 112 28 ments
430 1072 39 34 of
476 1072 59 34 the
544 1073 69 33 Act
623 1083 89 24 were
722 1072 163 35 satisfied.
898 1073 112 34 When
1020 1084 52 23 we
1080 1073 160 35 combine
1250 1073 59 34 the
1318 1078 203 30 statements

308 1121 81 34 with
400 1122 59 33 the
468 1121 198 35 recitations
676 1122 39 34 of
721 1122 59 34 the
789 1122 127 34 court’s
926 1122 111 41 order,
1047 1123 167 40 however,
1225 1122 26 35 it
1261 1123 158 34 becomes
1430 1124 91 34 clear

308 1171 59 34 the
386 1177 98 28 court
503 1171 103 34 made
624 1182 20 23 a
664 1171 267 35 determination
950 1172 107 35 based
1076 1183 92 33 upon
1187 1172 83 34 “the
1288 1172 154 42 record,”
1463 1177 59 30 not

308 1221 207 42 necessarily
532 1221 182 43 excluding
731 1222 59 33 the
806 1221 79 35 trial
902 1221 131 41 record,
1051 1222 69 34 and
1137 1221 76 35 that
1230 1222 97 34 there
1343 1233 69 23 was
1429 1222 92 35 suffi­

308 1270 91 34 cient
414 1271 161 34 evidence
589 1270 39 35 of
639 1282 20 23 a
674 1271 147 35 rational
836 1271 92 34 basis
942 1271 53 34 for
1011 1272 87 34 Mrs.
1114 1271 163 44 Kirtley’s
1292 1272 228 34 nonrenewal.

309 1320 64 34 His
385 1320 100 34 order
497 1320 161 35 included
671 1332 20 23 a
704 1320 132 35 factual
848 1320 131 44 finding
992 1321 76 35 that
1081 1322 70 34 Mr.
1166 1321 88 44 May
1266 1321 69 35 had
1347 1322 72 34 told
1432 1323 87 34 Mrs.

308 1370 134 43 Kirtley
460 1370 209 44 specifically
687 1371 59 34 the
763 1370 216 35 deficiencies
997 1371 35 34 in
1050 1371 61 34 her
1129 1371 251 44 performance.
1400 1372 31 34 It
1448 1371 73 35 also

307 1419 113 34 stated
431 1431 37 23 as
480 1431 20 23 a
511 1419 89 43 legal
611 1420 198 34 conclusion
821 1420 76 34 that
908 1420 97 35 there
1015 1432 69 23 was
1095 1421 207 34 substantial
1314 1421 162 35 evidence
1486 1426 35 29 to

306 1475 143 37 support
464 1470 59 33 the
539 1469 151 35 decision
706 1470 69 34 and
791 1470 77 34 that
884 1470 26 34 it
925 1470 70 34 had
1011 1481 20 23 a
1047 1470 148 35 rational
1212 1470 102 35 basis.
1331 1471 75 34 The
1420 1470 100 35 order

307 1519 73 33 also
400 1518 183 35 contained
604 1519 59 34 the
683 1519 185 43 following:

521 1595 32 33 A
568 1594 143 43 hearing
725 1606 69 23 was
809 1594 79 35 held
903 1595 44 43 by
961 1595 59 34 the
1034 1596 110 34 Court
1158 1606 43 23 on
1216 1596 127 34 March
1361 1597 52 40 18,
1432 1597 86 34 1985

430 1649 168 38 pursuant
612 1649 35 29 to
664 1644 16 42 §
698 1644 248 42 80-1266.9(d)
963 1644 68 35 and
1046 1645 190 34 additional
1251 1646 185 43 testimony
1449 1656 70 24 was

430 1694 114 34 taken.

521 1769 15 32 I
552 1773 91 29 must
658 1768 191 35 determine
864 1768 30 35 if
905 1769 59 34 the
978 1770 218 34 nonrenewal
1211 1781 69 23 was
1295 1771 171 43 arbitrary
1480 1781 38 23 or

429 1818 192 44 capricious
641 1818 68 34 and
728 1818 30 34 if
773 1819 60 34 the
851 1818 115 35 Board
985 1818 171 45 complied
1174 1819 83 34 with
1278 1820 17 42 §
1317 1820 200 34 80-1266.6.

520 1894 56 33 An
595 1894 115 34 action
728 1894 28 34 is
774 1894 172 44 arbitrary
964 1905 37 24 or
1019 1895 191 43 capricious
1228 1895 79 44 only
1325 1895 30 34 if
1369 1895 27 35 it
1413 1896 27 34 is
1458 1900 60 30 not

429 1943 222 44 supportable
665 1954 43 24 on
723 1955 68 33 any
804 1944 148 34 rational
967 1944 102 35 basis.
1084 1946 130 33 Lamar
1225 1944 135 35 School
1371 1947 147 33 District

428 1995 67 32 No.
518 1993 45 34 39
580 2004 30 23 v.
630 1993 143 41 Kinder,
794 1994 66 34 278
881 1994 85 34 Ark.
991 1995 28 40 1,
1040 1995 68 33 642
1127 1994 143 35 S.W.2d
1290 1995 66 34 885
1379 1993 137 44 (1982).

305 2068 31 34 It
350 2068 27 34 is
391 2068 80 34 thus
486 2074 168 37 apparent
668 2069 59 34 the
737 2069 108 43 judge
858 2074 91 30 went
963 2069 134 44 beyond
1111 2069 131 44 finding
1256 2070 59 34 the
1328 2070 190 44 procedure

304 2128 69 24 was
394 2123 142 29 correct.

489 2193 115 34 While
614 2205 51 23 we
674 2205 60 23 are
744 2193 158 36 troubled
913 2194 77 34 that
1000 2194 59 35 the
1068 2195 186 43 testimony
1263 2195 39 34 of
1310 2195 109 44 Larry
1429 2196 89 42 May

304 2254 69 23 was
396 2244 125 42 mostly
543 2243 202 44 conclusory
767 2244 82 34 with
872 2249 134 39 respect
1028 2249 35 30 to
1086 2246 87 33 Mrs.
1197 2244 162 44 Kirtley’s
1382 2245 78 34 lack
1481 2244 40 35 of

304 2293 272 42 organizational
587 2293 132 44 ability,
729 2294 59 34 the
797 2293 133 35 burden
940 2299 36 30 at
985 2295 59 34 the
1053 2295 79 34 trial
1141 2305 69 24 was
1220 2305 43 24 on
1273 2295 59 34 the
1341 2295 176 44 appellant

303 2347 36 29 to
352 2343 93 34 show
459 2344 59 33 the
532 2343 136 34 board’s
683 2344 114 34 action
811 2354 70 24 was
895 2344 182 43 arbitrary,
1092 2344 191 44 capricious
1297 2355 37 23 or
1348 2344 168 35 discrimi­

303 2397 133 39 natory.
450 2393 74 34 The
536 2392 99 35 bases
648 2392 39 35 of
697 2394 70 33 Mr.
782 2393 116 43 May’s
911 2394 215 34 conclusions
1138 2405 89 23 were
1239 2399 60 29 not
1310 2394 207 43 sufficiently
