1678 2705
161 405 136 43 change
307 405 114 43 prison
432 404 137 35 records
579 410 37 29 to
626 404 93 35 show
730 405 59 35 the
799 405 176 44 appellant
986 405 28 35 is
1024 405 134 43 serving
1169 416 21 24 a
1200 405 174 44 five-year,

162 455 118 34 rather
293 454 84 35 than
390 460 168 38 ten-year,
572 460 171 29 sentence.
757 455 75 35 The
844 454 206 44 appellant’s
1063 455 189 44 complaint
1264 465 111 25 seems

163 510 36 28 to
211 505 45 34 be
269 504 76 34 that
358 505 59 33 the
431 505 154 43 Conway
599 505 140 43 County
753 504 133 35 Circuit
900 504 111 35 Court
1025 504 140 35 entered
1175 504 201 44 judgments

163 554 69 34 and
250 554 240 34 commitment
507 554 118 35 orders
643 564 44 24 on
705 565 95 24 some
817 559 122 30 counts
956 554 40 34 of
1010 554 192 44 possession
1219 553 39 35 of
1272 554 103 34 mari-

159 603 110 43 juana
284 603 83 34 with
382 604 110 34 intent
506 609 36 28 to
557 603 128 35 deliver
700 603 90 35 after
804 604 59 34 the
877 614 81 24 case
972 603 69 35 had
1056 603 87 35 been
1158 603 168 45 appealed
1340 609 36 29 to

163 653 70 34 and
251 652 157 35 affirmed
425 653 44 43 by
486 653 60 34 the
562 654 180 34 Arkansas
760 653 110 35 Court
886 653 40 34 of
939 653 165 44 Appeals.
1123 653 215 45 Apparently
1355 664 21 24 a

160 702 82 43 jury
262 702 131 35 verdict
414 702 266 35 recommended
701 708 177 29 sentences
899 703 147 43 ranging
1067 702 91 35 from
1178 703 65 34 five
1263 707 36 30 to
1319 707 58 31 ten

164 763 100 32 years
281 762 45 23 on
344 763 20 23 a
382 752 145 35 number
544 752 40 34 of
598 757 122 30 counts
739 752 72 41 but,
829 752 150 44 through
996 752 184 44 oversight,
1198 752 59 35 the
1269 752 109 44 judge

164 802 81 43 only
260 802 140 34 entered
415 812 65 24 one
494 802 242 35 commitment
751 802 100 35 order
866 801 53 35 for
934 802 66 35 five
1014 813 110 34 years.
1140 803 74 35 The
1228 807 98 30 court
1341 802 40 35 of

165 851 154 44 appeals,
330 852 177 43 assuming
518 852 206 44 incorrectly
735 852 78 35 that
823 852 59 35 the
892 852 81 35 trial
984 857 100 30 court
1094 852 71 35 had
1175 852 204 35 committed

165 902 60 34 the
241 902 177 44 appellant
433 907 35 30 to
485 912 20 24 a
521 907 207 30 concurrent
744 902 163 44 five-year
923 907 162 31 sentence
1100 913 45 24 on
1161 902 85 36 each
1262 908 116 36 count,

166 951 158 35 affirmed
340 952 59 34 the
410 951 196 45 judgment.
623 952 215 42 Thereafter,
854 952 60 35 the
925 952 109 44 judge
1050 953 141 34 entered
1206 952 59 36 the
1280 953 98 35 other

165 1001 242 36 commitment
422 1002 128 41 orders,
566 1013 44 24 on
626 1002 60 36 the
700 1003 98 34 other
813 1008 121 30 counts
950 1003 40 35 of
1001 1002 113 36 which
1129 1003 60 35 the
1203 1003 175 44 appellant

166 1052 70 35 had
246 1052 88 35 been
344 1052 107 35 found
461 1052 110 45 guilty
581 1053 45 44 by
635 1052 61 36 the
702 1053 90 44 jury.
803 1054 79 34 One
890 1053 39 35 of
935 1053 61 35 the
1005 1052 118 37 orders
1131 1065 71 24 was
1212 1052 53 36 for
1275 1064 20 24 a
1304 1058 74 31 ten-

166 1113 83 33 year
259 1107 170 31 sentence.
440 1103 59 35 All
509 1103 40 35 of
555 1103 97 35 them
661 1114 90 24 were
760 1109 36 29 to
806 1114 64 25 run
879 1104 252 44 concurrently.
1142 1104 74 36 The
1225 1104 155 44 appellee

167 1163 124 33 argues
309 1153 59 34 the
384 1153 79 35 trial
480 1158 99 30 court
596 1164 71 25 was
684 1154 80 44 only
781 1154 192 43 correcting
990 1165 21 24 a
1029 1154 138 35 clerical
1184 1165 103 25 error.
1305 1154 75 35 The

166 1203 178 44 appellant
354 1214 122 32 argues
487 1203 60 35 the
556 1204 80 34 trial
643 1203 109 44 judge
761 1215 70 24 was
841 1203 213 44 performing
1065 1215 20 24 a
1091 1204 145 44 judicial
1247 1209 56 30 act
1313 1204 35 35 in
1358 1216 21 23 a

167 1263 81 25 case
267 1252 39 35 of
323 1253 111 35 which
454 1254 44 34 he
517 1253 67 35 lost
600 1253 219 44 jurisdiction
839 1254 99 34 when
958 1254 27 35 it
1005 1259 91 30 went
1115 1265 44 24 on
1179 1255 134 44 appeal.

1306 264 66 34 303

352 1395 66 33 We
427 1393 82 35 hold
515 1405 69 32 pro
593 1405 39 23 se
642 1394 155 42 litigants
808 1400 35 29 to
854 1394 59 34 the
923 1394 215 43 abstracting
1148 1394 232 45 requirement

168 1442 38 35 of
215 1443 92 34 Rule
317 1444 20 33 9
349 1443 38 34 of
395 1444 59 34 the
464 1443 108 34 Rules
583 1443 40 35 of
630 1443 60 35 the
700 1444 178 35 Arkansas
889 1444 171 44 Supreme
1070 1444 111 35 Court
1191 1443 69 36 and
1271 1444 110 35 Court

167 1492 40 35 of
224 1493 165 44 Appeals.
415 1492 140 36 Walker
573 1504 31 23 v.
625 1493 114 41 State,
762 1494 65 34 283
849 1494 86 34 Ark.
958 1495 79 39 339,
1060 1494 67 34 676
1149 1493 142 36 S.W.2d
1312 1495 69 34 460

169 1542 139 43 (1984).
320 1543 115 34 While
444 1553 51 24 we
505 1553 59 24 are
574 1553 97 25 more
680 1543 129 35 lenient
818 1549 157 38 toprose
984 1543 204 44 appellants,
1203 1545 137 34 Weston
1348 1555 30 23 v.

166 1593 114 41 State,
293 1593 66 34 265
371 1593 85 34 Ark.
469 1593 135 40 58, 576
616 1592 144 36 S.W.2d
771 1594 66 34 705
851 1592 139 44 (1979),
1001 1604 52 24 we
1062 1593 68 35 will
1141 1599 59 29 not
1210 1594 170 35 entertain

168 1653 45 24 an
227 1643 124 44 appeal
364 1643 112 35 which
489 1642 208 45 completely
710 1643 135 43 ignores
858 1643 59 35 the
930 1644 243 44 requirement.
1187 1643 83 36 This
1283 1649 98 30 court

167 1693 146 35 consists
331 1692 39 35 of
383 1704 100 24 seven
498 1693 154 43 justices.
671 1693 113 37 There
800 1694 28 35 is
845 1693 80 45 only
942 1705 65 24 one
1024 1694 130 35 record.
1174 1695 64 34 We
1255 1699 126 30 cannot

167 1743 164 34 continue
350 1748 35 29 to
404 1748 140 39 operate
563 1744 186 43 efficiently
767 1744 30 34 if
813 1744 86 35 each
913 1744 129 43 justice
1060 1749 93 30 must
1171 1744 79 35 look
1268 1749 36 30 at
1322 1744 59 37 the

167 1792 122 35 record
312 1798 35 29 to
370 1793 172 34 ascertain
564 1793 59 35 the
646 1792 101 36 facts.
771 1794 44 34 G.
839 1793 127 42 Smith,
988 1793 185 36 Arkansas
1194 1793 187 45 Appellate

167 1844 172 33 Practice:
353 1842 229 45 Abstracting
596 1843 58 35 the
669 1843 150 42 Record,
837 1844 39 34 31
896 1844 85 34 Ark.
999 1844 39 35 L.
1056 1844 84 35 Rev.
1159 1845 66 34 359
1244 1843 136 44 (1977).

169 1893 66 34 We
255 1898 103 36 must,
379 1892 183 42 therefore,
584 1893 129 35 adhere
733 1899 36 29 to
788 1894 59 35 the
867 1893 214 44 abstracting
1101 1894 241 45 requirement.

260 2034 180 35 Affirmed.

260 2176 161 39 Purtle,
442 2176 42 39 J.,
505 2180 60 29 not
584 2175 257 43 participating.
