1667 2699
254 406 87 44 Sup.
366 408 64 38 Ct.,
450 417 119 33 supra.

1273 266 64 34 573

317 483 111 35 Much
439 494 95 24 more
544 483 102 34 could
656 484 44 34 be
710 483 74 35 said
795 494 43 24 on
849 483 59 35 the
918 483 134 43 subject
1062 484 39 34 of
1108 484 233 43 hypnotically

132 532 148 35 induced
298 533 228 41 recollection,
544 533 62 34 but
622 545 52 23 we
689 544 59 23 are
764 533 152 35 satisfied
933 533 90 35 from
1040 534 59 34 the
1115 544 95 24 more
1226 539 115 29 recent

131 592 97 24 cases
241 582 68 34 and
322 582 58 34 the
391 582 101 34 views
504 583 40 34 of
552 588 147 38 experts,
712 583 76 34 that
800 583 58 34 the
870 583 147 43 dangers
1029 583 40 34 of
1078 583 183 43 admitting
1273 584 67 33 this

133 631 82 34 kind
225 631 39 35 of
270 632 184 43 testimony
463 632 172 43 outweigh
645 633 172 34 whatever
826 632 178 44 probative
1011 633 101 34 value
1121 632 26 34 it
1156 644 80 32 may
1244 634 96 33 have.

259 716 226 35 Conditional
502 716 262 44 Admissibility
764 716 44 44 —
808 716 65 44 the
891 716 107 36 Hurd
1017 717 203 35 Guidelines

225 793 188 44 Appellant
434 804 100 32 urges
556 793 77 35 that
653 794 31 34 if
701 804 51 24 we
772 793 44 35 do
837 799 59 29 not
917 794 100 34 allow
1038 794 233 44 hypnotically
1291 805 50 23 re-

133 842 139 35 freshed
291 843 183 43 testimony
492 843 307 44 unconditionally,
817 854 51 24 we
885 843 122 35 should
1026 844 106 44 adopt
1149 844 59 34 the
1225 844 116 43 guide-

133 892 87 35 lines
236 892 39 35 of
289 893 102 34 State
406 904 31 23 v.
455 892 115 41 Hurd,
588 893 134 44 supra.1
742 894 65 34 We
823 898 81 30 note
919 894 77 34 that
1013 894 176 44 appellant
1205 894 62 35 has
1284 899 60 30 not

202 1046 8 14 1
245 1046 83 26 These
334 1046 148 32 safeguards
489 1054 44 18 are
539 1046 56 26 well
602 1046 113 26 outlined
723 1046 32 33 by
763 1047 43 25 the
812 1047 64 25 New
885 1047 85 32 Jersey
978 1046 124 33 Supreme
1109 1047 88 26 Court:
1205 1048 139 25 Whenever

135 1095 14 18 a
163 1092 73 28 party
249 1088 24 25 in
286 1096 14 17 a
312 1088 114 26 criminal
439 1088 56 26 trial
508 1088 71 26 seeks
592 1092 25 22 to
630 1088 130 26 introduce
772 1097 14 17 a
799 1089 98 26 witness
910 1089 55 26 who
978 1089 45 25 has
1035 1089 144 33 undergone
1191 1089 116 33 hypnosis
1320 1093 25 22 to

135 1129 96 26 refresh
241 1129 38 26 his
289 1137 119 25 memory,
418 1130 42 25 the
469 1134 72 29 party
551 1134 68 22 must
628 1130 92 26 inform
730 1130 37 26 his
776 1135 125 28 opponent
910 1131 29 25 of
946 1131 38 26 his
993 1131 122 26 intention
1124 1131 50 25 and
1184 1131 100 32 provide
1293 1131 52 26 him

134 1171 60 25 with
202 1172 43 25 the
252 1171 130 32 recording
389 1171 28 26 of
422 1172 42 25 the
470 1172 93 26 session
570 1172 50 25 and
627 1172 72 26 other
706 1172 124 32 pertinent
837 1173 123 25 material.
967 1172 55 26 The
1028 1173 57 25 trial
1092 1176 72 23 court
1170 1173 49 25 will
1226 1173 59 26 then
1292 1173 53 25 rule

135 1220 32 17 on
177 1213 43 25 the
228 1213 176 33 admissibility
412 1213 28 25 of
447 1213 42 25 the
498 1213 134 32 testimony
641 1214 80 25 either
729 1218 27 21 at
764 1222 15 17 a
788 1214 100 32 pretrial
898 1214 104 31 hearing
1011 1222 28 17 or
1047 1218 26 21 at
1082 1223 14 17 a
1106 1214 103 32 hearing
1217 1219 44 21 out
1269 1214 29 25 of
1303 1215 43 25 the

132 1254 81 32 jury’s
226 1262 125 24 presence.
366 1255 26 25 In
405 1255 131 32 reviewing
548 1255 43 25 the
602 1255 177 32 admissibility
790 1255 29 26 of
829 1255 169 32 hypnotically
1010 1255 127 27 refreshed
1150 1256 141 31 testimony,
1304 1256 42 26 the

135 1295 57 25 trial
202 1300 72 21 court
282 1296 88 25 should
379 1296 114 25 evaluate
501 1296 60 26 both
571 1296 43 25 the
622 1297 60 25 kind
690 1296 29 25 of
725 1305 112 24 memory
845 1297 48 25 loss
902 1297 55 26 that
966 1298 117 31 hypnosis
1091 1305 51 18 was
1150 1297 61 25 used
1219 1302 26 21 to
1253 1301 93 22 restore

136 1337 50 25 and
196 1338 44 24 the
248 1337 102 31 specific
358 1337 134 32 technique
501 1338 132 32 employed
642 1338 78 25 based
730 1346 32 17 on
772 1342 85 28 expert
866 1339 134 31 testimony
1010 1338 132 32 presented
1152 1339 32 31 by
1193 1339 44 25 the
1245 1339 101 32 parties.

136 1378 54 25 The
199 1379 83 31 object
291 1378 29 25 of
326 1379 49 25 this
384 1379 87 25 review
481 1379 20 25 is
510 1383 43 22 not
562 1383 26 21 to
597 1379 139 26 determine
744 1380 111 25 whether
864 1380 42 25 the
915 1379 125 33 proffered
1049 1381 134 31 testimony
1193 1380 19 25 is
1221 1384 125 26 accurate,

137 1419 44 25 but
191 1419 97 26 instead
298 1420 110 25 whether
417 1420 42 25 the
467 1428 44 18 use
519 1420 29 26 of
555 1420 117 32 hypnosis
681 1420 49 26 and
740 1421 43 25 the
791 1420 136 33 procedure
936 1421 115 25 followed
1060 1421 25 25 in
1094 1422 43 25 the
1145 1421 136 32 particular
1289 1429 58 17 case

136 1468 50 17 was
202 1469 14 17 a
232 1461 148 32 reasonably
395 1461 102 25 reliable
512 1469 87 18 means
613 1462 29 24 of
655 1462 122 31 restoring
792 1462 42 25 the
848 1462 108 25 witness’
972 1470 119 24 memory.

203 1502 54 25 The
267 1501 53 26 first
329 1502 113 32 question
452 1510 15 17 a
476 1507 72 21 court
558 1507 67 21 must
634 1502 115 26 consider
759 1503 19 25 is
788 1503 42 25 the
839 1503 217 32 appropriateness
1065 1503 29 25 of
1101 1503 72 31 using
1183 1503 116 32 hypnosis
1309 1503 39 25 for

137 1543 43 24 the
192 1543 60 25 kind
264 1542 29 26 of
303 1551 112 24 memory
427 1543 48 26 loss
487 1544 177 25 encountered.
676 1544 55 25 The
743 1552 87 18 reason
843 1544 39 25 for
894 1552 14 17 a
920 1545 119 31 subject’s
1053 1545 56 25 lack
1120 1544 29 25 of
1159 1552 112 25 memory
1282 1545 20 25 is
1315 1553 31 17 an

137 1584 137 32 important
284 1584 81 26 factor
373 1585 24 25 in
406 1585 143 32 evaluating
558 1585 43 26 the
610 1585 134 32 reliability
752 1585 29 26 of
787 1586 117 32 hypnosis
913 1586 24 25 in
947 1586 122 32 restoring
1078 1586 83 26 recall.
1171 1586 142 32 According
1322 1590 25 22 to

136 1625 160 27 defendant’s
309 1631 94 28 expert,
418 1627 42 25 Dr.
474 1627 78 29 Orne,
565 1627 119 32 hypnosis
697 1627 69 26 often
781 1627 19 26 is
814 1628 147 32 reasonably
975 1627 103 26 reliable
1091 1628 24 25 in
1129 1628 109 32 reviving
1251 1628 96 25 normal

137 1668 75 25 recall
223 1668 82 25 where
314 1668 71 26 there
394 1669 19 25 is
423 1676 14 17 a
448 1668 168 32 pathological
627 1676 96 22 reason,
733 1669 61 25 such
804 1677 27 18 as
841 1676 14 18 a
865 1668 137 27 traumatic
1011 1670 119 29 neurosis,
1141 1669 38 25 for
1189 1670 42 25 the
1240 1669 106 26 witness’

137 1709 115 32 inability
260 1713 25 21 to
294 1710 146 25 remember.
449 1710 77 30 Orne,
535 1718 84 24 supra,
628 1715 26 21 at
663 1711 57 25 325.
729 1710 41 26 On
779 1711 42 25 the
828 1711 71 25 other
907 1711 76 29 hand,
992 1711 43 25 the
1042 1711 134 25 likelihood
1184 1711 29 25 of
1217 1711 129 32 obtaining

136 1751 149 31 reasonably
299 1756 118 21 accurate
431 1752 75 25 recall
520 1751 148 26 diminishes
683 1751 21 26 if
717 1751 116 32 hypnosis
847 1752 20 24 is
882 1752 60 25 used
956 1752 91 31 simply
1061 1756 26 21 to
1101 1752 95 26 refresh
1211 1760 14 17 a
1240 1752 106 26 witness’

137 1799 113 25 memory
259 1799 27 17 or
294 1792 150 31 concerning
452 1792 90 26 details
550 1792 84 26 where
642 1793 71 25 there
722 1800 58 24 may
789 1793 30 25 be
828 1800 31 18 no
867 1793 159 25 recollection
1034 1797 27 21 at
1069 1794 33 24 all
1111 1801 28 18 or
1147 1797 25 21 to
1181 1793 111 32 “verify”
1301 1801 47 17 one

136 1832 29 25 of
172 1833 95 25 several
278 1833 144 31 conflicting
431 1838 120 21 accounts
561 1833 72 31 given
644 1834 33 31 by
687 1841 15 18 a
712 1834 107 25 witness.
831 1834 35 25 Id.
877 1838 27 21 at
915 1835 57 30 324,
984 1835 56 24 332.
1051 1835 24 24 A
1086 1834 94 25 related
1192 1834 80 26 factor
1281 1838 26 21 to
1317 1835 31 24 be

136 1873 147 26 considered
294 1873 19 26 is
323 1874 110 25 whether
442 1874 42 25 the
493 1874 100 26 witness
602 1874 46 25 has
657 1882 49 24 any
715 1874 148 26 discernible
872 1874 147 27 motivation
1029 1875 39 25 for
1077 1879 43 22 not
1129 1875 182 32 remembering
1319 1883 28 18 or

137 1914 39 26 for
184 1915 154 32 “recalling”
348 1923 15 18 a
370 1915 137 33 particular
514 1915 97 26 version
620 1916 28 25 of
655 1916 43 26 the
706 1920 92 22 events.
808 1917 27 25 In
844 1916 79 26 either
931 1924 66 22 case,
1006 1916 43 26 the
1056 1916 139 33 possibility
1203 1917 27 25 of
1236 1917 112 32 creating

137 1956 158 38 self^erving
311 1957 100 33 fantasy
426 1957 19 25 is
459 1957 151 32 significant.
630 1978 5 5 .
655 1979 5 5 .
681 1979 5 5 .

204 1999 72 25 Once
284 1999 18 25 it
310 1999 20 25 is
337 1999 155 26 determined
499 2000 56 26 that
562 2007 15 18 a
585 2007 58 18 case
650 2000 20 25 is
677 1999 29 27 of
711 2007 15 18 a
734 2000 59 25 kind
801 2000 74 32 likely
883 2004 25 22 to
915 2001 66 32 yield
989 2001 97 25 normal
1094 2001 75 25 recall
1177 2000 22 26 if
1204 2001 116 32 hypnosis
1328 2001 19 25 is

137 2041 116 32 properly
262 2040 187 30 administered,
458 2041 59 26 then
527 2042 18 25 it
554 2041 20 25 is
584 2049 131 24 necessary
724 2046 26 21 to
758 2042 138 25 determine
904 2042 112 26 whether
1024 2042 43 25 the
1076 2042 149 32 procedures
1234 2042 113 26 followed

138 2090 65 17 were
211 2082 149 32 reasonably
368 2082 108 26 reliable.
485 2083 38 25 Of
529 2083 138 32 particular
675 2083 155 32 importance
837 2091 43 17 are
888 2084 42 25 the
938 2091 105 18 manner
1050 2084 29 25 of
1084 2083 158 33 questioning
1249 2083 50 26 and
1307 2084 42 25 the

138 2131 119 24 presence
271 2123 29 25 of
311 2131 59 18 cues
384 2131 27 18 or
425 2125 157 30 suggestions
596 2124 91 32 during
701 2124 43 25 the
758 2128 86 22 trance
858 2125 49 24 and
922 2125 43 25 the
980 2125 187 32 post-hypnotic
1180 2125 93 32 period.
1293 2144 5 5 .
1318 2145 5 5 .
1343 2145 5 5 .

140 2164 89 32 [citing
239 2165 69 25 Orne
317 2165 50 25 and
376 2165 93 31 others]
481 2166 41 25 An
532 2165 139 26 additional
682 2166 81 25 factor
772 2165 120 32 affecting
901 2166 43 25 the
953 2165 134 33 reliability
1096 2166 29 25 of
1132 2166 43 25 the
1184 2165 136 33 procedure
1329 2166 20 25 is

138 2206 44 25 the
196 2206 165 32 amenability
375 2206 27 26 of
415 2206 43 25 the
472 2207 98 31 subject
585 2210 25 22 to
624 2206 127 33 hypnosis.
771 2227 5 5 .
796 2227 5 5 .
821 2227 5 5 .

204 2248 38 25 To
262 2247 101 32 provide
383 2255 31 19 an
434 2248 126 32 adequate
579 2249 87 25 record
688 2247 38 27 for
745 2248 143 32 evaluating
908 2249 43 25 the
971 2248 134 33 reliability
1124 2248 29 26 of
1170 2249 43 25 the
1232 2249 118 32 hypnotic

138 2289 146 32 procedure,
294 2289 49 25 and
353 2293 25 22 to
387 2297 89 18 ensure
484 2298 14 17 a
508 2289 133 26 minimum
651 2290 61 26 level
721 2289 29 26 of
757 2290 141 32 reliability,
907 2298 37 18 we
952 2291 53 25 also
1014 2290 77 33 adopt
1099 2290 94 26 several
1203 2290 146 33 procedural

138 2331 182 32 requirements
328 2331 76 26 based
411 2338 32 18 on
450 2331 71 26 those
527 2332 134 31 suggested
669 2332 32 32 by
709 2332 44 25 Dr.
760 2332 70 25 Orne
836 2332 49 25 and
893 2331 143 33 prescribed
1042 2332 33 32 by
1082 2333 43 25 the
1131 2332 58 25 trial
1195 2337 80 20 court.
1294 2351 6 5 .
1319 2352 6 5 .
1344 2352 6 5 .

140 2372 91 25 Before
246 2373 18 25 it
280 2380 58 24 may
353 2372 129 26 introduce
497 2373 170 32 hypnotically
682 2372 128 26 refreshed
825 2373 142 32 testimony,
982 2381 15 17 a
1012 2377 73 28 party
1099 2376 68 22 must
1181 2373 170 25 demonstrate

138 2414 158 31 compliance
310 2414 60 25 with
385 2414 70 25 these
469 2414 189 32 requirements.
