1649 2702
1291 299 20 34 9

289 443 38 33 In
338 453 20 23 a
367 452 79 24 case
455 442 39 34 of
500 442 68 34 this
578 441 83 34 kind
670 442 60 34 the
739 441 78 34 trial
824 440 108 44 judge
940 440 62 35 has
1012 440 109 35 broad
1130 440 184 34 discretion

102 492 34 35 in
146 492 231 42 determining
386 492 153 34 whether
548 502 20 23 a
577 492 89 33 class
676 491 115 34 action
800 491 28 34 is
837 501 133 33 proper.
980 492 139 33 Drew v.
1130 491 92 33 First
1230 489 81 35 Fed.

101 543 38 34 S.
153 544 30 32 &
196 544 36 32 L.
243 544 101 32 Assn.
356 541 45 43 of
402 544 51 32 Ft.
463 541 130 40 Smith,
605 542 63 32 271
682 541 85 34 Ark.
778 539 387 42 667, 610 S.W.2d 876
1177 539 136 43 (1981).

104 593 95 33 Here
218 603 52 22 we
289 591 71 34 find
381 602 43 24 no
444 591 108 34 abuse
571 590 39 35 of
627 590 77 35 that
724 590 194 34 discretion.

290 667 89 34 Civil
398 667 193 35 Procedure
609 666 91 35 Rule
718 668 56 39 23,
793 666 185 43 governing
996 666 89 34 class
1104 665 142 40 actions,
1265 676 50 24 re­

105 718 115 43 quires
231 718 78 33 that
319 717 59 34 the
389 717 157 43 question
557 717 44 33 be
611 715 39 35 of
659 716 141 35 interest
810 721 36 29 to
858 727 104 32 many
973 726 140 33 persons
1125 714 68 35 and
1204 715 76 34 that
1291 715 26 34 it

105 768 43 33 be
174 766 217 44 impractical
417 772 35 29 to
479 766 99 43 bring
604 766 97 34 them
727 765 46 35 all
800 765 117 35 before
943 765 59 35 the
1027 770 99 30 court
1151 764 118 35 within
1296 776 20 23 a

105 817 204 34 reasonable
318 816 94 35 time.
422 817 34 33 A
465 826 109 33 group
582 816 210 43 comprising
805 816 65 34 184
879 814 206 36 individuals
1095 814 145 35 satisfies
1249 815 68 34 this

106 872 78 38 part
198 866 40 35 of
249 867 59 33 the
322 866 100 34 Rule.
438 867 65 33 We
517 865 44 35 do
575 870 60 29 not
650 876 103 33 agree
766 865 82 34 with
862 865 168 35 counsel’s
1045 869 184 39 argument
1242 864 76 35 that

106 917 60 34 the
179 927 95 24 mere
286 916 134 43 signing
433 916 39 34 of
481 916 60 34 the
553 915 155 35 affidavit
721 915 102 35 made
835 915 86 35 each
934 914 120 36 affiant
1067 926 20 23 a
1100 919 100 40 party
1213 919 35 30 to
1260 915 59 34 the

107 978 90 23 case.
212 967 59 33 No
284 966 108 34 doubt
405 966 29 34 if
445 966 86 34 each
544 965 39 35 of
593 965 97 35 them
703 976 89 24 were
804 964 159 45 required
976 970 36 30 to
1021 965 74 43 join
1109 975 37 24 as
1160 975 20 24 a
1193 964 126 35 named

108 1016 163 44 plaintiff,
295 1027 105 32 many
423 1016 113 34 would
560 1015 114 44 prefer
697 1021 36 29 to
757 1015 43 35 be
822 1015 219 44 represented
1065 1015 45 43 by
1133 1014 88 35 their
1244 1024 76 25 own

108 1072 170 37 attorney,
298 1066 255 43 unnecessarily
571 1065 246 44 complicating
836 1065 59 34 the
913 1065 166 43 handling
1098 1064 39 35 of
1152 1064 59 34 the
1229 1074 89 25 case.

200 1143 75 34 The
296 1143 90 34 Rule
407 1143 72 34 also
500 1142 153 44 requires
674 1143 77 34 that
772 1142 58 35 the
851 1142 175 44 questions
1047 1141 39 35 of
1104 1142 65 34 law
1190 1152 38 23 or
1249 1141 72 35 fact

109 1204 162 23 common
283 1198 36 29 to
331 1193 59 34 the
401 1193 173 34 members
586 1192 39 34 of
634 1192 60 35 the
705 1192 88 35 class
806 1191 239 45 predominate
1056 1202 79 24 over
1147 1190 174 45 questions

110 1243 167 43 affecting
287 1243 79 43 only
376 1242 188 35 individual
575 1241 183 36 members.
769 1242 179 43 Certainly
957 1242 77 34 that
1044 1241 27 35 is
1081 1245 77 31 true
1167 1241 92 40 here,
1269 1241 53 35 for

110 1293 60 34 the
179 1293 196 34 chancellor
384 1292 164 35 observed
557 1292 78 34 that
643 1291 60 35 the
710 1292 142 43 validity
861 1291 39 35 of
906 1291 60 34 the
975 1293 144 42 99-year
1127 1291 92 34 lease
1228 1291 27 34 is
1264 1291 59 34 the

110 1343 96 33 main
226 1342 101 34 issue.

298 1418 143 44 Finally,
451 1418 59 34 the
519 1418 91 34 Rule
619 1418 153 43 requires
781 1417 76 35 that
866 1428 21 23 a
896 1417 88 37 class
994 1417 115 35 action
1119 1417 43 34 be
1171 1417 152 43 superior

111 1474 36 29 to
160 1468 99 35 other
272 1468 170 34 available
454 1467 159 35 methods
627 1467 53 35 for
693 1468 59 34 the
765 1467 66 35 fair
844 1467 68 35 and
926 1467 149 35 efficient
1088 1466 235 44 adjudication

112 1518 39 35 of
159 1519 60 33 the
229 1523 229 39 controversy.
470 1518 74 34 The
555 1517 177 44 appellant
743 1528 122 33 argues
876 1517 77 35 that
964 1518 98 34 there
1072 1517 28 34 is
1111 1527 44 24 no
1166 1516 157 35 substan­

112 1569 62 34 tial
190 1579 122 23 reason
327 1568 77 43 why
419 1569 59 34 the
492 1579 80 23 case
586 1573 128 29 cannot
729 1567 145 44 proceed
890 1567 34 34 in
939 1567 60 35 the
1013 1578 103 24 name
1130 1566 40 35 of
1182 1577 20 24 a
1217 1566 108 44 single

112 1618 235 44 complaining
361 1623 161 39 property
535 1628 115 24 owner
663 1628 39 24 or
715 1618 34 34 in
764 1618 58 34 the
836 1628 119 24 names
969 1617 40 35 of
1020 1617 58 35 the
1091 1617 143 34 realtors
1249 1617 77 34 who

112 1680 60 23 are
187 1668 60 35 the
262 1668 152 44 primary
430 1679 133 23 movers
579 1668 34 34 in
630 1667 59 35 the
704 1679 89 23 case.
810 1667 74 35 The
898 1667 144 44 validity
1057 1667 39 34 of
1108 1667 59 34 the
1182 1666 92 35 lease
1288 1666 40 35 of

112 1718 221 35 Association
344 1723 161 39 property
516 1718 27 34 is
555 1729 20 23 a
586 1723 209 38 paramount
806 1718 90 34 issue
907 1717 34 34 in
952 1718 59 34 the
1022 1728 89 24 case.
1123 1718 34 33 A
1168 1717 157 43 properly

112 1768 195 35 conducted
321 1768 87 35 class
422 1768 115 34 action
550 1768 68 34 will
632 1767 83 35 bind
729 1768 46 34 all
788 1768 59 34 the
859 1778 142 30 owners,
1015 1767 112 34 which
1140 1766 113 35 would
1267 1771 59 30 not

112 1818 44 34 be
165 1823 78 28 true
252 1817 29 34 if
287 1818 60 33 the
355 1817 168 43 plaintiffs
532 1828 89 23 were
630 1817 133 34 limited
772 1822 36 29 to
817 1827 65 24 one
890 1827 123 33 person
1022 1827 38 23 or
1070 1827 20 23 a
1100 1816 65 34 few
1174 1826 150 33 persons.

113 1868 75 33 The
198 1867 196 34 chancellor
404 1867 72 34 also
486 1866 202 35 considered
698 1866 59 35 the
767 1871 183 38 argument
959 1867 77 33 that
1045 1866 60 34 the
1114 1865 143 34 realtors
1267 1876 59 24 are

113 1917 60 34 the
185 1916 139 43 moving
337 1916 94 35 force
443 1916 34 35 in
490 1916 59 35 the
561 1927 91 29 case,
666 1915 62 36 but
740 1916 43 34 he
795 1915 190 35 concluded
998 1916 77 34 that
1087 1914 190 44 regardless
1289 1914 40 35 of

115 1967 144 34 motives
274 1967 59 33 the
346 1966 263 35 determinative
622 1966 175 43 questions
812 1977 59 23 are
884 1965 60 35 the
956 1965 144 44 validity
1113 1965 39 34 of
1163 1965 59 34 the
1235 1965 91 35 lease

115 2017 69 34 and
194 2017 59 34 the
262 2021 126 29 matter
397 2016 39 34 of
441 2016 113 35 traffic
563 2016 210 42 congestion.
784 2016 89 34 Both
882 2015 98 35 those
988 2015 176 44 questions
1173 2025 43 33 go
1224 2020 36 29 to
1268 2015 59 34 the

115 2066 120 34 merits
247 2065 39 35 of
294 2066 60 33 the
365 2076 79 24 case
455 2066 117 34 rather
583 2065 86 34 than
681 2071 35 29 to
728 2065 59 35 the
798 2065 174 44 propriety
983 2065 39 34 of
1031 2065 59 34 the
1101 2065 88 34 class
1201 2065 125 34 action.

208 2143 31 34 It
248 2142 28 34 is
286 2142 72 34 also
367 2142 130 43 argued
506 2142 77 34 that
591 2142 136 41 Sarver,
737 2153 20 23 a
767 2142 133 40 broker,
911 2141 27 34 is
947 2147 60 29 not
1015 2141 92 44 truly
1116 2146 211 38 representa-

116 2193 68 34 tive
199 2192 41 35 of
253 2192 58 34 the
327 2193 108 34 entire
451 2192 99 35 class.
568 2192 74 34 The
658 2192 78 34 trial
749 2191 108 44 judge
873 2191 182 44 expressed
1071 2201 95 24 some
1181 2201 146 24 concern

116 2243 107 34 about
241 2242 77 34 that
336 2242 106 43 point,
461 2242 148 34 because
627 2242 125 34 Sarver
770 2240 148 36 testified
936 2241 77 35 that
1030 2241 30 34 if
1075 2241 253 34 Communities

116 2292 133 35 offered
268 2297 35 29 to
322 2292 99 35 settle
439 2292 59 34 the
516 2302 80 24 case
614 2291 45 44 by
677 2291 131 43 closing
827 2291 43 34 its
888 2291 131 35 branch
1038 2291 110 40 office,
1167 2290 44 34 he
1228 2301 37 24 as
1285 2301 44 24 an

117 2342 191 35 individual
318 2342 113 35 would
442 2342 43 35 be
495 2342 35 34 in
541 2341 97 35 favor
649 2341 39 35 of
696 2341 181 44 accepting
887 2341 60 34 the
956 2341 88 35 offer
1054 2340 69 35 and
1134 2340 196 44 dismissing

117 2393 60 34 the
188 2403 90 24 case.
291 2392 74 34 The
376 2392 206 40 chancellor,
596 2392 166 41 however,
775 2390 164 36 observed
950 2391 77 35 that
1038 2391 60 34 the
1108 2395 99 30 court
1217 2390 113 35 would

118 2443 43 34 be
184 2442 213 44 supervising
420 2442 59 34 the
502 2441 171 43 litigation
697 2441 68 35 and
789 2440 112 35 would
925 2441 87 34 have
1034 2446 35 29 to
1093 2451 148 33 approve
1264 2451 67 32 any
