1634 2694
314 413 149 43 opening
473 417 187 30 statement
671 418 36 29 to
717 412 59 34 the
784 412 90 44 jury.
886 413 74 34 The
971 413 80 33 trial
1058 413 108 43 judge
1176 412 162 35 declared
1348 424 21 23 a
1381 412 147 35 mistrial

315 462 62 34 but
397 461 59 35 did
477 467 59 29 not
557 463 103 33 make
679 473 20 23 a
720 462 139 43 specific
879 461 131 43 finding
1030 462 77 34 that
1128 461 187 35 “manifest
1335 462 191 43 necessity”

315 510 159 44 required
486 511 36 34 it.
535 511 74 34 The
620 511 158 43 question
790 511 119 34 before
920 512 59 33 the
990 511 170 43 Supreme
1171 512 110 33 Court
1293 522 69 23 was
1374 511 153 34 whether

314 560 59 34 the
396 559 119 35 record
538 559 258 35 demonstrated
819 560 92 34 what
935 561 69 33 Mr.
1028 560 132 34 Justice
1182 560 154 34 Stevens’
1360 560 167 34 excellent

314 610 138 43 opinion
463 609 152 34 referred
625 615 36 29 to
671 620 37 24 as
719 620 20 23 a
750 609 105 43 “high
866 609 147 43 degree”
1024 609 39 34 of
1069 610 169 42 necessity
1248 609 54 34 for
1312 610 59 34 the
1380 609 146 35 mistrial

314 659 68 34 and
393 659 153 34 whether
557 659 59 34 the
626 659 79 35 trial
712 658 108 44 judge
830 659 69 34 had
910 659 101 35 acted
1022 659 239 44 precipitately
1271 659 34 34 in
1316 660 162 42 granting
1489 659 36 34 it.

315 708 200 44 Upholding
542 709 58 34 the
626 708 79 35 trial
728 708 136 44 judge’s
891 709 151 34 exercise
1067 708 40 35 of
1129 708 195 42 discretion,
1352 709 69 34 and
1447 709 79 35 thus

314 759 154 42 refusing
482 763 35 30 to
532 758 62 35 bar
608 770 20 23 a
642 758 126 35 second
782 759 90 41 trial,
888 760 70 33 Mr.
974 759 132 34 Justice
1119 759 154 40 Stevens,
1288 758 54 35 for
1356 759 59 35 the
1428 764 98 30 court

314 808 85 35 said:

320 272 64 33 170

528 886 75 35 Our
614 886 198 35 conclusion
824 887 76 34 that
912 898 20 24 a
943 887 80 34 trial
1030 887 137 43 judge’s
1179 887 151 34 decision
1342 893 35 29 to
1389 887 137 35 declare

437 947 21 23 a
467 936 146 35 mistrial
622 936 107 35 based
738 947 44 24 on
791 936 53 35 his
853 942 209 29 assessment
1069 937 40 34 of
1114 937 61 34 the
1182 936 205 45 prejudicial
1395 937 131 44 impact

437 986 39 34 of
489 986 173 44 improper
678 992 183 37 argument
877 987 28 34 is
921 987 144 34 entitled
1081 992 35 29 to
1132 992 98 38 great
1246 986 183 36 deference
1444 987 81 35 does

437 1041 70 36 not,
518 1036 39 35 of
564 1047 131 30 course,
706 1036 66 35 end
783 1037 59 34 the
852 1037 146 44 inquiry.
1009 1038 51 33 As
1071 1037 103 35 noted
1185 1037 133 41 earlier,
1330 1048 20 24 a
1360 1037 164 35 constitu-

436 1086 143 44 tionally
601 1086 177 44 protected
800 1087 141 35 interest
963 1087 27 34 is
1011 1087 188 44 inevitably
1220 1087 150 35 affected
1392 1087 44 44 by
1458 1098 67 33 any

436 1136 146 34 mistrial
594 1136 162 35 decision.
769 1136 74 35 The
855 1137 78 34 trial
941 1136 119 44 judge,
1073 1137 183 40 therefore,
1270 1137 116 34 “must
1397 1138 127 42 always

436 1190 133 38 temper
586 1186 59 33 the
663 1186 151 34 decision
832 1186 153 34 whether
1002 1196 38 23 or
1059 1191 59 29 not
1136 1192 35 28 to
1189 1186 100 34 abort
1306 1186 59 34 the
1383 1187 79 34 trial
1480 1186 45 43 by

436 1234 216 43 considering
664 1235 59 34 the
734 1235 214 43 importance
959 1240 35 28 to
1005 1235 59 34 the
1074 1235 190 34 defendant
1275 1235 39 34 of
1322 1236 102 42 being
1435 1235 89 41 able,

436 1294 85 24 once
532 1284 68 34 and
612 1284 54 34 for
677 1284 56 41 all,
746 1289 35 29 to
792 1285 168 34 conclude
970 1284 52 34 his
1034 1284 256 35 confrontation
1301 1285 83 34 with
1396 1285 129 43 society

435 1333 150 43 through
603 1334 59 35 the
679 1333 130 36 verdict
827 1334 40 34 of
881 1346 20 23 a
920 1334 152 35 tribunal
1090 1335 44 34 he
1151 1334 112 43 might
1281 1335 130 34 believe
1428 1341 36 29 to
1482 1335 43 34 be

435 1382 180 45 favorably
626 1383 159 45 disposed
797 1389 36 29 to
845 1384 52 34 his
910 1384 107 35 fate.”
1033 1384 127 34 United
1169 1385 122 34 States
1301 1396 30 22 v.
1344 1386 97 40 Jorn,
1455 1385 68 34 400

435 1432 83 35 U.S.
543 1438 36 29 at
602 1434 67 34 486
695 1432 163 43 (Harlan,
882 1433 60 43 J.).
967 1434 40 33 In
1030 1433 100 35 order
1153 1439 35 29 to
1211 1445 123 23 ensure
1356 1435 77 34 that
1455 1434 68 35 this

435 1482 142 35 interest
590 1483 27 34 is
631 1483 208 44 adequately
852 1483 188 44 protected,
1055 1484 182 42 reviewing
1250 1489 116 29 courts
1379 1484 88 35 have
1480 1495 44 23 an

435 1532 188 43 obligation
639 1538 35 29 to
689 1532 123 44 satisfy
826 1533 205 34 themselves
1046 1533 88 41 that,
1151 1534 34 34 in
1201 1533 59 34 the
1274 1534 111 34 words
1400 1534 39 34 of
1452 1535 70 33 Mr.

435 1582 131 34 Justice
577 1582 113 44 Story,
704 1582 59 34 the
775 1583 78 34 trial
862 1583 109 43 judge
982 1583 175 34 exercised
1170 1583 132 34 “sound
1315 1583 207 35 discretion”

434 1631 34 34 in
488 1631 177 44 declaring
685 1642 20 25 a
726 1632 156 35 mistrial.

524 1711 107 42 Thus,
642 1711 29 35 if
679 1722 20 24 a
708 1711 80 35 trial
794 1711 109 44 judge
912 1717 74 30 acts
996 1712 214 44 irrationally
1220 1723 37 23 or
1268 1712 254 45 irresponsibly,

435 1760 43 44 cf.
495 1761 127 35 United
629 1762 122 34 States
761 1773 29 23 v.
802 1763 98 40 Jorn,
912 1772 120 33 supra;
1044 1773 57 23 see
1111 1762 139 35 Illinois
1259 1773 30 23 v.
1301 1762 220 41 Somerville,

434 1811 69 34 410
519 1811 83 35 U.S.
620 1816 36 30 at
672 1812 79 40 469,
768 1811 52 35 his
837 1812 115 34 action
968 1817 127 29 cannot
1111 1812 43 34 be
1169 1812 189 35 condoned.
1376 1813 68 34 But
1460 1823 62 23 our

434 1860 122 34 review
565 1860 39 35 of
610 1861 67 34 this
687 1861 120 34 record
817 1861 168 35 indicates
995 1861 76 34 that
1081 1862 67 34 this
1158 1872 69 24 was
1238 1867 59 29 not
1306 1862 84 34 such
1400 1873 20 24 a
1430 1873 90 24 case.

433 1909 152 35 Defense
607 1910 139 34 counsel
770 1910 95 35 aired
888 1911 174 44 improper
1085 1911 68 34 and
1177 1911 118 44 highly
1318 1912 203 43 prejudicial

432 1959 162 35 evidence
608 1959 118 35 before
738 1959 59 35 the
807 1960 91 44 jury,
912 1961 59 34 the
984 1961 148 43 possible
1145 1961 131 44 impact
1288 1961 39 34 of
1336 1961 113 35 which
1462 1961 59 34 the

433 2009 79 34 trial
518 2009 108 43 judge
635 2020 69 24 was
714 2009 35 34 in
759 2010 59 34 the
827 2010 76 34 best
911 2010 148 44 position
1069 2016 36 29 to
1115 2021 119 24 assess.
1245 2011 74 34 The
1328 2011 79 34 trial
1412 2010 110 44 judge

432 2058 59 34 did
511 2064 59 29 not
590 2065 57 29 act
666 2059 240 44 precipitately
925 2061 35 33 in
980 2071 161 32 response
1160 2066 35 29 to
1215 2060 59 34 the
1293 2061 227 43 prosecutor’s

432 2114 138 37 request
581 2108 54 35 for
647 2120 19 23 a
679 2109 157 34 mistrial.
849 2110 57 33 On
919 2110 58 34 the
988 2115 172 38 contrary,
1173 2110 155 43 evincing
1340 2121 20 23 a
1372 2121 148 24 concern

432 2157 54 34 for
515 2158 58 34 the
602 2157 148 44 possible
779 2158 127 35 double
931 2159 169 43 jeopardy
1129 2169 251 33 consequences
1409 2160 40 34 of
1475 2170 44 23 an

431 2217 184 25 erroneous
637 2207 112 43 ruling
771 2207 44 35 he
835 2219 87 32 gave
943 2208 83 34 both
1048 2208 141 35 defense
1210 2209 139 34 counsel
1370 2209 69 35 and
1461 2209 59 34 the

432 2262 199 39 prosecutor
640 2257 64 35 full
713 2258 223 44 opportunity
945 2263 35 29 to
990 2258 137 44 explain
1136 2259 89 34 their
1234 2259 164 43 positions
1408 2270 44 23 on
1461 2259 60 34 the

432 2307 174 43 propriety
617 2307 39 34 of
665 2318 20 24 a
698 2307 156 35 mistrial.
869 2309 65 33 We
946 2318 59 24 are
1016 2308 173 35 therefore
1200 2308 192 44 persuaded
1405 2309 44 43 by
1461 2308 60 34 the

432 2356 119 35 record
567 2357 76 34 that
658 2357 59 35 the
732 2357 79 34 trial
823 2357 108 44 judge
946 2357 101 35 acted
1063 2358 212 44 responsibly
1290 2358 68 34 and
1374 2358 145 35 deliber­

431 2406 103 43 ately,
550 2406 68 35 and
633 2406 169 35 accorded
818 2407 132 35 careful
965 2408 253 34 consideration
1233 2413 36 29 to
1283 2408 236 44 respondent’s
