1648 2680
302 248 67 35 606

393 389 114 34 Deltic
520 394 62 38 put
595 389 42 33 its
651 389 81 42 plan
746 388 71 34 into
831 388 103 34 effect
948 388 44 42 by
1005 387 235 42 constructing
1254 397 20 23 a
1289 387 79 36 $3.2
1382 386 131 34 million

302 438 314 40 “merchandiser,”
631 437 112 34 which
757 437 27 34 is
798 448 20 23 a
833 437 154 43 physical
1000 436 97 43 plant
1110 436 77 34 that
1200 447 69 22 was
1284 435 87 34 built
1384 440 81 29 next
1479 440 35 29 to

301 488 59 34 the
375 487 144 35 sawmill
536 487 177 43 operation
730 486 67 34 and
814 486 234 43 supplements
1064 486 76 33 that
1156 485 143 43 facility.
1316 485 74 33 The
1405 484 109 34 entire

302 536 256 35 merchandiser
580 547 69 23 was
672 535 200 35 considered
895 535 44 43 by
961 535 58 34 the
1041 534 271 34 Commissioner
1334 539 35 29 to
1391 534 43 34 be
1455 539 58 28 tax

301 592 138 38 exempt
451 591 121 38 except
585 585 53 35 for
650 585 59 34 the
720 595 104 24 crane
836 595 75 24 now
924 584 34 34 in
970 584 168 44 question.
1152 584 91 34 That
1255 594 114 30 crane,
1383 583 131 42 bought

302 636 53 35 for
378 636 185 41 $572,519,
587 635 27 35 is
637 640 51 29 set
711 635 34 34 in
768 640 159 29 concrete
950 634 68 35 and
1041 645 111 23 serves
1175 634 59 34 the
1257 632 257 35 merchandiser

302 686 178 44 primarily
500 685 68 35 and
588 685 59 35 the
667 685 145 34 sawmill
832 684 225 44 secondarily.

392 763 193 43 Stumpage
603 762 27 34 is
648 762 149 42 brought
815 761 34 34 in
866 761 117 34 trucks
1001 760 91 34 from
1109 761 59 33 the
1185 760 115 34 woods
1318 766 35 28 to
1371 760 143 34 Deltic’s

302 813 106 42 plant.
420 812 193 42 Stumpage
624 811 76 34 that
711 811 27 34 is
750 810 141 43 already
901 816 59 28 cut
971 816 35 28 to
1017 810 145 34 sawmill
1174 810 118 42 length
1303 810 27 33 is
1342 809 172 34 unloaded

302 867 36 28 at
358 861 58 34 the
436 861 145 34 sawmill
601 860 219 43 department
840 859 69 34 and
929 859 27 34 is
977 859 84 34 used
1081 859 34 34 in
1136 859 59 34 the
1215 858 244 35 manufacture
1478 858 39 34 of

302 911 145 40 lumber,
465 921 38 24 as
520 909 128 35 before.
667 910 132 34 Trucks
816 909 72 34 also
906 909 99 43 bring
1022 908 34 35 in
1074 908 189 43 low-grade
1279 913 183 39 stumpage
1478 907 39 35 of

302 966 72 30 tree
390 960 118 44 length
525 960 116 35 rather
657 960 85 34 than
758 959 39 35 of
810 959 145 35 sawmill
973 959 127 43 length.
1118 959 74 34 The
1208 969 105 24 crane
1328 957 72 35 lifts
1417 958 97 34 those

302 1012 72 42 logs
385 1016 36 30 to
431 1022 20 23 a
463 1011 118 43 height
592 1010 39 35 of
639 1010 146 44 perhaps
801 1011 40 33 14
852 1009 70 35 feet
933 1009 69 35 and
1013 1009 114 44 places
1138 1009 96 34 them
1245 1019 44 24 on
1299 1009 60 34 the
1370 1008 144 44 “cut-up

301 1061 110 34 deck”
425 1060 40 35 of
475 1061 59 34 the
547 1060 267 34 merchandiser.
829 1060 75 34 The
917 1059 224 35 chancellor’s
1155 1059 101 34 order
1269 1059 173 34 describes
1455 1058 59 34 the

302 1116 122 37 cut-up
444 1120 136 33 process
601 1110 34 33 in
655 1109 68 34 this
744 1110 181 42 language:

516 1186 74 34 The
604 1185 257 34 merchandiser
875 1190 76 29 cuts
966 1190 77 38 part
1057 1184 39 34 of
1107 1184 59 34 the
1180 1183 189 44 low-grade
1383 1189 130 38 stump-

425 1246 65 32 age
505 1235 111 34 which
631 1235 28 34 is
674 1235 34 34 in
724 1240 72 29 tree
811 1234 134 43 lengths
961 1234 71 34 into
1047 1234 127 42 sawlog
1190 1234 135 42 lengths
1341 1233 105 44 ready
1461 1233 53 34 for

425 1285 134 43 cutting
569 1285 72 34 into
651 1284 135 34 lumber
796 1284 68 34 and
875 1284 59 34 the
943 1289 69 29 rest
1022 1283 39 35 of
1067 1284 59 34 the
1136 1289 183 38 stumpage
1329 1283 27 34 is
1367 1282 84 35 used
1461 1282 53 35 for

426 1335 58 34 the
498 1334 204 44 production
716 1333 39 35 of
766 1334 233 43 high-quality
1012 1333 96 44 chips
1123 1333 77 34 that
1213 1338 93 29 must
1320 1338 91 29 meet
1426 1332 88 43 rigid

425 1384 133 44 quality
577 1383 193 35 standards.
793 1384 50 42 By
862 1383 133 43 cutting
1015 1383 59 34 the
1093 1388 183 38 stumpage
1296 1383 71 33 into
1387 1382 127 43 sawlog

426 1434 145 42 lengths,
585 1433 59 34 the
656 1433 74 34 first
743 1438 74 38 step
830 1433 27 34 is
871 1432 144 35 avoided
1028 1433 35 33 in
1076 1433 59 33 the
1147 1432 135 34 lumber
1295 1432 219 43 department

425 1483 39 34 of
480 1483 59 34 the
557 1483 97 43 plant
673 1483 113 33 where
805 1482 233 43 high-quality
1057 1482 208 42 tree-length
1284 1487 183 38 stumpage
1486 1481 27 34 is

425 1533 74 34 first
520 1537 58 29 cut
600 1532 72 34 into
694 1532 127 43 sawlog
843 1532 146 43 lengths.
1012 1531 83 35 This
1117 1531 74 34 first
1212 1536 59 29 cut
1293 1531 72 34 into
1387 1531 127 42 sawlog

426 1582 134 43 lengths
570 1587 36 29 at
616 1582 59 34 the
684 1581 257 35 merchandiser
951 1581 27 34 is
989 1592 37 23 as
1037 1581 189 44 important
1235 1581 69 34 and
1314 1581 152 44 requires
1476 1591 37 24 as

426 1632 104 34 much
543 1632 77 34 skill
634 1643 37 23 as
684 1632 60 34 the
757 1631 192 43 remaining
962 1631 134 43 cutting
1109 1630 285 35 determinations
1408 1631 34 34 in
1456 1630 59 35 the

426 1682 282 43 manufacturing
728 1681 39 35 of
785 1681 144 35 lumber.

392 1759 75 34 The
488 1764 182 38 stumpage
691 1759 76 34 that
789 1758 61 34 has
873 1758 87 34 been
982 1763 59 29 cut
1062 1758 35 34 in
1119 1758 59 34 the
1199 1757 258 35 merchandiser
1479 1763 35 29 to

302 1809 145 34 sawmill
467 1809 117 42 length
605 1809 27 33 is
652 1808 144 41 carried,
818 1808 204 43 apparently
1042 1813 60 29 not
1122 1808 45 43 by
1186 1808 59 33 the
1264 1818 115 30 crane,
1400 1813 35 28 to
1456 1807 59 34 the

301 1858 145 34 sawmill
471 1863 35 29 to
531 1858 42 34 be
597 1857 103 35 made
724 1858 71 34 into
820 1857 145 35 lumber.
991 1857 75 35 The
1089 1863 70 29 rest
1183 1857 39 35 of
1243 1857 59 35 the
1326 1856 188 44 low-grade

301 1913 183 38 stumpage
501 1908 27 34 is
546 1907 175 35 debarked
739 1908 33 34 in
790 1908 59 34 the
866 1907 269 41 merchandiser,
1153 1912 59 30 cut
1230 1907 72 34 into
1319 1907 108 44 chips,
1445 1906 68 35 and

301 1957 114 35 sorted
427 1969 37 23 as
475 1963 35 29 to
521 1958 79 34 size.
612 1958 75 34 The
697 1957 96 44 chips
804 1962 93 29 must
908 1962 91 29 meet
1010 1957 131 34 certain
1153 1957 262 43 specifications,
1427 1957 87 34 have

301 2008 65 33 less
381 2007 84 34 than
483 2007 52 34 1%
549 2007 97 40 bark,
661 2007 68 34 and
744 2007 42 34 be
800 2007 73 34 free
886 2007 91 34 from
991 2007 62 34 soil
1067 2006 68 35 and
1150 2007 98 34 other
1261 2006 253 43 objectionable

301 2057 211 34 substances.
538 2058 33 32 A
595 2056 114 34 Deltic
733 2056 136 34 witness
894 2056 149 34 testified
1066 2056 77 34 that
1167 2056 141 42 making
1332 2055 181 44 pulpwood

301 2106 96 44 chips
409 2106 27 34 is
447 2111 60 29 not
514 2106 72 43 just
598 2117 20 23 a
629 2111 127 29 matter
767 2105 39 35 of
814 2105 238 44 haphazardly
1062 2106 134 42 cutting
1207 2105 59 34 the
1277 2105 55 43 log
1343 2105 72 34 into
1426 2105 88 34 little

301 2156 172 43 particles;
485 2167 20 23 a
517 2155 88 44 rigid
616 2156 235 43 specification
862 2156 45 43 by
918 2155 59 35 the
987 2166 107 33 paper
1105 2155 73 34 mill
1190 2160 92 29 must
1293 2155 43 34 be
1347 2160 81 29 met.
1440 2155 74 34 The

301 2206 137 34 witness
455 2205 84 34 said:
558 2206 39 33 “I
614 2206 194 43 personally
825 2205 99 34 think
940 2216 51 23 we
1007 2205 245 34 manufacture
1267 2205 99 34 those
1382 2205 130 43 chips.”

301 2255 74 34 The
395 2255 96 43 chips
512 2266 60 23 are
592 2255 73 34 sold
687 2260 35 29 to
743 2255 64 34 five
827 2254 162 35 different
1010 2265 107 33 paper
1137 2255 101 40 mills,
1260 2265 65 23 one
1346 2254 39 34 of
1402 2254 111 34 which

301 2305 152 43 requires
474 2304 186 35 hardwood
680 2304 107 44 chips.

391 2381 75 34 The
475 2381 196 34 chancellor
682 2391 110 24 seems
803 2386 35 29 to
849 2381 87 34 have
946 2380 108 35 found
1064 2381 77 34 that
1151 2381 59 33 the
1220 2381 96 43 chips
1327 2391 60 23 are
1397 2380 34 34 in
1441 2380 73 34 fact
