1632 2688
311 401 33 34 in
365 401 133 34 further
516 402 163 34 violation
698 402 40 34 of
754 402 51 34 his
825 402 141 44 implied
985 408 179 36 covenant,
1183 403 99 34 when
1302 403 43 34 he
1363 403 106 34 failed
1489 408 35 29 to

310 451 138 42 explore
461 451 59 33 the
533 456 135 29 eastern
682 451 134 43 portion
830 451 39 34 of
879 452 59 33 the
951 452 183 43 appellee’s
1153 453 64 33 120
1230 463 107 23 acres.
1353 453 14 33 I
1381 452 71 34 find
1465 452 59 34 the

310 500 186 43 testimony
520 500 39 34 of
580 501 183 42 appellee’s
788 506 119 38 expert
931 500 69 35 and
1024 501 60 34 the
1108 501 176 43 appellant
1308 501 35 34 in
1367 502 156 43 hopeless

310 549 149 41 conflict,
471 549 59 34 the
541 550 176 43 appellant
728 549 162 44 standing
901 561 44 23 on
956 550 59 35 the
1026 550 73 35 fact
1110 550 76 35 that
1198 550 43 35 he
1251 551 63 34 has
1325 550 122 35 drilled
1458 551 65 35 five

310 599 93 35 wells
412 599 34 35 in
455 599 93 35 what
557 600 43 34 he
608 599 174 35 considers
792 600 59 34 the
859 605 90 30 most
958 600 188 45 promising
1156 606 77 39 part
1241 600 40 35 of
1286 601 59 34 the
1354 601 92 35 lease
1454 600 68 36 and

310 650 52 34 his
372 650 190 44 producing
572 650 93 35 wells
675 661 65 24 can
750 650 195 45 eventually
955 651 80 35 take
1045 651 45 35 all
1101 651 59 35 the
1169 651 45 35 oil
1224 651 34 35 in
1268 651 60 35 the
1336 651 185 42 leasehold,

310 711 83 24 even
419 701 131 43 though
576 701 26 34 it
627 701 98 34 takes
751 706 128 39 twenty
904 712 98 33 years
1027 712 38 24 or
1091 712 47 30 so,
1165 713 37 23 as
1228 702 150 44 opposed
1404 707 35 30 to
1464 702 59 35 the

309 751 184 43 appellee’s
506 756 118 38 expert
636 751 76 34 who
724 751 113 35 would
850 756 121 39 expect
983 752 59 34 the
1053 752 205 43 appellant’s
1271 752 93 35 wells
1376 757 35 30 to
1423 752 98 35 drain

310 800 90 34 from
420 806 58 29 ten
499 811 79 24 acre
598 812 109 23 areas.

316 263 63 33 152

401 878 34 34 If
441 889 65 23 one
515 889 154 24 assumes
679 879 77 34 that
765 879 204 43 appellants’
979 879 93 34 wells
1081 879 114 34 would
1204 879 99 35 drain
1313 880 210 34 somewhere

309 927 34 35 in
356 927 59 34 the
427 928 258 42 neighborhood
697 928 90 34 from
799 933 58 29 ten
870 939 107 30 acres,
990 928 83 34 then
1085 929 26 33 it
1123 929 27 34 is
1163 929 141 34 obvious
1316 929 59 34 the
1386 934 135 29 eastern

309 977 134 42 portion
455 976 39 34 of
502 978 87 33 Mrs.
603 977 139 35 Barnes’
755 983 161 38 property
927 978 27 33 is
965 978 69 33 still
1044 978 134 42 subject
1189 983 35 29 to
1235 978 224 43 exploration.
1472 979 50 42 By

309 1025 159 43 allowing
486 1026 58 35 the
561 1026 107 34 lessee
684 1031 36 29 to
737 1026 80 34 hold
835 1026 59 34 the
911 1026 109 34 entire
1036 1027 185 40 leasehold,
1241 1028 87 33 Mrs.
1348 1028 128 35 Barnes
1494 1028 27 33 is

309 1074 102 42 being
428 1074 162 43 deprived
607 1074 39 34 of
660 1075 202 43 potentially
880 1075 193 43 “receiving
1091 1076 161 42 royalties
1270 1076 91 34 from
1378 1076 144 34 another

308 1124 267 42 arrangement”
589 1134 37 23 as
639 1123 176 35 discussed
828 1124 34 33 in
875 1123 103 43 Byrd,
992 1135 119 32 supra.
1126 1125 57 33 On
1195 1125 60 33 the
1266 1125 99 34 other
1377 1125 104 40 hand,
1495 1125 30 34 if

308 1183 65 23 one
387 1183 154 24 assumes
555 1172 76 35 that
645 1173 59 34 the
717 1173 205 43 appellants’
937 1173 190 44 producing
1141 1174 93 34 wells
1247 1184 66 24 can
1327 1175 195 43 eventually

308 1222 81 34 take
399 1222 45 34 all
456 1222 59 35 the
524 1222 45 34 oil
580 1222 35 34 in
625 1222 60 35 the
695 1222 185 42 leasehold,
892 1228 36 29 to
938 1223 81 34 take
1029 1223 84 35 such
1124 1223 45 35 oil
1180 1234 79 24 over
1270 1235 20 23 a
1301 1229 128 38 twenty
1439 1235 82 33 year

307 1282 39 24 or
354 1282 38 24 so
401 1272 129 44 period,
540 1272 155 44 deprives
706 1273 87 34 Mrs.
805 1273 129 34 Barnes
943 1272 40 35 of
989 1284 20 23 a
1019 1273 129 44 receipt
1156 1273 40 35 of
1201 1274 61 34 her
1271 1274 162 44 royalties
1441 1285 80 24 over

308 1333 44 24 an
373 1322 251 36 unreasonable
644 1322 118 45 period
782 1322 39 36 of
838 1323 94 35 time.

399 1402 39 34 In
459 1401 109 35 either
588 1407 110 36 event,
719 1402 59 36 the
798 1402 225 35 chancellor’s
1043 1402 152 36 decision
1215 1403 28 35 is
1263 1409 60 30 not
1343 1404 136 44 against
1499 1415 21 24 a

307 1451 280 43 preponderance
602 1452 40 34 of
655 1452 59 34 the
730 1452 172 35 evidence.
921 1453 15 34 I
953 1453 113 34 would
1082 1454 119 34 cancel
1218 1454 59 34 the
1293 1454 93 34 lease
1401 1465 44 24 on
1462 1454 59 35 the

311 1502 64 33 120
387 1512 96 24 acres
495 1507 121 38 except
629 1513 37 23 as
678 1507 35 29 to
725 1502 59 34 the
795 1507 58 30 ten
865 1513 80 23 acre
956 1507 107 29 tracts
1074 1503 231 43 surrounding
1316 1504 86 34 each
1413 1503 40 35 of
1461 1504 59 34 the

307 1550 78 34 four
405 1551 92 33 wells
518 1551 173 44 presently
710 1551 142 35 utilized
873 1551 45 44 by
938 1552 59 34 the
1016 1552 166 44 appellee.

397 1628 208 41 Newbern,
627 1629 42 40 J.,
686 1629 91 43 joins
798 1629 35 35 in
853 1629 68 34 this
941 1629 140 35 dissent.

347 1907 166 34 BOONE
534 1907 217 41 COUNTY,
772 1909 277 40 ARKANSAS,
1070 1908 116 46 d/b/a
1207 1910 271 34 HILLCREST

360 1957 227 35 NURSING
609 1957 156 41 HOME,
786 1963 34 29 et
841 1958 43 34 al.
906 1969 28 23 v.
956 1959 127 33 APEX
1103 1958 63 35 OF
1185 1959 277 41 ARKANSAS,

796 2008 110 40 INC.,
928 2013 34 29 et
982 2008 43 34 al.

305 2084 130 35 85-279

1196 2087 68 34 702
1285 2086 143 35 S.W.2d
1449 2088 66 33 795

632 2163 171 43 Supreme
823 2163 111 35 Court
953 2163 40 35 of
1009 2164 179 37 Arkansas

557 2212 151 43 Opinion
728 2212 172 35 delivered
922 2213 176 44 February
1119 2215 31 39 3,
1176 2215 87 33 1986
