1635 2695
311 292 43 33 66

401 634 128 33 Patton
556 633 30 35 &
613 634 134 40 Brown,
773 632 68 36 and
866 632 115 35 Eddie
1009 635 45 33 W.
1080 633 192 41 Bankston,
1298 634 65 34 Pro
1387 633 56 41 Se,
1470 633 53 35 for

310 683 186 42 appellant.

405 760 140 33 Warren
564 760 45 32 H.
637 758 162 41 Webster,
821 758 53 34 for
894 759 165 43 appellee.

401 835 180 33 Darrell
594 835 198 40 Hickman,
807 834 141 34 Justice.

962 835 83 33 This
1059 844 80 24 case
1151 835 106 34 arises
1270 835 91 34 from
1374 835 148 42 ongoing

311 883 170 42 litigation
494 883 154 35 between
661 883 59 34 the
732 883 127 44 parties
872 883 34 34 in
919 883 83 35 both
1014 883 123 35 circuit
1149 884 68 34 and
1229 884 172 43 chancery
1413 889 108 30 court.

309 932 83 35 This
407 933 27 34 is
449 933 59 34 the
522 932 92 36 third
628 933 84 34 time
726 933 59 35 the
798 933 128 44 parties
941 933 87 35 have
1042 934 86 34 been
1143 933 118 35 before
1275 945 40 23 us
1329 944 43 24 on
1387 935 133 42 appeal.

309 982 83 35 This
408 983 124 43 appeal
550 983 26 34 is
593 982 90 34 from
700 994 20 23 a
737 982 210 35 foreclosure
962 983 123 34 decree
1100 983 35 34 in
1152 984 171 43 chancery
1339 989 98 29 court
1453 984 68 34 and

310 1037 153 38 presents
476 1032 58 33 the
546 1032 157 43 question
715 1032 39 34 of
763 1032 153 34 whether
929 1032 174 34 Charlene
1115 1033 207 39 McKenzie,
1335 1032 59 34 the
1405 1034 115 42 appel-

309 1081 63 39 lee,
396 1081 65 33 lost
483 1081 60 34 her
566 1081 92 42 right
680 1086 36 29 to
738 1081 210 34 foreclosure
969 1082 35 33 in
1027 1082 171 42 chancery
1220 1087 99 29 court
1340 1082 100 33 when
1462 1082 61 34 she

309 1129 207 44 voluntarily
547 1130 182 34 nonsuited
761 1130 59 35 the
851 1141 97 23 same
978 1131 104 34 claim
1114 1130 34 34 in
1180 1131 59 34 the
1270 1131 123 34 circuit
1424 1137 98 28 court

310 1178 216 45 proceeding.

400 1256 174 36 Charlene
596 1257 196 36 McKenzie
814 1258 200 35 contracted
1036 1257 82 36 with
1140 1258 59 35 the
1220 1258 139 35 Pulaski
1383 1258 139 45 County

308 1306 137 45 Special
459 1307 125 36 School
598 1307 144 36 District
755 1314 35 29 to
803 1308 95 36 build
911 1319 20 24 a
944 1309 118 41 house;
1075 1308 61 35 she
1148 1308 246 45 subsequently
1406 1309 115 35 leased

309 1358 59 35 the
384 1358 107 35 house
507 1364 35 29 to
559 1358 110 35 Eddie
685 1359 68 34 and
770 1360 90 34 June
877 1359 187 41 Bankston,
1081 1359 59 34 the
1156 1360 204 43 appellants,
1378 1359 82 35 with
1477 1371 44 23 an

308 1408 117 43 option
441 1413 35 29 to
491 1408 179 44 purchase.
686 1409 75 34 The
776 1409 193 34 Bankstons
985 1408 173 35 exercised
1174 1410 59 33 the
1247 1410 117 43 option
1379 1409 34 34 in
1433 1411 88 33 1980

309 1457 67 34 and
389 1457 132 43 bought
532 1458 59 34 the
602 1458 107 33 house
721 1458 53 34 for
786 1458 161 40 $86,000.
961 1458 198 34 McKenzie
1169 1459 82 33 took
1262 1470 20 22 a
1294 1464 180 37 mortgage
1485 1459 40 34 of

309 1507 161 39 $83,000.
483 1507 74 33 The
570 1507 193 33 Bankstons
775 1506 69 35 had
856 1517 185 24 numerous
1054 1507 172 43 problems
1238 1508 82 33 with
1332 1507 60 34 the
1402 1507 117 34 house.

307 1555 98 34 Then
419 1566 20 23 a
452 1555 62 34 fire
527 1556 34 34 in
574 1555 205 43 September
792 1555 40 35 of
846 1556 88 34 1980
947 1555 128 35 caused
1088 1556 173 35 extensive
1273 1556 159 43 damage.
1447 1557 74 34 The

310 1605 193 34 Bankstons
520 1615 88 24 were
624 1605 80 43 paid
722 1606 232 40 $129,974.68
972 1606 45 43 by
1033 1605 89 35 their
1138 1616 76 24 own
1230 1606 182 35 insurance
1428 1617 92 24 com­

308 1665 92 33 pany
420 1654 53 35 for
493 1655 59 34 the
571 1654 66 35 loss
658 1655 34 34 in
713 1656 90 43 July,
828 1656 99 33 1981.
948 1655 57 35 On
1026 1656 89 34 June
1139 1656 51 40 10,
1216 1657 99 40 1982,
1335 1656 81 43 they
1436 1656 83 35 sued

309 1704 207 41 McKenzie,
529 1705 59 34 the
598 1703 116 36 school
727 1704 134 35 district
873 1704 69 35 and
954 1705 60 35 the
1024 1705 163 34 district’s
1199 1705 182 35 insurance
1392 1706 128 34 carrier

307 1753 150 43 alleging
471 1764 184 24 numerous
669 1754 147 34 theories
831 1754 177 43 including
1021 1754 210 43 negligence,
1245 1755 126 34 breach
1384 1755 39 34 of
1432 1766 85 23 war­

307 1803 128 34 ranties
444 1803 69 34 and
523 1803 127 35 breach
659 1803 39 34 of
704 1808 166 30 contract.
881 1804 74 34 The
964 1804 74 34 first
1047 1804 123 43 appeal
1179 1805 129 43 merely
1316 1804 202 43 questioned

308 1852 58 35 the
390 1853 122 34 circuit
536 1853 126 35 court’s
687 1853 113 44 ruling
824 1853 76 35 that
925 1854 59 34 the
1007 1853 117 35 school
1147 1853 133 35 district
1304 1864 69 24 was
1397 1854 123 44 totally

308 1903 154 34 immune
483 1903 91 34 from
595 1903 59 34 the
674 1903 132 35 claims.
830 1903 65 34 We
917 1903 79 35 held
1017 1904 77 34 that
1115 1903 59 35 the
1194 1903 133 36 district
1348 1915 69 23 was
1439 1904 81 44 only

307 1953 155 34 immune
483 1953 90 34 from
596 1957 68 30 tort
686 1953 147 44 liability
855 1953 69 34 and
946 1954 101 34 could
1070 1953 43 35 be
1134 1953 103 35 liable
1258 1954 54 34 for
1333 1953 128 35 breach
1483 1954 39 35 of

306 2007 167 29 contract.
487 2002 181 35 Bankston
679 2014 30 23 v.
722 2002 151 35 Pulaski
887 2003 137 44 County
1035 2003 145 45 Special
1189 2003 135 35 School
1333 2005 102 40 Dist.,
1449 2005 64 33 281

306 2052 85 35 Ark.
407 2053 79 40 476,
503 2053 66 34 665
585 2052 143 35 S.W.2d
745 2054 66 34 859
829 2052 137 44 (1984).
983 2054 56 34 On
1054 2053 143 35 remand
1212 2054 58 34 the
1284 2054 122 34 circuit
1420 2059 99 30 court

307 2102 145 43 granted
472 2113 178 33 summary
665 2103 185 43 judgment
869 2103 54 34 for
942 2104 46 34 all
1008 2103 217 41 defendants,
1245 2103 176 44 including
1441 2105 77 34 Mc­

307 2152 141 34 Kenzie.
464 2153 65 34 We
541 2152 167 35 affirmed.
722 2153 224 34 Bankston v.
960 2155 203 39 McKenzie,
1177 2155 67 33 287
1257 2154 85 34 Ark.
1358 2155 78 39 350,
1450 2155 66 33 698

306 2201 144 35 S.W.2d
470 2203 68 34 799
561 2202 137 43 (1985).

396 2278 103 35 After
512 2279 59 34 the
584 2279 194 35 Bankstons
790 2279 80 35 filed
884 2279 89 35 their
985 2280 149 42 damage
1146 2280 68 34 suit
1226 2280 35 34 in
1273 2280 122 35 circuit
1408 2286 109 35 court,

306 2328 62 34 but
379 2328 119 35 before
509 2328 197 35 McKenzie
716 2340 70 24 was
797 2329 119 35 served
927 2329 82 35 with
1020 2329 114 35 notice
1144 2329 38 35 of
1190 2330 76 34 that
1277 2329 78 41 suit,
1367 2330 61 34 she
1437 2330 81 34 filed

306 2389 20 23 a
337 2377 209 36 foreclosure
554 2378 68 35 suit
631 2378 35 34 in
675 2379 172 42 chancery
855 2384 99 29 court
963 2390 43 23 on
1016 2380 80 42 July
1109 2380 164 40 12,1982,
1283 2379 149 43 alleging
1442 2380 77 34 that

306 2427 59 35 the
381 2428 193 34 Bankstons
589 2439 90 23 were
694 2428 78 34 four
786 2428 138 35 months
940 2429 128 34 behind
1083 2428 35 34 in
1133 2429 89 34 their
1237 2434 191 38 payments.
1444 2429 75 34 The
