1646 2697
293 439 89 44 Jupe
407 439 43 35 O.
476 439 102 44 Pope,
604 439 173 44 conveyed
803 440 44 34 30
872 439 40 34 of
933 439 59 35 the
1017 440 44 33 70
1086 450 96 24 acres
1207 444 36 29 to
1267 450 65 24 one
1356 439 40 35 of
1417 439 89 35 their

294 488 198 44 daughters,
509 488 174 36 Gertrude
697 489 158 41 Rolaine,
871 489 69 34 and
954 490 82 42 they
1050 489 83 35 then
1148 489 172 44 conveyed
1335 490 59 34 the
1408 489 99 35 other

294 540 45 34 40
366 549 96 25 acres
490 544 35 30 to
552 539 89 35 their
667 539 99 35 other
792 539 182 43 daughter,
1003 539 115 35 Bertie
1145 539 111 35 Duke.
1286 540 88 34 Both
1402 539 104 35 deeds

293 588 184 36 contained
488 594 61 29 out
559 589 40 35 of
607 589 59 35 the
676 589 162 43 ordinary
849 590 133 34 clauses
994 589 112 35 which
1117 589 164 44 provided
1292 590 59 34 the
1362 600 143 33 convey-

293 649 102 24 ances
406 649 89 24 were
504 644 35 29 to
550 639 42 34 be
602 639 158 34 effective
770 644 36 29 at
816 639 59 34 the
884 639 105 34 death
999 638 40 35 of
1046 639 58 34 the
1114 644 158 38 grantors
1282 639 68 34 and
1361 639 76 35 that
1447 639 59 34 the

293 693 158 37 grantors
471 688 156 34 reserved
647 688 59 34 the
725 688 91 43 right
835 693 35 29 to
890 689 61 33 sell
970 688 163 35 minerals
1153 688 109 35 under
1281 689 59 34 the
1358 688 93 41 land,
1471 694 35 29 to

293 737 132 35 receive
435 737 109 35 bonus
555 748 135 33 money,
702 743 35 29 to
748 738 131 34 receive
889 737 102 44 delay
1001 738 139 41 rentals,
1151 737 69 35 and
1231 743 35 29 to
1277 738 87 34 have
1374 738 131 35 control

292 786 40 35 of
348 787 60 34 the
427 787 81 34 land
529 787 54 34 for
602 787 90 35 their
712 787 137 35 natural
870 787 92 35 lives.

299 299 40 33 12

384 863 116 35 Bertie
516 863 102 35 Duke
634 863 59 34 did
710 868 59 30 not
785 864 58 34 file
858 863 62 34 her
936 863 87 35 deed
1040 863 54 34 for
1111 863 120 35 record
1248 864 88 34 until
1352 864 80 43 July
1453 865 52 40 14,

297 913 99 40 1965,
411 913 97 34 three
521 913 85 43 days
621 912 90 35 after
724 913 91 35 A.G.
831 913 120 43 Pope’s
966 913 115 35 death.
1097 913 175 35 Gertrude
1285 914 148 34 Rolaine
1446 913 59 34 did

292 967 60 29 not
364 962 57 34 file
432 962 61 34 her
505 962 87 35 deed
605 963 53 34 for
671 962 119 35 record
803 963 87 34 until
903 962 200 35 November
1116 963 147 41 8,1965.
1277 963 57 34 On
1347 964 89 34 June
1448 964 55 40 20,

296 1012 99 41 1968,
407 1017 67 30 two
485 1012 68 34 and
564 1012 160 35 one-half
732 1023 98 33 years
842 1012 90 35 after
943 1012 180 44 recording
1134 1013 59 34 the
1203 1012 98 42 deed,
1314 1013 89 44 Jupe
1413 1013 92 44 Pope

292 1061 68 35 and
372 1061 116 36 Bertie
499 1062 101 35 Duke
611 1062 165 35 executed
788 1073 44 24 an
843 1062 45 34 oil
900 1062 68 35 and
978 1073 62 33 gas
1051 1062 92 35 lease
1153 1063 40 34 of
1200 1062 59 35 the
1269 1064 45 33 40
1325 1074 80 24 acre
1415 1068 90 29 tract

292 1117 36 29 to
337 1112 59 34 the
405 1112 155 45 appellee
569 1113 45 34 oil
624 1122 171 34 company
804 1112 54 35 for
867 1123 20 24 a
898 1117 89 30 term
996 1112 39 35 of
1041 1117 68 30 two
1118 1123 110 33 years.
1239 1113 56 34 On
1305 1113 81 44 July
1395 1114 31 40 2,
1437 1118 68 30 two

291 1162 112 34 weeks
431 1163 97 40 later,
557 1163 89 43 Jupe
673 1163 92 43 Pope
792 1162 69 35 and
889 1162 175 36 Gertrude
1091 1163 147 35 Rolaine
1265 1162 167 36 executed
1459 1174 45 24 an

291 1211 163 36 identical
470 1212 45 34 oil
531 1212 69 34 and
615 1223 61 32 gas
692 1212 92 35 lease
799 1218 35 29 to
850 1213 155 43 appellee
1020 1223 44 23 on
1079 1213 60 34 the
1155 1214 44 33 30
1215 1223 80 24 acre
1309 1218 101 30 tract.
1427 1214 77 33 Just

292 1261 119 35 before
420 1261 97 35 these
526 1261 111 35 initial
648 1262 108 34 leases
766 1262 151 44 expired,
928 1262 35 34 in
973 1262 243 35 mid-summer
1230 1263 99 40 1970,
1340 1263 59 34 the
1409 1273 96 24 same

291 1311 122 34 lessors
431 1311 166 34 executed
615 1312 147 34 renewal
780 1312 109 34 leases
907 1322 43 24 on
968 1312 59 34 the
1044 1317 67 29 two
1129 1317 117 29 tracts.
1265 1312 75 34 The
1356 1313 148 34 renewal

291 1360 108 34 leases
420 1371 89 23 were
528 1360 54 34 for
602 1372 20 23 a
643 1360 152 44 primary
815 1366 89 29 term
924 1361 40 34 of
980 1361 98 34 three
1097 1372 110 32 years.

382 1436 57 34 On
455 1435 152 35 October
625 1437 52 39 17,
697 1437 100 40 1971,
813 1437 156 42 appellee
983 1437 225 34 commenced
1223 1436 138 44 drilling
1376 1437 68 35 and
1460 1448 44 23 on

291 1485 194 34 December
497 1486 145 39 5,1971,
655 1485 193 44 completed
860 1496 20 24 a
891 1486 191 43 producing
1093 1486 45 34 oil
1149 1486 87 34 well.
1249 1487 39 33 In
1299 1487 90 34 June
1404 1487 98 40 1973,

290 1535 89 43 Jupe
395 1535 42 34 O.
455 1535 92 43 Pope
561 1535 69 34 and
646 1535 46 33 all
707 1535 40 34 of
758 1536 59 34 the
832 1535 102 41 heirs,
951 1535 176 43 including
1144 1536 186 44 appellant,
1347 1535 119 44 signed
1482 1547 20 23 a

290 1583 143 36 division
443 1584 100 35 order
552 1584 111 35 which
673 1584 203 35 authorized
885 1585 59 34 the
952 1590 165 39 payment
1126 1585 40 35 of
1172 1585 46 35 all
1226 1586 135 44 royalty
1370 1591 35 30 to
1414 1586 89 44 Jupe

290 1634 43 34 O.
355 1634 92 44 Pope
467 1633 53 36 for
540 1635 61 34 her
621 1634 146 35 lifetime
787 1634 80 42 and,
888 1635 35 34 in
943 1635 167 41 addition,
1131 1635 174 44 provided:

413 1711 164 35 THIRD:
592 1712 76 40 We,
681 1712 60 34 the
752 1712 242 43 undersigned,
1007 1712 44 35 do
1064 1712 128 44 hereby
1204 1723 103 33 agree
1319 1713 76 35 that
1408 1713 46 34 all
1466 1713 40 35 of

413 1762 162 34 Pennzoil
601 1761 194 44 Producing
822 1762 211 44 Company’s
1058 1762 175 35 leasehold
1258 1763 160 43 covering
1443 1763 60 35 the

414 1811 108 35 above
531 1811 180 35 described
720 1817 107 30 tracts
838 1823 59 23 are
905 1812 36 34 in
950 1812 64 35 full
1024 1812 95 35 force
1128 1813 69 34 and
1207 1812 103 35 effect
1320 1813 68 35 and
1398 1824 51 23 we
1458 1813 45 35 do

414 1861 128 44 hereby
553 1862 116 44 adopt,
682 1862 105 44 ratify
798 1862 69 35 and
878 1863 145 34 confirm
1034 1862 86 35 each
1131 1863 39 34 of
1178 1863 163 34 Pennzoil
1352 1863 149 35 Produc-

413 1911 58 42 ing
488 1911 211 44 Company’s
716 1912 108 35 leases
841 1912 159 43 covering
1017 1912 97 35 these
1129 1917 107 30 tracts
1253 1913 68 34 and
1338 1913 163 44 provided

412 1961 162 34 Pennzoil
583 1971 85 34 pays
678 1962 161 43 royalties
849 1961 34 35 in
893 1962 59 34 the
961 1962 215 44 proportions
1186 1967 52 30 set
1246 1968 71 36 out,
1327 1973 97 25 same
1433 1963 68 34 will

412 2011 44 34 be
475 2010 214 35 maintained
710 2011 34 34 in
765 2011 64 35 full
849 2011 95 35 force
964 2011 68 35 and
1053 2012 113 34 effect.

379 2087 89 44 Jupe
479 2087 43 34 O.
536 2088 92 43 Pope
639 2087 80 34 died
731 2098 43 24 on
787 2087 80 44 July
880 2089 171 39 31,1979.
1064 2089 168 43 Appellee
1244 2089 162 34 Pennzoil
1418 2089 83 34 then

287 2135 81 35 filed
388 2147 20 23 a
429 2136 59 34 bill
508 2136 39 34 of
564 2137 230 43 interpleader
814 2138 34 34 in
868 2137 101 34 order
988 2143 35 29 to
1043 2137 192 35 determine
1254 2143 35 29 to
1309 2139 113 34 whom
1442 2138 59 35 the

287 2186 135 43 royalty
434 2185 123 35 should
570 2186 44 35 be
625 2186 92 44 paid.
731 2187 190 44 Appellant
932 2187 81 35 filed
1026 2198 21 23 a
1059 2193 143 29 counter
1215 2188 105 34 claim
1332 2188 168 43 asserting

288 2235 76 34 that
376 2235 59 35 the
450 2236 87 33 1956
549 2236 104 34 deeds
665 2235 90 35 from
766 2236 92 35 A.G.
871 2237 92 43 Pope
974 2236 69 35 and
1055 2237 80 34 wife
1145 2242 36 29 to
1193 2238 115 33 Bertie
1318 2238 102 34 Duke
1431 2238 69 34 and

288 2284 174 35 Gertrude
477 2285 147 35 Rolaine
640 2296 89 24 were
744 2286 195 34 ineffective
954 2292 36 29 to
1006 2297 78 33 pass
1100 2287 85 34 title.
1202 2287 75 34 The
1292 2287 208 35 Chancellor

287 2334 79 35 held
378 2335 76 34 that
465 2334 97 35 there
573 2346 69 24 was
654 2346 44 23 no
709 2335 150 44 delivery
870 2335 40 35 of
917 2336 59 35 the
986 2336 105 35 deeds
1102 2336 80 42 and,
1194 2337 34 34 in
1240 2336 165 43 addition,
1417 2337 83 44 they

286 2395 90 23 were
391 2384 164 35 intended
570 2396 38 23 as
624 2396 20 23 a
659 2385 80 41 will,
755 2385 62 35 but
833 2385 59 34 did
906 2391 61 29 not
982 2391 92 29 meet
1088 2386 60 34 the
1163 2391 170 39 statutory
1349 2387 150 44 require-

287 2439 112 29 ments
413 2433 40 36 of
463 2445 20 23 a
497 2434 79 35 will.
591 2435 74 34 The
678 2435 79 34 trial
771 2440 99 30 court
883 2435 60 34 did
957 2441 59 29 not
1030 2435 121 35 decide
1164 2436 59 35 the
1235 2436 143 44 validity
1391 2435 40 36 of
1441 2436 60 34 the
