<?xml version='1.0' encoding='utf-8'?>
<alto xmlns="http://www.loc.gov/standards/alto/ns-v3#">
  <!--Created by Innodata R.E.D. RLI tool: 2017-04-25 06:27:40.993030-->
  <Description>
    <MeasurementUnit>pixel</MeasurementUnit>
    <sourceImageInformation>
      <fileName>32044078577194_00326_1.tif</fileName>
    </sourceImageInformation>
    <OCRProcessing ID="OP_1">
      <ocrProcessingStep>
        <processingStepDescription>Alto coordinates refer to the deskewed TIFF file. 
		To convert point (x, y) to original image (TIFF or JP2) apply transformation matrix T=(m00, m01, m10, m11, b0, b1) using the rule:
			T * (x,y) = (m00 * x + m01 * y + b0), (m10 * x + m11 * y + b1)</processingStepDescription>
        <processingStepSettings>RED.transform=(0.9999680001706663, 0.007999914666939733, -0.007999914666939733, 0.9999680001706663, -21.719999999999974, 0.09200000000009823)</processingStepSettings>
      </ocrProcessingStep>
    </OCRProcessing>
  </Description>
  <Styles>
    <TextStyle FONTFAMILY="Times New Roman" FONTSIZE="10.50" FONTSTYLE="bold" FONTTYPE="serif" FONTWIDTH="proportional" ID="Style_2"/>
    <TextStyle FONTFAMILY="Times New Roman" FONTSIZE="10.50" FONTSTYLE="bold smallcaps" FONTTYPE="serif" FONTWIDTH="proportional" ID="Style_3"/>
    <TextStyle FONTFAMILY="Times New Roman" FONTSIZE="11.00" FONTTYPE="serif" FONTWIDTH="proportional" ID="Style_4"/>
    <TextStyle FONTFAMILY="Times New Roman" FONTSIZE="11.00" FONTSTYLE="italics" FONTTYPE="serif" FONTWIDTH="proportional" ID="Style_5"/>
  </Styles>
  <Tags>
    <StructureTag ID="b651-12" LABEL="blockquote"/>
    <StructureTag ID="b652-1" LABEL="pagelabel"/>
    <StructureTag ID="b652-6" LABEL="p"/>
    <StructureTag ID="b652-7" LABEL="p"/>
    <StructureTag ID="b652-8" LABEL="p"/>
    <StructureTag ID="b652-9" LABEL="p"/>
    <StructureTag ID="b652-10" LABEL="judges"/>
  </Tags>
  <Layout>
    <Page HEIGHT="2693" ID="PG_652" PHYSICAL_IMG_NR="652" WIDTH="1670">
      <PrintSpace HEIGHT="2693" HPOS="0" ID="PS_652" VPOS="0" WIDTH="1670">
        <TextBlock HEIGHT="345.0" HPOS="432.0" ID="BL_652.1" TAGREFS="b651-12" VPOS="405.0" WIDTH="1087.0">
          <TextLine HEIGHT="41" HPOS="436" ID="TL_652.1.1" VPOS="405" WIDTH="1080">
            <String CONTENT="White" HEIGHT="35" HPOS="436" ID="ST_652.1.1.1" STYLEREFS="Style_5" VPOS="410" WIDTH="110" WC="1.00" CC="00000" TAGREFS=""/>
            <SP HPOS="546" ID="SP_652.1.1.2" VPOS="411" WIDTH="10"/>
            <String CONTENT="River" HEIGHT="33" HPOS="556" ID="ST_652.1.1.3" STYLEREFS="Style_5" VPOS="411" WIDTH="106" WC="1.00" CC="00000" TAGREFS=""/>
            <SP HPOS="662" ID="SP_652.1.1.4" VPOS="411" WIDTH="10"/>
            <String CONTENT="Limestone" HEIGHT="33" HPOS="672" ID="ST_652.1.1.5" STYLEREFS="Style_5" VPOS="411" WIDTH="198" WC="0.93" CC="000000000" TAGREFS=""/>
            <SP HPOS="870" ID="SP_652.1.1.6" VPOS="408" WIDTH="10"/>
            <String CONTENT="Products" HEIGHT="34" HPOS="880" ID="ST_652.1.1.7" STYLEREFS="Style_5" VPOS="408" WIDTH="174" WC="0.84" CC="00000000" TAGREFS=""/>
            <SP HPOS="1054" ID="SP_652.1.1.8" VPOS="408" WIDTH="12"/>
            <String CONTENT="Co." HEIGHT="34" HPOS="1066" ID="ST_652.1.1.9" STYLEREFS="Style_5" VPOS="408" WIDTH="59" WC="0.87" CC="000" TAGREFS=""/>
            <SP HPOS="1125" ID="SP_652.1.1.10" VPOS="419" WIDTH="14"/>
            <String CONTENT="v." HEIGHT="22" HPOS="1139" ID="ST_652.1.1.11" STYLEREFS="Style_4" VPOS="419" WIDTH="29" WC="0.81" CC="00" TAGREFS=""/>
            <SP HPOS="1168" ID="SP_652.1.1.12" VPOS="409" WIDTH="13"/>
            <String CONTENT="Mo." HEIGHT="32" HPOS="1181" ID="ST_652.1.1.13" STYLEREFS="Style_5" VPOS="409" WIDTH="74" WC="0.70" CC="000" TAGREFS=""/>
            <SP HPOS="1255" ID="SP_652.1.1.14" VPOS="408" WIDTH="13"/>
            <String CONTENT="Pac." HEIGHT="32" HPOS="1268" ID="ST_652.1.1.15" STYLEREFS="Style_5" VPOS="408" WIDTH="80" WC="0.93" CC="0000" TAGREFS=""/>
            <SP HPOS="1348" ID="SP_652.1.1.16" VPOS="405" WIDTH="13"/>
            <String CONTENT="Rd." HEIGHT="35" HPOS="1361" ID="ST_652.1.1.17" STYLEREFS="Style_5" VPOS="405" WIDTH="66" WC="0.97" CC="000" TAGREFS=""/>
            <SP HPOS="1427" ID="SP_652.1.1.18" VPOS="407" WIDTH="17"/>
            <String CONTENT="Co.," HEIGHT="39" HPOS="1444" ID="ST_652.1.1.19" STYLEREFS="Style_5" VPOS="407" WIDTH="72" WC="0.80" CC="0099" TAGREFS=""/>
          </TextLine>
          <TextLine HEIGHT="44" HPOS="433" ID="TL_652.1.2" VPOS="456" WIDTH="1085">
            <String CONTENT="228" HEIGHT="33" HPOS="433" ID="ST_652.1.2.1" STYLEREFS="Style_4" VPOS="461" WIDTH="65" WC="0.87" CC="000" TAGREFS=""/>
            <SP HPOS="498" ID="SP_652.1.2.2" VPOS="459" WIDTH="17"/>
            <String CONTENT="Ark." HEIGHT="34" HPOS="515" ID="ST_652.1.2.3" STYLEREFS="Style_4" VPOS="459" WIDTH="84" WC="1.00" CC="0000" TAGREFS=""/>
            <SP HPOS="599" ID="SP_652.1.2.4" VPOS="460" WIDTH="18"/>
            <String CONTENT="697," HEIGHT="39" HPOS="617" ID="ST_652.1.2.5" STYLEREFS="Style_4" VPOS="460" WIDTH="79" WC="0.93" CC="0000" TAGREFS=""/>
            <SP HPOS="696" ID="SP_652.1.2.6" VPOS="459" WIDTH="18"/>
            <String CONTENT="310" HEIGHT="34" HPOS="714" ID="ST_652.1.2.7" STYLEREFS="Style_4" VPOS="459" WIDTH="66" WC="0.89" CC="000" TAGREFS=""/>
            <SP HPOS="780" ID="SP_652.1.2.8" VPOS="457" WIDTH="16"/>
            <String CONTENT="S.W.2d" HEIGHT="35" HPOS="796" ID="ST_652.1.2.9" STYLEREFS="Style_4" VPOS="457" WIDTH="142" WC="0.99" CC="000990" TAGREFS=""/>
            <SP HPOS="938" ID="SP_652.1.2.10" VPOS="459" WIDTH="18"/>
            <String CONTENT="3" HEIGHT="33" HPOS="956" ID="ST_652.1.2.11" STYLEREFS="Style_4" VPOS="459" WIDTH="17" WC="0.96" CC="0" TAGREFS=""/>
            <SP HPOS="973" ID="SP_652.1.2.12" VPOS="457" WIDTH="19"/>
            <String CONTENT="(1958)." HEIGHT="43" HPOS="992" ID="ST_652.1.2.13" STYLEREFS="Style_4" VPOS="457" WIDTH="137" WC="0.88" CC="0000000" TAGREFS=""/>
            <SP HPOS="1129" ID="SP_652.1.2.14" VPOS="456" WIDTH="18"/>
            <String CONTENT="If" HEIGHT="34" HPOS="1147" ID="ST_652.1.2.15" STYLEREFS="Style_4" VPOS="456" WIDTH="35" WC="0.89" CC="00" TAGREFS=""/>
            <SP HPOS="1182" ID="SP_652.1.2.16" VPOS="457" WIDTH="12"/>
            <String CONTENT="the" HEIGHT="34" HPOS="1194" ID="ST_652.1.2.17" STYLEREFS="Style_4" VPOS="457" WIDTH="58" WC="1.00" CC="000" TAGREFS=""/>
            <SP HPOS="1252" ID="SP_652.1.2.18" VPOS="466" WIDTH="15"/>
            <String CONTENT="responses" HEIGHT="33" HPOS="1267" ID="ST_652.1.2.19" STYLEREFS="Style_4" VPOS="466" WIDTH="176" WC="1.00" CC="000000000" TAGREFS=""/>
            <SP HPOS="1443" ID="SP_652.1.2.20" VPOS="466" WIDTH="16"/>
            <String CONTENT="are" HEIGHT="24" HPOS="1459" ID="ST_652.1.2.21" STYLEREFS="Style_4" VPOS="466" WIDTH="59" WC="0.95" CC="000" TAGREFS=""/>
          </TextLine>
          <TextLine HEIGHT="46" HPOS="432" ID="TL_652.1.3" VPOS="506" WIDTH="1087">
            <String CONTENT="not" HEIGHT="29" HPOS="432" ID="ST_652.1.3.1" STYLEREFS="Style_4" VPOS="515" WIDTH="59" WC="1.00" CC="000" TAGREFS=""/>
            <SP HPOS="491" ID="SP_652.1.3.2" VPOS="520" WIDTH="11"/>
            <String CONTENT="on" HEIGHT="24" HPOS="502" ID="ST_652.1.3.3" STYLEREFS="Style_4" VPOS="520" WIDTH="43" WC="0.78" CC="00" TAGREFS=""/>
            <SP HPOS="545" ID="SP_652.1.3.4" VPOS="509" WIDTH="12"/>
            <String CONTENT="time" HEIGHT="35" HPOS="557" ID="ST_652.1.3.5" STYLEREFS="Style_4" VPOS="509" WIDTH="84" WC="0.90" CC="0000" TAGREFS=""/>
            <SP HPOS="641" ID="SP_652.1.3.6" VPOS="519" WIDTH="10"/>
            <String CONTENT="or" HEIGHT="24" HPOS="651" ID="ST_652.1.3.7" STYLEREFS="Style_4" VPOS="519" WIDTH="38" WC="0.93" CC="00" TAGREFS=""/>
            <SP HPOS="689" ID="SP_652.1.3.8" VPOS="519" WIDTH="11"/>
            <String CONTENT="are" HEIGHT="24" HPOS="700" ID="ST_652.1.3.9" STYLEREFS="Style_4" VPOS="519" WIDTH="59" WC="0.67" CC="000" TAGREFS=""/>
            <SP HPOS="759" ID="SP_652.1.3.10" VPOS="508" WIDTH="11"/>
            <String CONTENT="faulty" HEIGHT="44" HPOS="770" ID="ST_652.1.3.11" STYLEREFS="Style_4" VPOS="508" WIDTH="111" WC="0.84" CC="000000" TAGREFS=""/>
            <SP HPOS="881" ID="SP_652.1.3.12" VPOS="507" WIDTH="11"/>
            <String CONTENT="for" HEIGHT="35" HPOS="892" ID="ST_652.1.3.13" STYLEREFS="Style_4" VPOS="507" WIDTH="53" WC="1.00" CC="000" TAGREFS=""/>
            <SP HPOS="945" ID="SP_652.1.3.14" VPOS="518" WIDTH="11"/>
            <String CONTENT="some" HEIGHT="24" HPOS="956" ID="ST_652.1.3.15" STYLEREFS="Style_4" VPOS="518" WIDTH="95" WC="0.89" CC="0000" TAGREFS=""/>
            <SP HPOS="1051" ID="SP_652.1.3.16" VPOS="507" WIDTH="10"/>
            <String CONTENT="other" HEIGHT="35" HPOS="1061" ID="ST_652.1.3.17" STYLEREFS="Style_4" VPOS="507" WIDTH="98" WC="1.00" CC="00000" TAGREFS=""/>
            <SP HPOS="1159" ID="SP_652.1.3.18" VPOS="517" WIDTH="12"/>
            <String CONTENT="reason," HEIGHT="30" HPOS="1171" ID="ST_652.1.3.19" STYLEREFS="Style_4" VPOS="517" WIDTH="132" WC="0.97" CC="0000000" TAGREFS=""/>
            <SP HPOS="1303" ID="SP_652.1.3.20" VPOS="506" WIDTH="12"/>
            <String CONTENT="such" HEIGHT="34" HPOS="1315" ID="ST_652.1.3.21" STYLEREFS="Style_4" VPOS="506" WIDTH="84" WC="0.96" CC="0000" TAGREFS=""/>
            <SP HPOS="1399" ID="SP_652.1.3.22" VPOS="516" WIDTH="12"/>
            <String CONTENT="as" HEIGHT="23" HPOS="1411" ID="ST_652.1.3.23" STYLEREFS="Style_4" VPOS="516" WIDTH="37" WC="1.00" CC="00" TAGREFS=""/>
            <SP HPOS="1448" ID="SP_652.1.3.24" VPOS="510" WIDTH="12"/>
            <String CONTENT="not" HEIGHT="30" HPOS="1460" ID="ST_652.1.3.25" STYLEREFS="Style_4" VPOS="510" WIDTH="59" WC="1.00" CC="000" TAGREFS=""/>
          </TextLine>
          <TextLine HEIGHT="49" HPOS="432" ID="TL_652.1.4" VPOS="555" WIDTH="1085">
            <String CONTENT="being" HEIGHT="44" HPOS="432" ID="ST_652.1.4.1" STYLEREFS="Style_4" VPOS="560" WIDTH="101" WC="0.95" CC="00000" TAGREFS=""/>
            <SP HPOS="533" ID="SP_652.1.4.2" VPOS="559" WIDTH="28"/>
            <String CONTENT="signed" HEIGHT="45" HPOS="561" ID="ST_652.1.4.3" STYLEREFS="Style_4" VPOS="559" WIDTH="119" WC="1.00" CC="000000" TAGREFS=""/>
            <SP HPOS="680" ID="SP_652.1.4.4" VPOS="559" WIDTH="28"/>
            <String CONTENT="by" HEIGHT="44" HPOS="708" ID="ST_652.1.4.5" STYLEREFS="Style_4" VPOS="559" WIDTH="45" WC="0.69" CC="00" TAGREFS=""/>
            <SP HPOS="753" ID="SP_652.1.4.6" VPOS="558" WIDTH="26"/>
            <String CONTENT="the" HEIGHT="35" HPOS="779" ID="ST_652.1.4.7" STYLEREFS="Style_4" VPOS="558" WIDTH="59" WC="1.00" CC="000" TAGREFS=""/>
            <SP HPOS="838" ID="SP_652.1.4.8" VPOS="558" WIDTH="27"/>
            <String CONTENT="parties" HEIGHT="45" HPOS="865" ID="ST_652.1.4.9" STYLEREFS="Style_4" VPOS="558" WIDTH="127" WC="0.95" CC="0000000" TAGREFS=""/>
            <SP HPOS="992" ID="SP_652.1.4.10" VPOS="569" WIDTH="27"/>
            <String CONTENT="or" HEIGHT="23" HPOS="1019" ID="ST_652.1.4.11" STYLEREFS="Style_4" VPOS="569" WIDTH="38" WC="0.88" CC="00" TAGREFS=""/>
            <SP HPOS="1057" ID="SP_652.1.4.12" VPOS="557" WIDTH="27"/>
            <String CONTENT="being" HEIGHT="43" HPOS="1084" ID="ST_652.1.4.13" STYLEREFS="Style_4" VPOS="557" WIDTH="102" WC="1.00" CC="00000" TAGREFS=""/>
            <SP HPOS="1186" ID="SP_652.1.4.14" VPOS="556" WIDTH="28"/>
            <String CONTENT="inadequate" HEIGHT="45" HPOS="1214" ID="ST_652.1.4.15" STYLEREFS="Style_4" VPOS="556" WIDTH="208" WC="0.87" CC="0000000000" TAGREFS=""/>
            <SP HPOS="1422" ID="SP_652.1.4.16" VPOS="555" WIDTH="27"/>
            <String CONTENT="and" HEIGHT="36" HPOS="1449" ID="ST_652.1.4.17" STYLEREFS="Style_4" VPOS="555" WIDTH="68" WC="0.93" CC="000" TAGREFS=""/>
          </TextLine>
          <TextLine HEIGHT="45" HPOS="432" ID="TL_652.1.5" VPOS="607" WIDTH="1087">
            <String CONTENT="deficient," HEIGHT="41" HPOS="432" ID="ST_652.1.5.1" STYLEREFS="Style_4" VPOS="611" WIDTH="171" WC="1.00" CC="0000000000" TAGREFS=""/>
            <SP HPOS="603" ID="SP_652.1.5.2" VPOS="610" WIDTH="14"/>
            <String CONTENT="this" HEIGHT="35" HPOS="617" ID="ST_652.1.5.3" STYLEREFS="Style_4" VPOS="610" WIDTH="68" WC="0.95" CC="0000" TAGREFS=""/>
            <SP HPOS="685" ID="SP_652.1.5.4" VPOS="615" WIDTH="13"/>
            <String CONTENT="court" HEIGHT="30" HPOS="698" ID="ST_652.1.5.5" STYLEREFS="Style_4" VPOS="615" WIDTH="98" WC="1.00" CC="00000" TAGREFS=""/>
            <SP HPOS="796" ID="SP_652.1.5.6" VPOS="609" WIDTH="13"/>
            <String CONTENT="has" HEIGHT="35" HPOS="809" ID="ST_652.1.5.7" STYLEREFS="Style_4" VPOS="609" WIDTH="62" WC="0.98" CC="000" TAGREFS=""/>
            <SP HPOS="871" ID="SP_652.1.5.8" VPOS="608" WIDTH="14"/>
            <String CONTENT="made" HEIGHT="36" HPOS="885" ID="ST_652.1.5.9" STYLEREFS="Style_4" VPOS="608" WIDTH="102" WC="0.99" CC="0000" TAGREFS=""/>
            <SP HPOS="987" ID="SP_652.1.5.10" VPOS="609" WIDTH="14"/>
            <String CONTENT="it" HEIGHT="34" HPOS="1001" ID="ST_652.1.5.11" STYLEREFS="Style_4" VPOS="609" WIDTH="26" WC="1.00" CC="00" TAGREFS=""/>
            <SP HPOS="1027" ID="SP_652.1.5.12" VPOS="619" WIDTH="13"/>
            <String CONTENT="a" HEIGHT="24" HPOS="1040" ID="ST_652.1.5.13" STYLEREFS="Style_4" VPOS="619" WIDTH="19" WC="1.00" CC="0" TAGREFS=""/>
            <SP HPOS="1059" ID="SP_652.1.5.14" VPOS="608" WIDTH="15"/>
            <String CONTENT="practice" HEIGHT="44" HPOS="1074" ID="ST_652.1.5.15" STYLEREFS="Style_4" VPOS="608" WIDTH="151" WC="1.00" CC="00000000" TAGREFS=""/>
            <SP HPOS="1225" ID="SP_652.1.5.16" VPOS="607" WIDTH="13"/>
            <String CONTENT="of" HEIGHT="35" HPOS="1238" ID="ST_652.1.5.17" STYLEREFS="Style_4" VPOS="607" WIDTH="39" WC="1.00" CC="00" TAGREFS=""/>
            <SP HPOS="1277" ID="SP_652.1.5.18" VPOS="607" WIDTH="10"/>
            <String CONTENT="deeming" HEIGHT="43" HPOS="1287" ID="ST_652.1.5.19" STYLEREFS="Style_4" VPOS="607" WIDTH="159" WC="0.95" CC="0000000" TAGREFS=""/>
            <SP HPOS="1446" ID="SP_652.1.5.20" VPOS="607" WIDTH="14"/>
            <String CONTENT="the" HEIGHT="35" HPOS="1460" ID="ST_652.1.5.21" STYLEREFS="Style_4" VPOS="607" WIDTH="59" WC="1.00" CC="000" TAGREFS=""/>
          </TextLine>
          <TextLine HEIGHT="47" HPOS="432" ID="TL_652.1.6" VPOS="658" WIDTH="1085">
            <String CONTENT="requests" HEIGHT="39" HPOS="432" ID="ST_652.1.6.1" STYLEREFS="Style_4" VPOS="666" WIDTH="153" WC="0.89" CC="00000000" TAGREFS=""/>
            <SP HPOS="585" ID="SP_652.1.6.2" VPOS="666" WIDTH="9"/>
            <String CONTENT="to" HEIGHT="29" HPOS="594" ID="ST_652.1.6.3" STYLEREFS="Style_4" VPOS="666" WIDTH="36" WC="1.00" CC="00" TAGREFS=""/>
            <SP HPOS="630" ID="SP_652.1.6.4" VPOS="661" WIDTH="10"/>
            <String CONTENT="be" HEIGHT="33" HPOS="640" ID="ST_652.1.6.5" STYLEREFS="Style_4" VPOS="661" WIDTH="42" WC="1.00" CC="00" TAGREFS=""/>
            <SP HPOS="682" ID="SP_652.1.6.6" VPOS="660" WIDTH="9"/>
            <String CONTENT="admitted." HEIGHT="34" HPOS="691" ID="ST_652.1.6.7" STYLEREFS="Style_4" VPOS="660" WIDTH="179" WC="0.90" CC="000000000" TAGREFS=""/>
            <SP HPOS="870" ID="SP_652.1.6.8" VPOS="659" WIDTH="10"/>
            <String CONTENT="Stocker v." HEIGHT="35" HPOS="880" ID="ST_652.1.6.9" STYLEREFS="Style_5" VPOS="659" WIDTH="188" WC="1.0" CC="0000000000" TAGREFS=""/>
            <SP HPOS="1068" ID="SP_652.1.6.10" VPOS="658" WIDTH="9"/>
            <String CONTENT="Hall," HEIGHT="40" HPOS="1077" ID="ST_652.1.6.11" STYLEREFS="Style_5" VPOS="658" WIDTH="99" WC="1.00" CC="00000" TAGREFS=""/>
            <SP HPOS="1176" ID="SP_652.1.6.12" VPOS="659" WIDTH="12"/>
            <String CONTENT="269" HEIGHT="33" HPOS="1188" ID="ST_652.1.6.13" STYLEREFS="Style_4" VPOS="659" WIDTH="67" WC="1.00" CC="000" TAGREFS=""/>
            <SP HPOS="1255" ID="SP_652.1.6.14" VPOS="658" WIDTH="9"/>
            <String CONTENT="Ark." HEIGHT="34" HPOS="1264" ID="ST_652.1.6.15" STYLEREFS="Style_4" VPOS="658" WIDTH="85" WC="0.86" CC="0000" TAGREFS=""/>
            <SP HPOS="1349" ID="SP_652.1.6.16" VPOS="658" WIDTH="11"/>
            <String CONTENT="468, 602" HEIGHT="39" HPOS="1360" ID="ST_652.1.6.17" STYLEREFS="Style_4" VPOS="658" WIDTH="157" WC="1.0" CC="00000000" TAGREFS=""/>
          </TextLine>
          <TextLine HEIGHT="42" HPOS="432" ID="TL_652.1.7" VPOS="708" WIDTH="390">
            <String CONTENT="S.W.2d" HEIGHT="35" HPOS="432" ID="ST_652.1.7.1" STYLEREFS="Style_4" VPOS="709" WIDTH="142" WC="0.98" CC="000000" TAGREFS=""/>
            <SP HPOS="574" ID="SP_652.1.7.2" VPOS="711" WIDTH="22"/>
            <String CONTENT="662" HEIGHT="32" HPOS="596" ID="ST_652.1.7.3" STYLEREFS="Style_4" VPOS="711" WIDTH="67" WC="1.00" CC="000" TAGREFS=""/>
            <SP HPOS="663" ID="SP_652.1.7.4" VPOS="708" WIDTH="23"/>
            <String CONTENT="(1980)." HEIGHT="42" HPOS="686" ID="ST_652.1.7.5" STYLEREFS="Style_4" VPOS="708" WIDTH="136" WC="0.85" CC="0000000" TAGREFS=""/>
          </TextLine>
        </TextBlock>
        <TextBlock HEIGHT="33.0" HPOS="309.0" ID="BL_652.2" TAGREFS="b652-1" VPOS="273.0" WIDTH="68.0">
          <TextLine HEIGHT="33" HPOS="309" ID="TL_652.2.1" VPOS="273" WIDTH="68">
            <String CONTENT="614" HEIGHT="33" HPOS="309" ID="ST_652.2.1.1" STYLEREFS="Style_4" VPOS="273" WIDTH="68" WC="0.64" CC="000" TAGREFS=""/>
          </TextLine>
        </TextBlock>
        <TextBlock HEIGHT="96.0" HPOS="309.0" ID="BL_652.4" TAGREFS="b652-6" VPOS="779.0" WIDTH="1209.0">
          <TextLine HEIGHT="46" HPOS="398" ID="TL_652.4.1" VPOS="779" WIDTH="1120">
            <String CONTENT="Accordingly," HEIGHT="42" HPOS="398" ID="ST_652.4.1.1" STYLEREFS="Style_4" VPOS="783" WIDTH="244" WC="0.93" CC="000000000000" TAGREFS=""/>
            <SP HPOS="642" ID="SP_652.4.1.2" VPOS="782" WIDTH="18"/>
            <String CONTENT="the" HEIGHT="33" HPOS="660" ID="ST_652.4.1.3" STYLEREFS="Style_4" VPOS="782" WIDTH="59" WC="0.99" CC="000" TAGREFS=""/>
            <SP HPOS="719" ID="SP_652.4.1.4" VPOS="792" WIDTH="16"/>
            <String CONTENT="case" HEIGHT="23" HPOS="735" ID="ST_652.4.1.5" STYLEREFS="Style_4" VPOS="792" WIDTH="79" WC="0.98" CC="0000" TAGREFS=""/>
            <SP HPOS="814" ID="SP_652.4.1.6" VPOS="786" WIDTH="17"/>
            <String CONTENT="must" HEIGHT="29" HPOS="831" ID="ST_652.4.1.7" STYLEREFS="Style_4" VPOS="786" WIDTH="92" WC="0.97" CC="0000" TAGREFS=""/>
            <SP HPOS="923" ID="SP_652.4.1.8" VPOS="781" WIDTH="18"/>
            <String CONTENT="be" HEIGHT="34" HPOS="941" ID="ST_652.4.1.9" STYLEREFS="Style_4" VPOS="781" WIDTH="42" WC="0.84" CC="00" TAGREFS=""/>
            <SP HPOS="983" ID="SP_652.4.1.10" VPOS="780" WIDTH="16"/>
            <String CONTENT="reversed" HEIGHT="35" HPOS="999" ID="ST_652.4.1.11" STYLEREFS="Style_4" VPOS="780" WIDTH="157" WC="0.92" CC="00000000" TAGREFS=""/>
            <SP HPOS="1156" ID="SP_652.4.1.12" VPOS="781" WIDTH="17"/>
            <String CONTENT="and" HEIGHT="33" HPOS="1173" ID="ST_652.4.1.13" STYLEREFS="Style_4" VPOS="781" WIDTH="68" WC="0.70" CC="000" TAGREFS=""/>
            <SP HPOS="1241" ID="SP_652.4.1.14" VPOS="779" WIDTH="18"/>
            <String CONTENT="remanded" HEIGHT="35" HPOS="1259" ID="ST_652.4.1.15" STYLEREFS="Style_4" VPOS="779" WIDTH="188" WC="0.77" CC="00000000" TAGREFS=""/>
            <SP HPOS="1447" ID="SP_652.4.1.16" VPOS="780" WIDTH="18"/>
            <String CONTENT="for" HEIGHT="33" HPOS="1465" ID="ST_652.4.1.17" STYLEREFS="Style_4" VPOS="780" WIDTH="53" WC="0.85" CC="000" TAGREFS=""/>
          </TextLine>
          <TextLine HEIGHT="44" HPOS="309" ID="TL_652.4.2" VPOS="831" WIDTH="442">
            <String CONTENT="entry" HEIGHT="38" HPOS="309" ID="ST_652.4.2.1" STYLEREFS="Style_4" VPOS="837" WIDTH="98" WC="0.91" CC="00000" TAGREFS=""/>
            <SP HPOS="407" ID="SP_652.4.2.2" VPOS="831" WIDTH="19"/>
            <String CONTENT="of" HEIGHT="34" HPOS="426" ID="ST_652.4.2.3" STYLEREFS="Style_4" VPOS="831" WIDTH="40" WC="1.00" CC="00" TAGREFS=""/>
            <SP HPOS="466" ID="SP_652.4.2.4" VPOS="832" WIDTH="16"/>
            <String CONTENT="the" HEIGHT="33" HPOS="482" ID="ST_652.4.2.5" STYLEREFS="Style_4" VPOS="832" WIDTH="59" WC="0.96" CC="000" TAGREFS=""/>
            <SP HPOS="541" ID="SP_652.4.2.6" VPOS="831" WIDTH="16"/>
            <String CONTENT="judgment." HEIGHT="43" HPOS="557" ID="ST_652.4.2.7" STYLEREFS="Style_4" VPOS="831" WIDTH="194" WC="1.00" CC="000000000" TAGREFS=""/>
          </TextLine>
        </TextBlock>
        <TextBlock HEIGHT="387.0" HPOS="308.0" ID="BL_652.5" TAGREFS="b652-7" VPOS="902.0" WIDTH="1211.0">
          <TextLine HEIGHT="47" HPOS="400" ID="TL_652.5.1" VPOS="902" WIDTH="1119">
            <String CONTENT="We" HEIGHT="33" HPOS="400" ID="ST_652.5.1.1" STYLEREFS="Style_4" VPOS="906" WIDTH="64" WC="1.00" CC="00" TAGREFS=""/>
            <SP HPOS="464" ID="SP_652.5.1.2" VPOS="905" WIDTH="24"/>
            <String CONTENT="briefly" HEIGHT="44" HPOS="488" ID="ST_652.5.1.3" STYLEREFS="Style_4" VPOS="905" WIDTH="119" WC="0.93" CC="0000000" TAGREFS=""/>
            <SP HPOS="607" ID="SP_652.5.1.4" VPOS="905" WIDTH="22"/>
            <String CONTENT="discuss" HEIGHT="34" HPOS="629" ID="ST_652.5.1.5" STYLEREFS="Style_4" VPOS="905" WIDTH="131" WC="1.00" CC="0000000" TAGREFS=""/>
            <SP HPOS="760" ID="SP_652.5.1.6" VPOS="904" WIDTH="23"/>
            <String CONTENT="appellant’s" HEIGHT="44" HPOS="783" ID="ST_652.5.1.7" STYLEREFS="Style_4" VPOS="904" WIDTH="205" WC="0.87" CC="00000000090" TAGREFS=""/>
            <SP HPOS="988" ID="SP_652.5.1.8" VPOS="903" WIDTH="23"/>
            <String CONTENT="other" HEIGHT="35" HPOS="1011" ID="ST_652.5.1.9" STYLEREFS="Style_4" VPOS="903" WIDTH="98" WC="0.84" CC="00000" TAGREFS=""/>
            <SP HPOS="1109" ID="SP_652.5.1.10" VPOS="903" WIDTH="22"/>
            <String CONTENT="assignment" HEIGHT="43" HPOS="1131" ID="ST_652.5.1.11" STYLEREFS="Style_4" VPOS="903" WIDTH="213" WC="0.83" CC="0000000000" TAGREFS=""/>
            <SP HPOS="1344" ID="SP_652.5.1.12" VPOS="902" WIDTH="22"/>
            <String CONTENT="of" HEIGHT="35" HPOS="1366" ID="ST_652.5.1.13" STYLEREFS="Style_4" VPOS="902" WIDTH="40" WC="0.65" CC="00" TAGREFS=""/>
            <SP HPOS="1406" ID="SP_652.5.1.14" VPOS="913" WIDTH="19"/>
            <String CONTENT="error" HEIGHT="23" HPOS="1425" ID="ST_652.5.1.15" STYLEREFS="Style_4" VPOS="913" WIDTH="94" WC="0.83" CC="00000" TAGREFS=""/>
          </TextLine>
          <TextLine HEIGHT="47" HPOS="309" ID="TL_652.5.2" VPOS="951" WIDTH="1210">
            <String CONTENT="because" HEIGHT="34" HPOS="309" ID="ST_652.5.2.1" STYLEREFS="Style_4" VPOS="955" WIDTH="147" WC="0.92" CC="0000000" TAGREFS=""/>
            <SP HPOS="456" ID="SP_652.5.2.2" VPOS="956" WIDTH="16"/>
            <String CONTENT="it" HEIGHT="33" HPOS="472" ID="ST_652.5.2.3" STYLEREFS="Style_4" VPOS="956" WIDTH="26" WC="0.96" CC="00" TAGREFS=""/>
            <SP HPOS="498" ID="SP_652.5.2.4" VPOS="965" WIDTH="15"/>
            <String CONTENT="appears" HEIGHT="33" HPOS="513" ID="ST_652.5.2.5" STYLEREFS="Style_4" VPOS="965" WIDTH="146" WC="0.90" CC="0000000" TAGREFS=""/>
            <SP HPOS="659" ID="SP_652.5.2.6" VPOS="959" WIDTH="15"/>
            <String CONTENT="to" HEIGHT="29" HPOS="674" ID="ST_652.5.2.7" STYLEREFS="Style_4" VPOS="959" WIDTH="35" WC="1.00" CC="00" TAGREFS=""/>
            <SP HPOS="709" ID="SP_652.5.2.8" VPOS="955" WIDTH="16"/>
            <String CONTENT="be" HEIGHT="34" HPOS="725" ID="ST_652.5.2.9" STYLEREFS="Style_4" VPOS="955" WIDTH="43" WC="1.00" CC="00" TAGREFS=""/>
            <SP HPOS="768" ID="SP_652.5.2.10" VPOS="965" WIDTH="15"/>
            <String CONTENT="a" HEIGHT="23" HPOS="783" ID="ST_652.5.2.11" STYLEREFS="Style_4" VPOS="965" WIDTH="20" WC="1.00" CC="0" TAGREFS=""/>
            <SP HPOS="803" ID="SP_652.5.2.12" VPOS="959" WIDTH="16"/>
            <String CONTENT="matter" HEIGHT="29" HPOS="819" ID="ST_652.5.2.13" STYLEREFS="Style_4" VPOS="959" WIDTH="127" WC="0.99" CC="000000" TAGREFS=""/>
            <SP HPOS="946" ID="SP_652.5.2.14" VPOS="954" WIDTH="15"/>
            <String CONTENT="of" HEIGHT="34" HPOS="961" ID="ST_652.5.2.15" STYLEREFS="Style_4" VPOS="954" WIDTH="39" WC="0.88" CC="00" TAGREFS=""/>
            <SP HPOS="1000" ID="SP_652.5.2.16" VPOS="964" WIDTH="12"/>
            <String CONTENT="some" HEIGHT="24" HPOS="1012" ID="ST_652.5.2.17" STYLEREFS="Style_4" VPOS="964" WIDTH="95" WC="0.86" CC="0000" TAGREFS=""/>
            <SP HPOS="1107" ID="SP_652.5.2.18" VPOS="952" WIDTH="15"/>
            <String CONTENT="confusion." HEIGHT="35" HPOS="1122" ID="ST_652.5.2.19" STYLEREFS="Style_4" VPOS="952" WIDTH="191" WC="0.98" CC="0000000000" TAGREFS=""/>
            <SP HPOS="1313" ID="SP_652.5.2.20" VPOS="951" WIDTH="17"/>
            <String CONTENT="Appellant" HEIGHT="45" HPOS="1330" ID="ST_652.5.2.21" STYLEREFS="Style_4" VPOS="951" WIDTH="189" WC="0.84" CC="000000000" TAGREFS=""/>
          </TextLine>
          <TextLine HEIGHT="45" HPOS="309" ID="TL_652.5.3" VPOS="1001" WIDTH="1208">
            <String CONTENT="attached" HEIGHT="35" HPOS="309" ID="ST_652.5.3.1" STYLEREFS="Style_4" VPOS="1004" WIDTH="163" WC="1.00" CC="00000000" TAGREFS=""/>
            <SP HPOS="472" ID="SP_652.5.3.2" VPOS="1016" WIDTH="19"/>
            <String CONTENT="a" HEIGHT="23" HPOS="491" ID="ST_652.5.3.3" STYLEREFS="Style_4" VPOS="1016" WIDTH="20" WC="1.00" CC="0" TAGREFS=""/>
            <SP HPOS="511" ID="SP_652.5.3.4" VPOS="1005" WIDTH="19"/>
            <String CONTENT="certificate" HEIGHT="34" HPOS="530" ID="ST_652.5.3.5" STYLEREFS="Style_4" VPOS="1005" WIDTH="189" WC="1.00" CC="00000000000" TAGREFS=""/>
            <SP HPOS="719" ID="SP_652.5.3.6" VPOS="1004" WIDTH="18"/>
            <String CONTENT="of" HEIGHT="34" HPOS="737" ID="ST_652.5.3.7" STYLEREFS="Style_4" VPOS="1004" WIDTH="39" WC="1.00" CC="00" TAGREFS=""/>
            <SP HPOS="776" ID="SP_652.5.3.8" VPOS="1014" WIDTH="16"/>
            <String CONTENT="no" HEIGHT="23" HPOS="792" ID="ST_652.5.3.9" STYLEREFS="Style_4" VPOS="1014" WIDTH="43" WC="0.89" CC="00" TAGREFS=""/>
            <SP HPOS="835" ID="SP_652.5.3.10" VPOS="1003" WIDTH="18"/>
            <String CONTENT="defense" HEIGHT="34" HPOS="853" ID="ST_652.5.3.11" STYLEREFS="Style_4" VPOS="1003" WIDTH="142" WC="0.93" CC="0000000" TAGREFS=""/>
            <SP HPOS="995" ID="SP_652.5.3.12" VPOS="1008" WIDTH="18"/>
            <String CONTENT="to" HEIGHT="29" HPOS="1013" ID="ST_652.5.3.13" STYLEREFS="Style_4" VPOS="1008" WIDTH="35" WC="1.00" CC="00" TAGREFS=""/>
            <SP HPOS="1048" ID="SP_652.5.3.14" VPOS="1002" WIDTH="19"/>
            <String CONTENT="its" HEIGHT="35" HPOS="1067" ID="ST_652.5.3.15" STYLEREFS="Style_4" VPOS="1002" WIDTH="42" WC="1.00" CC="000" TAGREFS=""/>
            <SP HPOS="1109" ID="SP_652.5.3.16" VPOS="1002" WIDTH="19"/>
            <String CONTENT="complaint." HEIGHT="44" HPOS="1128" ID="ST_652.5.3.17" STYLEREFS="Style_4" VPOS="1002" WIDTH="199" WC="0.96" CC="0000000000" TAGREFS=""/>
            <SP HPOS="1327" ID="SP_652.5.3.18" VPOS="1002" WIDTH="19"/>
            <String CONTENT="See" HEIGHT="34" HPOS="1346" ID="ST_652.5.3.19" STYLEREFS="Style_5" VPOS="1002" WIDTH="69" WC="0.93" CC="000" TAGREFS=""/>
            <SP HPOS="1415" ID="SP_652.5.3.20" VPOS="1001" WIDTH="17"/>
            <String CONTENT="Ark." HEIGHT="34" HPOS="1432" ID="ST_652.5.3.21" STYLEREFS="Style_4" VPOS="1001" WIDTH="85" WC="1.00" CC="0000" TAGREFS=""/>
          </TextLine>
          <TextLine HEIGHT="45" HPOS="308" ID="TL_652.5.4" VPOS="1051" WIDTH="1210">
            <String CONTENT="Stat." HEIGHT="35" HPOS="308" ID="ST_652.5.4.1" STYLEREFS="Style_4" VPOS="1054" WIDTH="89" WC="0.96" CC="00000" TAGREFS=""/>
            <SP HPOS="397" ID="SP_652.5.4.2" VPOS="1055" WIDTH="13"/>
            <String CONTENT="Ann." HEIGHT="33" HPOS="410" ID="ST_652.5.4.3" STYLEREFS="Style_4" VPOS="1055" WIDTH="91" WC="0.85" CC="0000" TAGREFS=""/>
            <SP HPOS="501" ID="SP_652.5.4.4" VPOS="1054" WIDTH="15"/>
            <String CONTENT="§" HEIGHT="42" HPOS="516" ID="ST_652.5.4.5" STYLEREFS="Style_4" VPOS="1054" WIDTH="17" WC="0.98" CC="0" TAGREFS=""/>
            <SP HPOS="533" ID="SP_652.5.4.6" VPOS="1054" WIDTH="14"/>
            <String CONTENT="27-1142" HEIGHT="34" HPOS="547" ID="ST_652.5.4.7" STYLEREFS="Style_4" VPOS="1054" WIDTH="153" WC="0.91" CC="0099990" TAGREFS=""/>
            <SP HPOS="700" ID="SP_652.5.4.8" VPOS="1053" WIDTH="14"/>
            <String CONTENT="(Supp." HEIGHT="43" HPOS="714" ID="ST_652.5.4.9" STYLEREFS="Style_4" VPOS="1053" WIDTH="123" WC="1.00" CC="000000" TAGREFS=""/>
            <SP HPOS="837" ID="SP_652.5.4.10" VPOS="1052" WIDTH="17"/>
            <String CONTENT="1985)." HEIGHT="42" HPOS="854" ID="ST_652.5.4.11" STYLEREFS="Style_4" VPOS="1052" WIDTH="116" WC="0.90" CC="990099" TAGREFS=""/>
            <SP HPOS="970" ID="SP_652.5.4.12" VPOS="1053" WIDTH="13"/>
            <String CONTENT="Appellee" HEIGHT="43" HPOS="983" ID="ST_652.5.4.13" STYLEREFS="Style_4" VPOS="1053" WIDTH="167" WC="0.98" CC="00000000" TAGREFS=""/>
            <SP HPOS="1150" ID="SP_652.5.4.14" VPOS="1051" WIDTH="10"/>
            <String CONTENT="did" HEIGHT="35" HPOS="1160" ID="ST_652.5.4.15" STYLEREFS="Style_4" VPOS="1051" WIDTH="58" WC="1.00" CC="000" TAGREFS=""/>
            <SP HPOS="1218" ID="SP_652.5.4.16" VPOS="1056" WIDTH="12"/>
            <String CONTENT="not" HEIGHT="30" HPOS="1230" ID="ST_652.5.4.17" STYLEREFS="Style_4" VPOS="1056" WIDTH="60" WC="1.00" CC="000" TAGREFS=""/>
            <SP HPOS="1290" ID="SP_652.5.4.18" VPOS="1051" WIDTH="10"/>
            <String CONTENT="file" HEIGHT="34" HPOS="1300" ID="ST_652.5.4.19" STYLEREFS="Style_4" VPOS="1051" WIDTH="57" WC="0.91" CC="0000" TAGREFS=""/>
            <SP HPOS="1357" ID="SP_652.5.4.20" VPOS="1062" WIDTH="11"/>
            <String CONTENT="a" HEIGHT="23" HPOS="1368" ID="ST_652.5.4.21" STYLEREFS="Style_4" VPOS="1062" WIDTH="20" WC="1.00" CC="0" TAGREFS=""/>
            <SP HPOS="1388" ID="SP_652.5.4.22" VPOS="1051" WIDTH="11"/>
            <String CONTENT="timely" HEIGHT="43" HPOS="1399" ID="ST_652.5.4.23" STYLEREFS="Style_4" VPOS="1051" WIDTH="119" WC="0.92" CC="000000" TAGREFS=""/>
          </TextLine>
          <TextLine HEIGHT="46" HPOS="309" ID="TL_652.5.5" VPOS="1100" WIDTH="1208">
            <String CONTENT="affidavit" HEIGHT="35" HPOS="309" ID="ST_652.5.5.1" STYLEREFS="Style_4" VPOS="1103" WIDTH="153" WC="0.70" CC="090000000" TAGREFS=""/>
            <SP HPOS="462" ID="SP_652.5.5.2" VPOS="1103" WIDTH="15"/>
            <String CONTENT="of" HEIGHT="35" HPOS="477" ID="ST_652.5.5.3" STYLEREFS="Style_4" VPOS="1103" WIDTH="39" WC="1.00" CC="00" TAGREFS=""/>
            <SP HPOS="516" ID="SP_652.5.5.4" VPOS="1114" WIDTH="13"/>
            <String CONTENT="a" HEIGHT="24" HPOS="529" ID="ST_652.5.5.5" STYLEREFS="Style_4" VPOS="1114" WIDTH="19" WC="1.00" CC="0" TAGREFS=""/>
            <SP HPOS="548" ID="SP_652.5.5.6" VPOS="1103" WIDTH="16"/>
            <String CONTENT="good" HEIGHT="43" HPOS="564" ID="ST_652.5.5.7" STYLEREFS="Style_4" VPOS="1103" WIDTH="88" WC="0.97" CC="0000" TAGREFS=""/>
            <SP HPOS="652" ID="SP_652.5.5.8" VPOS="1103" WIDTH="16"/>
            <String CONTENT="and" HEIGHT="34" HPOS="668" ID="ST_652.5.5.9" STYLEREFS="Style_4" VPOS="1103" WIDTH="68" WC="0.99" CC="000" TAGREFS=""/>
            <SP HPOS="736" ID="SP_652.5.5.10" VPOS="1102" WIDTH="15"/>
            <String CONTENT="valid" HEIGHT="35" HPOS="751" ID="ST_652.5.5.11" STYLEREFS="Style_4" VPOS="1102" WIDTH="91" WC="0.98" CC="00000" TAGREFS=""/>
            <SP HPOS="842" ID="SP_652.5.5.12" VPOS="1102" WIDTH="15"/>
            <String CONTENT="defense." HEIGHT="35" HPOS="857" ID="ST_652.5.5.13" STYLEREFS="Style_4" VPOS="1102" WIDTH="151" WC="0.97" CC="00000000" TAGREFS=""/>
            <SP HPOS="1008" ID="SP_652.5.5.14" VPOS="1102" WIDTH="15"/>
            <String CONTENT="See" HEIGHT="34" HPOS="1023" ID="ST_652.5.5.15" STYLEREFS="Style_5" VPOS="1102" WIDTH="69" WC="0.84" CC="000" TAGREFS=""/>
            <SP HPOS="1092" ID="SP_652.5.5.16" VPOS="1102" WIDTH="14"/>
            <String CONTENT="Ark." HEIGHT="34" HPOS="1106" ID="ST_652.5.5.17" STYLEREFS="Style_4" VPOS="1102" WIDTH="85" WC="1.00" CC="0000" TAGREFS=""/>
            <SP HPOS="1191" ID="SP_652.5.5.18" VPOS="1101" WIDTH="16"/>
            <String CONTENT="Stat." HEIGHT="35" HPOS="1207" ID="ST_652.5.5.19" STYLEREFS="Style_4" VPOS="1101" WIDTH="89" WC="1.00" CC="00000" TAGREFS=""/>
            <SP HPOS="1296" ID="SP_652.5.5.20" VPOS="1101" WIDTH="17"/>
            <String CONTENT="Ann." HEIGHT="34" HPOS="1313" ID="ST_652.5.5.21" STYLEREFS="Style_4" VPOS="1101" WIDTH="92" WC="0.90" CC="0000" TAGREFS=""/>
            <SP HPOS="1405" ID="SP_652.5.5.22" VPOS="1100" WIDTH="18"/>
            <String CONTENT="§" HEIGHT="43" HPOS="1423" ID="ST_652.5.5.23" STYLEREFS="Style_4" VPOS="1100" WIDTH="17" WC="1.00" CC="0" TAGREFS=""/>
            <SP HPOS="1440" ID="SP_652.5.5.24" VPOS="1102" WIDTH="19"/>
            <String CONTENT="27-" HEIGHT="33" HPOS="1459" ID="ST_652.5.5.25" STYLEREFS="Style_4" VPOS="1102" WIDTH="58" WC="0.99" CC="000" TAGREFS=""/>
          </TextLine>
          <TextLine HEIGHT="47" HPOS="313" ID="TL_652.5.6" VPOS="1150" WIDTH="1206">
            <String CONTENT="1142." HEIGHT="34" HPOS="313" ID="ST_652.5.6.1" STYLEREFS="Style_4" VPOS="1155" WIDTH="98" WC="0.96" CC="99999" TAGREFS=""/>
            <SP HPOS="411" ID="SP_652.5.6.2" VPOS="1153" WIDTH="10"/>
            <String CONTENT="The" HEIGHT="35" HPOS="421" ID="ST_652.5.6.3" STYLEREFS="Style_4" VPOS="1153" WIDTH="74" WC="0.82" CC="000" TAGREFS=""/>
            <SP HPOS="495" ID="SP_652.5.6.4" VPOS="1154" WIDTH="10"/>
            <String CONTENT="appellant" HEIGHT="43" HPOS="505" ID="ST_652.5.6.5" STYLEREFS="Style_4" VPOS="1154" WIDTH="175" WC="0.89" CC="000000000" TAGREFS=""/>
            <SP HPOS="680" ID="SP_652.5.6.6" VPOS="1152" WIDTH="9"/>
            <String CONTENT="contends" HEIGHT="36" HPOS="689" ID="ST_652.5.6.7" STYLEREFS="Style_4" VPOS="1152" WIDTH="165" WC="0.94" CC="00000000" TAGREFS=""/>
            <SP HPOS="854" ID="SP_652.5.6.8" VPOS="1153" WIDTH="9"/>
            <String CONTENT="that" HEIGHT="34" HPOS="863" ID="ST_652.5.6.9" STYLEREFS="Style_4" VPOS="1153" WIDTH="77" WC="0.73" CC="0000" TAGREFS=""/>
            <SP HPOS="940" ID="SP_652.5.6.10" VPOS="1153" WIDTH="9"/>
            <String CONTENT="the" HEIGHT="34" HPOS="949" ID="ST_652.5.6.11" STYLEREFS="Style_4" VPOS="1153" WIDTH="59" WC="0.61" CC="000" TAGREFS=""/>
            <SP HPOS="1008" ID="SP_652.5.6.12" VPOS="1152" WIDTH="8"/>
            <String CONTENT="trial" HEIGHT="34" HPOS="1016" ID="ST_652.5.6.13" STYLEREFS="Style_4" VPOS="1152" WIDTH="79" WC="0.86" CC="00000" TAGREFS=""/>
            <SP HPOS="1095" ID="SP_652.5.6.14" VPOS="1156" WIDTH="10"/>
            <String CONTENT="court" HEIGHT="30" HPOS="1105" ID="ST_652.5.6.15" STYLEREFS="Style_4" VPOS="1156" WIDTH="98" WC="0.89" CC="00000" TAGREFS=""/>
            <SP HPOS="1203" ID="SP_652.5.6.16" VPOS="1150" WIDTH="9"/>
            <String CONTENT="erred" HEIGHT="36" HPOS="1212" ID="ST_652.5.6.17" STYLEREFS="Style_4" VPOS="1150" WIDTH="98" WC="0.92" CC="00000" TAGREFS=""/>
            <SP HPOS="1310" ID="SP_652.5.6.18" VPOS="1151" WIDTH="10"/>
            <String CONTENT="in" HEIGHT="35" HPOS="1320" ID="ST_652.5.6.19" STYLEREFS="Style_4" VPOS="1151" WIDTH="35" WC="0.69" CC="00" TAGREFS=""/>
            <SP HPOS="1355" ID="SP_652.5.6.20" VPOS="1150" WIDTH="10"/>
            <String CONTENT="refusing" HEIGHT="44" HPOS="1365" ID="ST_652.5.6.21" STYLEREFS="Style_4" VPOS="1150" WIDTH="154" WC="0.85" CC="00000000" TAGREFS=""/>
          </TextLine>
          <TextLine HEIGHT="46" HPOS="309" ID="TL_652.5.7" VPOS="1200" WIDTH="1207">
            <String CONTENT="to" HEIGHT="29" HPOS="309" ID="ST_652.5.7.1" STYLEREFS="Style_4" VPOS="1209" WIDTH="35" WC="1.00" CC="00" TAGREFS=""/>
            <SP HPOS="344" ID="SP_652.5.7.2" VPOS="1204" WIDTH="10"/>
            <String CONTENT="strike" HEIGHT="35" HPOS="354" ID="ST_652.5.7.3" STYLEREFS="Style_4" VPOS="1204" WIDTH="105" WC="1.00" CC="000000" TAGREFS=""/>
            <SP HPOS="459" ID="SP_652.5.7.4" VPOS="1204" WIDTH="9"/>
            <String CONTENT="the" HEIGHT="35" HPOS="468" ID="ST_652.5.7.5" STYLEREFS="Style_4" VPOS="1204" WIDTH="59" WC="1.00" CC="000" TAGREFS=""/>
            <SP HPOS="527" ID="SP_652.5.7.6" VPOS="1214" WIDTH="10"/>
            <String CONTENT="answer." HEIGHT="25" HPOS="537" ID="ST_652.5.7.7" STYLEREFS="Style_4" VPOS="1214" WIDTH="141" WC="0.95" CC="0000000" TAGREFS=""/>
            <SP HPOS="678" ID="SP_652.5.7.8" VPOS="1203" WIDTH="10"/>
            <String CONTENT=".See" HEIGHT="35" HPOS="688" ID="ST_652.5.7.9" STYLEREFS="Style_4" VPOS="1203" WIDTH="68" WC="0.17" CC="9000" TAGREFS=""/>
            <SP HPOS="756" ID="SP_652.5.7.10" VPOS="1203" WIDTH="9"/>
            <String CONTENT="Ark." HEIGHT="35" HPOS="765" ID="ST_652.5.7.11" STYLEREFS="Style_4" VPOS="1203" WIDTH="84" WC="1.00" CC="0000" TAGREFS=""/>
            <SP HPOS="849" ID="SP_652.5.7.12" VPOS="1203" WIDTH="12"/>
            <String CONTENT="Stat." HEIGHT="34" HPOS="861" ID="ST_652.5.7.13" STYLEREFS="Style_4" VPOS="1203" WIDTH="88" WC="1.00" CC="00000" TAGREFS=""/>
            <SP HPOS="949" ID="SP_652.5.7.14" VPOS="1204" WIDTH="12"/>
            <String CONTENT="Ann." HEIGHT="33" HPOS="961" ID="ST_652.5.7.15" STYLEREFS="Style_4" VPOS="1204" WIDTH="91" WC="0.83" CC="0000" TAGREFS=""/>
            <SP HPOS="1052" ID="SP_652.5.7.16" VPOS="1202" WIDTH="13"/>
            <String CONTENT="§" HEIGHT="42" HPOS="1065" ID="ST_652.5.7.17" STYLEREFS="Style_4" VPOS="1202" WIDTH="18" WC="1.00" CC="0" TAGREFS=""/>
            <SP HPOS="1083" ID="SP_652.5.7.18" VPOS="1203" WIDTH="13"/>
            <String CONTENT="27-1142" HEIGHT="33" HPOS="1096" ID="ST_652.5.7.19" STYLEREFS="Style_4" VPOS="1203" WIDTH="153" WC="0.85" CC="0009900" TAGREFS=""/>
            <SP HPOS="1249" ID="SP_652.5.7.20" VPOS="1201" WIDTH="12"/>
            <String CONTENT="(Supp." HEIGHT="45" HPOS="1261" ID="ST_652.5.7.21" STYLEREFS="Style_4" VPOS="1201" WIDTH="124" WC="0.92" CC="000000" TAGREFS=""/>
            <SP HPOS="1385" ID="SP_652.5.7.22" VPOS="1200" WIDTH="15"/>
            <String CONTENT="1985)." HEIGHT="44" HPOS="1400" ID="ST_652.5.7.23" STYLEREFS="Style_4" VPOS="1200" WIDTH="116" WC="0.87" CC="000000" TAGREFS=""/>
          </TextLine>
          <TextLine HEIGHT="35" HPOS="309" ID="TL_652.5.8" VPOS="1254" WIDTH="542">
            <String CONTENT="The" HEIGHT="34" HPOS="309" ID="ST_652.5.8.1" STYLEREFS="Style_4" VPOS="1255" WIDTH="74" WC="0.92" CC="000" TAGREFS=""/>
            <SP HPOS="383" ID="SP_652.5.8.2" VPOS="1254" WIDTH="19"/>
            <String CONTENT="trial" HEIGHT="35" HPOS="402" ID="ST_652.5.8.3" STYLEREFS="Style_4" VPOS="1254" WIDTH="78" WC="0.96" CC="00000" TAGREFS=""/>
            <SP HPOS="480" ID="SP_652.5.8.4" VPOS="1259" WIDTH="21"/>
            <String CONTENT="court" HEIGHT="30" HPOS="501" ID="ST_652.5.8.5" STYLEREFS="Style_4" VPOS="1259" WIDTH="98" WC="0.97" CC="00000" TAGREFS=""/>
            <SP HPOS="599" ID="SP_652.5.8.6" VPOS="1264" WIDTH="20"/>
            <String CONTENT="was" HEIGHT="24" HPOS="619" ID="ST_652.5.8.7" STYLEREFS="Style_4" VPOS="1264" WIDTH="69" WC="1.00" CC="000" TAGREFS=""/>
            <SP HPOS="688" ID="SP_652.5.8.8" VPOS="1258" WIDTH="21"/>
            <String CONTENT="correct." HEIGHT="30" HPOS="709" ID="ST_652.5.8.9" STYLEREFS="Style_4" VPOS="1258" WIDTH="142" WC="0.96" CC="00000000" TAGREFS=""/>
          </TextLine>
        </TextBlock>
        <TextBlock HEIGHT="439.0" HPOS="308.0" ID="BL_652.6" TAGREFS="b652-8" VPOS="1327.0" WIDTH="1211.0">
          <TextLine HEIGHT="46" HPOS="400" ID="TL_652.6.1" VPOS="1327" WIDTH="1118">
            <String CONTENT="ARCP" HEIGHT="35" HPOS="531" ID="ST_652.6.1.3" STYLEREFS="Style_4" VPOS="1329" WIDTH="129" WC="0.94" CC="0000" TAGREFS=""/>
            <SP HPOS="660" ID="SP_652.6.1.4" VPOS="1329" WIDTH="23"/>
            <String CONTENT="Rule" HEIGHT="35" HPOS="683" ID="ST_652.6.1.5" STYLEREFS="Style_4" VPOS="1329" WIDTH="90" WC="0.94" CC="0000" TAGREFS=""/>
            <SP HPOS="773" ID="SP_652.6.1.6" VPOS="1329" WIDTH="24"/>
            <String CONTENT="8" HEIGHT="34" HPOS="797" ID="ST_652.6.1.7" STYLEREFS="Style_4" VPOS="1329" WIDTH="17" WC="0.84" CC="0" TAGREFS=""/>
            <SP HPOS="814" ID="SP_652.6.1.8" VPOS="1334" WIDTH="26"/>
            <String CONTENT="sets" HEIGHT="29" HPOS="840" ID="ST_652.6.1.9" STYLEREFS="Style_4" VPOS="1334" WIDTH="67" WC="1.00" CC="0000" TAGREFS=""/>
            <SP HPOS="907" ID="SP_652.6.1.10" VPOS="1334" WIDTH="24"/>
            <String CONTENT="out" HEIGHT="29" HPOS="931" ID="ST_652.6.1.11" STYLEREFS="Style_4" VPOS="1334" WIDTH="59" WC="0.93" CC="000" TAGREFS=""/>
            <SP HPOS="990" ID="SP_652.6.1.12" VPOS="1328" WIDTH="23"/>
            <String CONTENT="the" HEIGHT="35" HPOS="1013" ID="ST_652.6.1.13" STYLEREFS="Style_4" VPOS="1328" WIDTH="59" WC="0.85" CC="000" TAGREFS=""/>
            <SP HPOS="1072" ID="SP_652.6.1.14" VPOS="1327" WIDTH="23"/>
            <String CONTENT="required" HEIGHT="44" HPOS="1095" ID="ST_652.6.1.15" STYLEREFS="Style_4" VPOS="1327" WIDTH="158" WC="0.95" CC="00000000" TAGREFS=""/>
            <SP HPOS="1253" ID="SP_652.6.1.16" VPOS="1332" WIDTH="23"/>
            <String CONTENT="content" HEIGHT="29" HPOS="1276" ID="ST_652.6.1.17" STYLEREFS="Style_4" VPOS="1332" WIDTH="140" WC="0.88" CC="0000000" TAGREFS=""/>
            <SP HPOS="1416" ID="SP_652.6.1.18" VPOS="1327" WIDTH="23"/>
            <String CONTENT="of" HEIGHT="34" HPOS="1439" ID="ST_652.6.1.19" STYLEREFS="Style_4" VPOS="1327" WIDTH="39" WC="0.79" CC="00" TAGREFS=""/>
            <SP HPOS="1478" ID="SP_652.6.1.20" VPOS="1338" WIDTH="20"/>
            <String CONTENT="a" HEIGHT="23" HPOS="1498" ID="ST_652.6.1.21" STYLEREFS="Style_4" VPOS="1338" WIDTH="20" WC="1.00" CC="0" TAGREFS=""/>
          </TextLine>
          <TextLine HEIGHT="45" HPOS="309" ID="TL_652.6.2" VPOS="1377" WIDTH="1209">
            <String CONTENT="complaint" HEIGHT="43" HPOS="309" ID="ST_652.6.2.1" STYLEREFS="Style_4" VPOS="1379" WIDTH="187" WC="0.78" CC="000000000" TAGREFS=""/>
            <SP HPOS="496" ID="SP_652.6.2.2" VPOS="1378" WIDTH="16"/>
            <String CONTENT="and" HEIGHT="35" HPOS="512" ID="ST_652.6.2.3" STYLEREFS="Style_4" VPOS="1378" WIDTH="68" WC="0.67" CC="000" TAGREFS=""/>
            <SP HPOS="580" ID="SP_652.6.2.4" VPOS="1379" WIDTH="17"/>
            <String CONTENT="of" HEIGHT="34" HPOS="597" ID="ST_652.6.2.5" STYLEREFS="Style_4" VPOS="1379" WIDTH="38" WC="1.00" CC="00" TAGREFS=""/>
            <SP HPOS="635" ID="SP_652.6.2.6" VPOS="1390" WIDTH="13"/>
            <String CONTENT="an" HEIGHT="22" HPOS="648" ID="ST_652.6.2.7" STYLEREFS="Style_4" VPOS="1390" WIDTH="43" WC="0.54" CC="00" TAGREFS=""/>
            <SP HPOS="691" ID="SP_652.6.2.8" VPOS="1389" WIDTH="17"/>
            <String CONTENT="answer." HEIGHT="24" HPOS="708" ID="ST_652.6.2.9" STYLEREFS="Style_4" VPOS="1389" WIDTH="142" WC="0.74" CC="0000000" TAGREFS=""/>
            <SP HPOS="850" ID="SP_652.6.2.10" VPOS="1379" WIDTH="18"/>
            <String CONTENT="It" HEIGHT="33" HPOS="868" ID="ST_652.6.2.11" STYLEREFS="Style_4" VPOS="1379" WIDTH="31" WC="0.82" CC="00" TAGREFS=""/>
            <SP HPOS="899" ID="SP_652.6.2.12" VPOS="1378" WIDTH="15"/>
            <String CONTENT="is" HEIGHT="34" HPOS="914" ID="ST_652.6.2.13" STYLEREFS="Style_4" VPOS="1378" WIDTH="28" WC="0.81" CC="00" TAGREFS=""/>
            <SP HPOS="942" ID="SP_652.6.2.14" VPOS="1390" WIDTH="16"/>
            <String CONTENT="a" HEIGHT="23" HPOS="958" ID="ST_652.6.2.15" STYLEREFS="Style_4" VPOS="1390" WIDTH="20" WC="0.80" CC="0" TAGREFS=""/>
            <SP HPOS="978" ID="SP_652.6.2.16" VPOS="1378" WIDTH="16"/>
            <String CONTENT="rule" HEIGHT="34" HPOS="994" ID="ST_652.6.2.17" STYLEREFS="Style_4" VPOS="1378" WIDTH="74" WC="0.99" CC="0000" TAGREFS=""/>
            <SP HPOS="1068" ID="SP_652.6.2.18" VPOS="1378" WIDTH="15"/>
            <String CONTENT="of" HEIGHT="34" HPOS="1083" ID="ST_652.6.2.19" STYLEREFS="Style_4" VPOS="1378" WIDTH="39" WC="0.93" CC="00" TAGREFS=""/>
            <SP HPOS="1122" ID="SP_652.6.2.20" VPOS="1377" WIDTH="12"/>
            <String CONTENT="procedure" HEIGHT="44" HPOS="1134" ID="ST_652.6.2.21" STYLEREFS="Style_4" VPOS="1377" WIDTH="190" WC="0.88" CC="000000000" TAGREFS=""/>
            <SP HPOS="1324" ID="SP_652.6.2.22" VPOS="1377" WIDTH="15"/>
            <String CONTENT="and" HEIGHT="34" HPOS="1339" ID="ST_652.6.2.23" STYLEREFS="Style_4" VPOS="1377" WIDTH="68" WC="0.59" CC="000" TAGREFS=""/>
            <SP HPOS="1407" ID="SP_652.6.2.24" VPOS="1383" WIDTH="16"/>
            <String CONTENT="not" HEIGHT="28" HPOS="1423" ID="ST_652.6.2.25" STYLEREFS="Style_4" VPOS="1383" WIDTH="59" WC="1.00" CC="000" TAGREFS=""/>
            <SP HPOS="1482" ID="SP_652.6.2.26" VPOS="1388" WIDTH="16"/>
            <String CONTENT="a" HEIGHT="22" HPOS="1498" ID="ST_652.6.2.27" STYLEREFS="Style_4" VPOS="1388" WIDTH="20" WC="1.00" CC="0" TAGREFS=""/>
          </TextLine>
          <TextLine HEIGHT="43" HPOS="309" ID="TL_652.6.3" VPOS="1426" WIDTH="1210">
            <String CONTENT="matter" HEIGHT="28" HPOS="309" ID="ST_652.6.3.1" STYLEREFS="Style_4" VPOS="1434" WIDTH="126" WC="0.92" CC="000000" TAGREFS=""/>
            <SP HPOS="435" ID="SP_652.6.3.2" VPOS="1428" WIDTH="17"/>
            <String CONTENT="of" HEIGHT="34" HPOS="452" ID="ST_652.6.3.3" STYLEREFS="Style_4" VPOS="1428" WIDTH="38" WC="0.86" CC="00" TAGREFS=""/>
            <SP HPOS="490" ID="SP_652.6.3.4" VPOS="1428" WIDTH="15"/>
            <String CONTENT="substantive" HEIGHT="34" HPOS="505" ID="ST_652.6.3.5" STYLEREFS="Style_4" VPOS="1428" WIDTH="213" WC="0.95" CC="00000000000" TAGREFS=""/>
            <SP HPOS="718" ID="SP_652.6.3.6" VPOS="1429" WIDTH="17"/>
            <String CONTENT="law." HEIGHT="33" HPOS="735" ID="ST_652.6.3.7" STYLEREFS="Style_4" VPOS="1429" WIDTH="74" WC="0.81" CC="0000" TAGREFS=""/>
            <SP HPOS="809" ID="SP_652.6.3.8" VPOS="1428" WIDTH="19"/>
            <String CONTENT="Ark." HEIGHT="33" HPOS="828" ID="ST_652.6.3.9" STYLEREFS="Style_4" VPOS="1428" WIDTH="84" WC="1.00" CC="0000" TAGREFS=""/>
            <SP HPOS="912" ID="SP_652.6.3.10" VPOS="1427" WIDTH="19"/>
            <String CONTENT="Stat." HEIGHT="34" HPOS="931" ID="ST_652.6.3.11" STYLEREFS="Style_4" VPOS="1427" WIDTH="89" WC="0.92" CC="00000" TAGREFS=""/>
            <SP HPOS="1020" ID="SP_652.6.3.12" VPOS="1428" WIDTH="19"/>
            <String CONTENT="Ann." HEIGHT="33" HPOS="1039" ID="ST_652.6.3.13" STYLEREFS="Style_4" VPOS="1428" WIDTH="91" WC="0.94" CC="0000" TAGREFS=""/>
            <SP HPOS="1130" ID="SP_652.6.3.14" VPOS="1427" WIDTH="21"/>
            <String CONTENT="§" HEIGHT="42" HPOS="1151" ID="ST_652.6.3.15" STYLEREFS="Style_4" VPOS="1427" WIDTH="17" WC="1.00" CC="0" TAGREFS=""/>
            <SP HPOS="1168" ID="SP_652.6.3.16" VPOS="1427" WIDTH="21"/>
            <String CONTENT="27-1142" HEIGHT="34" HPOS="1189" ID="ST_652.6.3.17" STYLEREFS="Style_4" VPOS="1427" WIDTH="154" WC="0.89" CC="0000000" TAGREFS=""/>
            <SP HPOS="1343" ID="SP_652.6.3.18" VPOS="1426" WIDTH="17"/>
            <String CONTENT="does" HEIGHT="34" HPOS="1360" ID="ST_652.6.3.19" STYLEREFS="Style_4" VPOS="1426" WIDTH="81" WC="1.00" CC="0000" TAGREFS=""/>
            <SP HPOS="1441" ID="SP_652.6.3.20" VPOS="1431" WIDTH="18"/>
            <String CONTENT="not" HEIGHT="29" HPOS="1459" ID="ST_652.6.3.21" STYLEREFS="Style_4" VPOS="1431" WIDTH="60" WC="1.00" CC="000" TAGREFS=""/>
          </TextLine>
          <TextLine HEIGHT="42" HPOS="309" ID="TL_652.6.4" VPOS="1475" WIDTH="1210">
            <String CONTENT="conform" HEIGHT="34" HPOS="309" ID="ST_652.6.4.1" STYLEREFS="Style_4" VPOS="1477" WIDTH="156" WC="0.90" CC="0000000" TAGREFS=""/>
            <SP HPOS="465" ID="SP_652.6.4.2" VPOS="1477" WIDTH="18"/>
            <String CONTENT="with" HEIGHT="34" HPOS="483" ID="ST_652.6.4.3" STYLEREFS="Style_4" VPOS="1477" WIDTH="81" WC="1.00" CC="0000" TAGREFS=""/>
            <SP HPOS="564" ID="SP_652.6.4.4" VPOS="1477" WIDTH="18"/>
            <String CONTENT="ARCP" HEIGHT="34" HPOS="582" ID="ST_652.6.4.5" STYLEREFS="Style_4" VPOS="1477" WIDTH="128" WC="0.92" CC="0000" TAGREFS=""/>
            <SP HPOS="710" ID="SP_652.6.4.6" VPOS="1477" WIDTH="18"/>
            <String CONTENT="Rule" HEIGHT="34" HPOS="728" ID="ST_652.6.4.7" STYLEREFS="Style_4" VPOS="1477" WIDTH="90" WC="0.80" CC="0000" TAGREFS=""/>
            <SP HPOS="818" ID="SP_652.6.4.8" VPOS="1478" WIDTH="18"/>
            <String CONTENT="8," HEIGHT="39" HPOS="836" ID="ST_652.6.4.9" STYLEREFS="Style_4" VPOS="1478" WIDTH="31" WC="0.60" CC="00" TAGREFS=""/>
            <SP HPOS="867" ID="SP_652.6.4.10" VPOS="1476" WIDTH="18"/>
            <String CONTENT="and" HEIGHT="35" HPOS="885" ID="ST_652.6.4.11" STYLEREFS="Style_4" VPOS="1476" WIDTH="68" WC="1.00" CC="000" TAGREFS=""/>
            <SP HPOS="953" ID="SP_652.6.4.12" VPOS="1476" WIDTH="18"/>
            <String CONTENT="therefore," HEIGHT="40" HPOS="971" ID="ST_652.6.4.13" STYLEREFS="Style_4" VPOS="1476" WIDTH="183" WC="1.00" CC="0000000000" TAGREFS=""/>
            <SP HPOS="1154" ID="SP_652.6.4.14" VPOS="1476" WIDTH="18"/>
            <String CONTENT="it" HEIGHT="33" HPOS="1172" ID="ST_652.6.4.15" STYLEREFS="Style_4" VPOS="1476" WIDTH="27" WC="1.00" CC="00" TAGREFS=""/>
            <SP HPOS="1199" ID="SP_652.6.4.16" VPOS="1476" WIDTH="17"/>
            <String CONTENT="is" HEIGHT="34" HPOS="1216" ID="ST_652.6.4.17" STYLEREFS="Style_4" VPOS="1476" WIDTH="27" WC="1.00" CC="00" TAGREFS=""/>
            <SP HPOS="1243" ID="SP_652.6.4.18" VPOS="1475" WIDTH="18"/>
            <String CONTENT="deemed" HEIGHT="35" HPOS="1261" ID="ST_652.6.4.19" STYLEREFS="Style_4" VPOS="1475" WIDTH="145" WC="0.96" CC="000000" TAGREFS=""/>
            <SP HPOS="1406" ID="SP_652.6.4.20" VPOS="1480" WIDTH="18"/>
            <String CONTENT="to" HEIGHT="30" HPOS="1424" ID="ST_652.6.4.21" STYLEREFS="Style_4" VPOS="1480" WIDTH="35" WC="0.81" CC="00" TAGREFS=""/>
            <SP HPOS="1459" ID="SP_652.6.4.22" VPOS="1476" WIDTH="17"/>
            <String CONTENT="be" HEIGHT="33" HPOS="1476" ID="ST_652.6.4.23" STYLEREFS="Style_4" VPOS="1476" WIDTH="43" WC="1.00" CC="00" TAGREFS=""/>
          </TextLine>
          <TextLine HEIGHT="45" HPOS="308" ID="TL_652.6.5" VPOS="1525" WIDTH="1210">
            <String CONTENT="superseded" HEIGHT="43" HPOS="308" ID="ST_652.6.5.1" STYLEREFS="Style_4" VPOS="1527" WIDTH="207" WC="0.99" CC="0000000000" TAGREFS=""/>
            <SP HPOS="515" ID="SP_652.6.5.2" VPOS="1537" WIDTH="13"/>
            <String CONTENT="even" HEIGHT="24" HPOS="528" ID="ST_652.6.5.3" STYLEREFS="Style_4" VPOS="1537" WIDTH="83" WC="0.88" CC="0000" TAGREFS=""/>
            <SP HPOS="611" ID="SP_652.6.5.4" VPOS="1526" WIDTH="12"/>
            <String CONTENT="though" HEIGHT="43" HPOS="623" ID="ST_652.6.5.5" STYLEREFS="Style_4" VPOS="1526" WIDTH="132" WC="0.97" CC="000000" TAGREFS=""/>
            <SP HPOS="755" ID="SP_652.6.5.6" VPOS="1526" WIDTH="13"/>
            <String CONTENT="it" HEIGHT="34" HPOS="768" ID="ST_652.6.5.7" STYLEREFS="Style_4" VPOS="1526" WIDTH="25" WC="0.79" CC="00" TAGREFS=""/>
            <SP HPOS="793" ID="SP_652.6.5.8" VPOS="1526" WIDTH="13"/>
            <String CONTENT="is" HEIGHT="34" HPOS="806" ID="ST_652.6.5.9" STYLEREFS="Style_4" VPOS="1526" WIDTH="27" WC="0.49" CC="00" TAGREFS=""/>
            <SP HPOS="833" ID="SP_652.6.5.10" VPOS="1531" WIDTH="13"/>
            <String CONTENT="not" HEIGHT="29" HPOS="846" ID="ST_652.6.5.11" STYLEREFS="Style_4" VPOS="1531" WIDTH="59" WC="0.91" CC="000" TAGREFS=""/>
            <SP HPOS="905" ID="SP_652.6.5.12" VPOS="1536" WIDTH="12"/>
            <String CONTENT="so" HEIGHT="24" HPOS="917" ID="ST_652.6.5.13" STYLEREFS="Style_4" VPOS="1536" WIDTH="37" WC="1.00" CC="00" TAGREFS=""/>
            <SP HPOS="954" ID="SP_652.6.5.14" VPOS="1525" WIDTH="12"/>
            <String CONTENT="listed" HEIGHT="35" HPOS="966" ID="ST_652.6.5.15" STYLEREFS="Style_4" VPOS="1525" WIDTH="100" WC="0.87" CC="000000" TAGREFS=""/>
            <SP HPOS="1066" ID="SP_652.6.5.16" VPOS="1526" WIDTH="13"/>
            <String CONTENT="in" HEIGHT="34" HPOS="1079" ID="ST_652.6.5.17" STYLEREFS="Style_4" VPOS="1526" WIDTH="35" WC="0.86" CC="00" TAGREFS=""/>
            <SP HPOS="1114" ID="SP_652.6.5.18" VPOS="1536" WIDTH="12"/>
            <String CONTENT="our" HEIGHT="23" HPOS="1126" ID="ST_652.6.5.19" STYLEREFS="Style_4" VPOS="1536" WIDTH="62" WC="0.97" CC="000" TAGREFS=""/>
            <SP HPOS="1188" ID="SP_652.6.5.20" VPOS="1536" WIDTH="12"/>
            <String CONTENT="per" HEIGHT="33" HPOS="1200" ID="ST_652.6.5.21" STYLEREFS="Style_4" VPOS="1536" WIDTH="60" WC="0.99" CC="000" TAGREFS=""/>
            <SP HPOS="1260" ID="SP_652.6.5.22" VPOS="1525" WIDTH="12"/>
            <String CONTENT="curiam" HEIGHT="34" HPOS="1272" ID="ST_652.6.5.23" STYLEREFS="Style_4" VPOS="1525" WIDTH="134" WC="0.91" CC="000000" TAGREFS=""/>
            <SP HPOS="1406" ID="SP_652.6.5.24" VPOS="1525" WIDTH="12"/>
            <String CONTENT="order" HEIGHT="34" HPOS="1418" ID="ST_652.6.5.25" STYLEREFS="Style_4" VPOS="1525" WIDTH="100" WC="0.94" CC="00000" TAGREFS=""/>
          </TextLine>
          <TextLine HEIGHT="43" HPOS="308" ID="TL_652.6.6" VPOS="1574" WIDTH="1208">
            <String CONTENT="of" HEIGHT="34" HPOS="308" ID="ST_652.6.6.1" STYLEREFS="Style_4" VPOS="1576" WIDTH="39" WC="0.96" CC="00" TAGREFS=""/>
            <SP HPOS="347" ID="SP_652.6.6.2" VPOS="1576" WIDTH="9"/>
            <String CONTENT="December" HEIGHT="34" HPOS="356" ID="ST_652.6.6.3" STYLEREFS="Style_4" VPOS="1576" WIDTH="192" WC="0.93" CC="00000000" TAGREFS=""/>
            <SP HPOS="548" ID="SP_652.6.6.4" VPOS="1576" WIDTH="16"/>
            <String CONTENT="18,1978." HEIGHT="41" HPOS="564" ID="ST_652.6.6.5" STYLEREFS="Style_4" VPOS="1576" WIDTH="166" WC="0.87" CC="00990000" TAGREFS=""/>
            <SP HPOS="730" ID="SP_652.6.6.6" VPOS="1576" WIDTH="12"/>
            <String CONTENT="See" HEIGHT="34" HPOS="742" ID="ST_652.6.6.7" STYLEREFS="Style_5" VPOS="1576" WIDTH="68" WC="1.00" CC="000" TAGREFS=""/>
            <SP HPOS="810" ID="SP_652.6.6.8" VPOS="1574" WIDTH="14"/>
            <String CONTENT="Venable v." HEIGHT="36" HPOS="824" ID="ST_652.6.6.9" STYLEREFS="Style_5" VPOS="1574" WIDTH="189" WC="1.0" CC="0000000000" TAGREFS=""/>
            <SP HPOS="1013" ID="SP_652.6.6.10" VPOS="1575" WIDTH="12"/>
            <String CONTENT="Becker," HEIGHT="40" HPOS="1025" ID="ST_652.6.6.11" STYLEREFS="Style_5" VPOS="1575" WIDTH="143" WC="0.90" CC="0000000" TAGREFS=""/>
            <SP HPOS="1168" ID="SP_652.6.6.12" VPOS="1575" WIDTH="14"/>
            <String CONTENT="287" HEIGHT="34" HPOS="1182" ID="ST_652.6.6.13" STYLEREFS="Style_4" VPOS="1575" WIDTH="65" WC="0.70" CC="000" TAGREFS=""/>
            <SP HPOS="1247" ID="SP_652.6.6.14" VPOS="1574" WIDTH="13"/>
            <String CONTENT="Ark." HEIGHT="34" HPOS="1260" ID="ST_652.6.6.15" STYLEREFS="Style_4" VPOS="1574" WIDTH="85" WC="0.95" CC="0000" TAGREFS=""/>
            <SP HPOS="1345" ID="SP_652.6.6.16" VPOS="1574" WIDTH="14"/>
            <String CONTENT="236, 697" HEIGHT="40" HPOS="1359" ID="ST_652.6.6.17" STYLEREFS="Style_4" VPOS="1574" WIDTH="157" WC="1.0" CC="00000000" TAGREFS=""/>
          </TextLine>
          <TextLine HEIGHT="43" HPOS="308" ID="TL_652.6.7" VPOS="1624" WIDTH="1210">
            <String CONTENT="S.W.2d" HEIGHT="35" HPOS="308" ID="ST_652.6.7.1" STYLEREFS="Style_4" VPOS="1625" WIDTH="143" WC="0.90" CC="000000" TAGREFS=""/>
            <SP HPOS="451" ID="SP_652.6.7.2" VPOS="1627" WIDTH="24"/>
            <String CONTENT="903" HEIGHT="33" HPOS="475" ID="ST_652.6.7.3" STYLEREFS="Style_4" VPOS="1627" WIDTH="65" WC="0.91" CC="000" TAGREFS=""/>
            <SP HPOS="540" ID="SP_652.6.7.4" VPOS="1625" WIDTH="26"/>
            <String CONTENT="(1985)." HEIGHT="42" HPOS="566" ID="ST_652.6.7.5" STYLEREFS="Style_4" VPOS="1625" WIDTH="135" WC="0.82" CC="0000000" TAGREFS=""/>
            <SP HPOS="701" ID="SP_652.6.7.6" VPOS="1626" WIDTH="23"/>
            <String CONTENT="A" HEIGHT="33" HPOS="724" ID="ST_652.6.7.7" STYLEREFS="Style_4" VPOS="1626" WIDTH="34" WC="1.00" CC="0" TAGREFS=""/>
            <SP HPOS="758" ID="SP_652.6.7.8" VPOS="1625" WIDTH="22"/>
            <String CONTENT="suit" HEIGHT="34" HPOS="780" ID="ST_652.6.7.9" STYLEREFS="Style_4" VPOS="1625" WIDTH="68" WC="0.87" CC="0000" TAGREFS=""/>
            <SP HPOS="848" ID="SP_652.6.7.10" VPOS="1630" WIDTH="22"/>
            <String CONTENT="to" HEIGHT="29" HPOS="870" ID="ST_652.6.7.11" STYLEREFS="Style_4" VPOS="1630" WIDTH="35" WC="0.86" CC="00" TAGREFS=""/>
            <SP HPOS="905" ID="SP_652.6.7.12" VPOS="1625" WIDTH="22"/>
            <String CONTENT="collect" HEIGHT="34" HPOS="927" ID="ST_652.6.7.13" STYLEREFS="Style_4" VPOS="1625" WIDTH="122" WC="0.95" CC="0000000" TAGREFS=""/>
            <SP HPOS="1049" ID="SP_652.6.7.14" VPOS="1635" WIDTH="22"/>
            <String CONTENT="a" HEIGHT="24" HPOS="1071" ID="ST_652.6.7.15" STYLEREFS="Style_4" VPOS="1635" WIDTH="20" WC="1.00" CC="0" TAGREFS=""/>
            <SP HPOS="1091" ID="SP_652.6.7.16" VPOS="1624" WIDTH="22"/>
            <String CONTENT="debt" HEIGHT="34" HPOS="1113" ID="ST_652.6.7.17" STYLEREFS="Style_4" VPOS="1624" WIDTH="83" WC="0.99" CC="0000" TAGREFS=""/>
            <SP HPOS="1196" ID="SP_652.6.7.18" VPOS="1625" WIDTH="21"/>
            <String CONTENT="is" HEIGHT="33" HPOS="1217" ID="ST_652.6.7.19" STYLEREFS="Style_4" VPOS="1625" WIDTH="28" WC="1.00" CC="00" TAGREFS=""/>
            <SP HPOS="1245" ID="SP_652.6.7.20" VPOS="1629" WIDTH="22"/>
            <String CONTENT="not" HEIGHT="29" HPOS="1267" ID="ST_652.6.7.21" STYLEREFS="Style_4" VPOS="1629" WIDTH="60" WC="0.80" CC="000" TAGREFS=""/>
            <SP HPOS="1327" ID="SP_652.6.7.22" VPOS="1635" WIDTH="22"/>
            <String CONTENT="a" HEIGHT="23" HPOS="1349" ID="ST_652.6.7.23" STYLEREFS="Style_4" VPOS="1635" WIDTH="20" WC="1.00" CC="0" TAGREFS=""/>
            <SP HPOS="1369" ID="SP_652.6.7.24" VPOS="1624" WIDTH="22"/>
            <String CONTENT="special" HEIGHT="43" HPOS="1391" ID="ST_652.6.7.25" STYLEREFS="Style_4" VPOS="1624" WIDTH="127" WC="1.00" CC="0000000" TAGREFS=""/>
          </TextLine>
          <TextLine HEIGHT="45" HPOS="309" ID="TL_652.6.8" VPOS="1673" WIDTH="1208">
            <String CONTENT="proceeding" HEIGHT="44" HPOS="309" ID="ST_652.6.8.1" STYLEREFS="Style_4" VPOS="1674" WIDTH="205" WC="0.93" CC="0000000000" TAGREFS=""/>
            <SP HPOS="514" ID="SP_652.6.8.2" VPOS="1685" WIDTH="10"/>
            <String CONTENT="as" HEIGHT="23" HPOS="524" ID="ST_652.6.8.3" STYLEREFS="Style_4" VPOS="1685" WIDTH="37" WC="1.00" CC="00" TAGREFS=""/>
            <SP HPOS="561" ID="SP_652.6.8.4" VPOS="1674" WIDTH="10"/>
            <String CONTENT="contemplated" HEIGHT="44" HPOS="571" ID="ST_652.6.8.5" STYLEREFS="Style_4" VPOS="1674" WIDTH="255" WC="0.99" CC="000000000000" TAGREFS=""/>
            <SP HPOS="826" ID="SP_652.6.8.6" VPOS="1675" WIDTH="11"/>
            <String CONTENT="by" HEIGHT="42" HPOS="837" ID="ST_652.6.8.7" STYLEREFS="Style_4" VPOS="1675" WIDTH="44" WC="0.76" CC="00" TAGREFS=""/>
            <SP HPOS="881" ID="SP_652.6.8.8" VPOS="1675" WIDTH="10"/>
            <String CONTENT="ARCP" HEIGHT="33" HPOS="891" ID="ST_652.6.8.9" STYLEREFS="Style_4" VPOS="1675" WIDTH="129" WC="0.96" CC="0000" TAGREFS=""/>
            <SP HPOS="1020" ID="SP_652.6.8.10" VPOS="1675" WIDTH="10"/>
            <String CONTENT="Rule" HEIGHT="33" HPOS="1030" ID="ST_652.6.8.11" STYLEREFS="Style_4" VPOS="1675" WIDTH="90" WC="0.90" CC="0000" TAGREFS=""/>
            <SP HPOS="1120" ID="SP_652.6.8.12" VPOS="1673" WIDTH="11"/>
            <String CONTENT="81(a)," HEIGHT="43" HPOS="1131" ID="ST_652.6.8.13" STYLEREFS="Style_4" VPOS="1673" WIDTH="114" WC="0.86" CC="999099" TAGREFS=""/>
            <SP HPOS="1245" ID="SP_652.6.8.14" VPOS="1673" WIDTH="11"/>
            <String CONTENT="and" HEIGHT="34" HPOS="1256" ID="ST_652.6.8.15" STYLEREFS="Style_4" VPOS="1673" WIDTH="68" WC="0.89" CC="000" TAGREFS=""/>
            <SP HPOS="1324" ID="SP_652.6.8.16" VPOS="1673" WIDTH="10"/>
            <String CONTENT="therefore," HEIGHT="40" HPOS="1334" ID="ST_652.6.8.17" STYLEREFS="Style_4" VPOS="1673" WIDTH="183" WC="0.93" CC="0000000000" TAGREFS=""/>
          </TextLine>
          <TextLine HEIGHT="43" HPOS="309" ID="TL_652.6.9" VPOS="1723" WIDTH="743">
            <String CONTENT="it" HEIGHT="33" HPOS="309" ID="ST_652.6.9.1" STYLEREFS="Style_4" VPOS="1724" WIDTH="26" WC="1.00" CC="00" TAGREFS=""/>
            <SP HPOS="335" ID="SP_652.6.9.2" VPOS="1725" WIDTH="21"/>
            <String CONTENT="is" HEIGHT="33" HPOS="356" ID="ST_652.6.9.3" STYLEREFS="Style_4" VPOS="1725" WIDTH="26" WC="1.00" CC="00" TAGREFS=""/>
            <SP HPOS="382" ID="SP_652.6.9.4" VPOS="1729" WIDTH="22"/>
            <String CONTENT="not" HEIGHT="29" HPOS="404" ID="ST_652.6.9.5" STYLEREFS="Style_4" VPOS="1729" WIDTH="58" WC="0.98" CC="000" TAGREFS=""/>
            <SP HPOS="462" ID="SP_652.6.9.6" VPOS="1724" WIDTH="20"/>
            <String CONTENT="subject" HEIGHT="42" HPOS="482" ID="ST_652.6.9.7" STYLEREFS="Style_4" VPOS="1724" WIDTH="133" WC="0.88" CC="0000000" TAGREFS=""/>
            <SP HPOS="615" ID="SP_652.6.9.8" VPOS="1729" WIDTH="20"/>
            <String CONTENT="to" HEIGHT="29" HPOS="635" ID="ST_652.6.9.9" STYLEREFS="Style_4" VPOS="1729" WIDTH="35" WC="1.00" CC="00" TAGREFS=""/>
            <SP HPOS="670" ID="SP_652.6.9.10" VPOS="1734" WIDTH="21"/>
            <String CONTENT="a" HEIGHT="23" HPOS="691" ID="ST_652.6.9.11" STYLEREFS="Style_4" VPOS="1734" WIDTH="20" WC="1.00" CC="0" TAGREFS=""/>
            <SP HPOS="711" ID="SP_652.6.9.12" VPOS="1723" WIDTH="20"/>
            <String CONTENT="different" HEIGHT="35" HPOS="731" ID="ST_652.6.9.13" STYLEREFS="Style_4" VPOS="1723" WIDTH="161" WC="0.87" CC="000000000" TAGREFS=""/>
            <SP HPOS="892" ID="SP_652.6.9.14" VPOS="1728" WIDTH="21"/>
            <String CONTENT="statute." HEIGHT="30" HPOS="913" ID="ST_652.6.9.15" STYLEREFS="Style_4" VPOS="1728" WIDTH="139" WC="0.93" CC="00000000" TAGREFS=""/>
          </TextLine>
        </TextBlock>
        <TextBlock HEIGHT="36.0" HPOS="399.0" ID="BL_652.7" TAGREFS="b652-9" VPOS="1797.0" WIDTH="480.0">
          <TextLine HEIGHT="36" HPOS="399" ID="TL_652.7.1" VPOS="1797" WIDTH="480">
            <String CONTENT="Reversed" HEIGHT="36" HPOS="399" ID="ST_652.7.1.1" STYLEREFS="Style_4" VPOS="1797" WIDTH="172" WC="1.00" CC="00000000" TAGREFS=""/>
            <SP HPOS="571" ID="SP_652.7.1.2" VPOS="1797" WIDTH="21"/>
            <String CONTENT="and" HEIGHT="36" HPOS="592" ID="ST_652.7.1.3" STYLEREFS="Style_4" VPOS="1797" WIDTH="68" WC="1.00" CC="000" TAGREFS=""/>
            <SP HPOS="660" ID="SP_652.7.1.4" VPOS="1797" WIDTH="20"/>
            <String CONTENT="remanded." HEIGHT="35" HPOS="680" ID="ST_652.7.1.5" STYLEREFS="Style_4" VPOS="1797" WIDTH="199" WC="0.97" CC="000000000" TAGREFS=""/>
          </TextLine>
        </TextBlock>
        <TextBlock HEIGHT="45.0" HPOS="398.0" ID="BL_652.8" TAGREFS="b652-10" VPOS="1872.0" WIDTH="578.0">
          <TextLine HEIGHT="45" HPOS="398" ID="TL_652.8.1" VPOS="1872" WIDTH="578">
            <String CONTENT="Purtle," HEIGHT="39" HPOS="398" ID="ST_652.8.1.1" STYLEREFS="Style_3" VPOS="1874" WIDTH="158" WC="0.64" CC="0099000" TAGREFS=""/>
            <SP HPOS="556" ID="SP_652.8.1.2" VPOS="1873" WIDTH="22"/>
            <String CONTENT="J.," HEIGHT="41" HPOS="578" ID="ST_652.8.1.3" STYLEREFS="Style_4" VPOS="1873" WIDTH="42" WC="1.00" CC="099" TAGREFS=""/>
            <SP HPOS="620" ID="SP_652.8.1.4" VPOS="1878" WIDTH="22"/>
            <String CONTENT="not" HEIGHT="29" HPOS="642" ID="ST_652.8.1.5" STYLEREFS="Style_2" VPOS="1878" WIDTH="59" WC="0.78" CC="000" TAGREFS=""/>
            <SP HPOS="701" ID="SP_652.8.1.6" VPOS="1872" WIDTH="20"/>
            <String CONTENT="participating." HEIGHT="45" HPOS="721" ID="ST_652.8.1.7" STYLEREFS="Style_2" VPOS="1872" WIDTH="255" WC="0.83" CC="00000000000000" TAGREFS=""/>
          </TextLine>
        </TextBlock>
      </PrintSpace>
    </Page>
  </Layout>
</alto>
