1656 2688
307 411 36 29 to
354 406 85 34 Ark.
452 406 89 34 Stat.
555 407 91 34 Ann.
661 406 17 43 §
697 408 150 33 12-1710
861 407 116 43 (Repl.
995 407 116 43 1979).
1124 407 140 34 Section
1278 409 20 32 2
1310 407 39 34 of
1357 408 59 34 the
1432 409 86 33 1977

307 461 57 29 act
376 455 150 35 reduced
538 456 76 34 that
627 456 79 43 long
719 456 56 35 list
788 462 35 29 to
839 457 41 33 14
893 456 112 44 larger
1018 456 68 35 and
1099 467 95 24 more
1206 457 217 43 generalized
1436 457 82 35 fees.

309 506 18 42 §
358 507 161 33 12-1710.

310 266 66 33 386

397 595 140 35 Section
555 597 12 33 1
584 595 40 35 of
633 596 59 34 the
708 597 86 33 1977
809 601 56 29 act
878 596 209 35 established
1101 607 20 24 a
1133 596 153 35 uniform
1299 597 152 34 advance
1464 596 55 35 fee

307 650 35 29 to
352 645 43 34 be
404 645 151 43 charged
566 645 45 44 by
620 646 123 34 circuit
753 646 109 34 clerks
873 646 54 34 for
938 646 196 43 “initiating
1145 657 20 23 a
1175 657 105 24 cause
1289 646 39 35 of
1335 646 136 35 action”
1483 647 34 34 in

306 694 59 34 the
374 695 122 33 circuit
506 700 109 35 court,
626 705 44 24 no
680 700 77 38 part
767 695 39 34 of
813 695 59 34 the
881 695 55 34 fee
946 695 102 43 being
1058 695 215 35 refundable.
1287 696 229 42 §12-1710.2.

306 743 140 34 Section
468 745 13 32 1
503 754 81 32 goes
602 755 44 23 on
664 749 35 29 to
717 744 140 43 provide
874 744 77 34 that
968 744 30 34 if
1014 745 43 34 “a
1075 755 104 24 cause
1197 745 39 34 of
1251 745 137 34 action”
1408 745 33 34 in
1460 746 58 33 the

306 793 122 34 circuit
437 798 99 29 court
546 793 158 34 becomes
714 794 185 43 unusually
908 794 142 43 lengthy
1059 794 69 34 and
1138 794 59 34 the
1206 794 113 43 filings
1329 794 142 35 become
1480 805 37 24 so

304 842 217 35 voluminous
531 843 76 34 that
617 843 59 34 the
685 843 154 34 advance
848 843 55 34 fee
912 854 120 33 proves
1042 843 220 44 inadequate,
1273 855 44 23 an
1327 844 190 34 additional

305 891 56 35 fee
371 902 81 33 may
463 892 43 34 be
517 892 154 35 assessed
683 892 53 35 for
747 893 85 34 each
844 893 191 34 additional
1046 893 107 43 filing,
1165 894 34 33 in
1211 894 213 34 accordance
1435 894 82 34 with

305 941 59 35 the
389 952 74 24 new
488 941 172 35 schedule.
687 942 78 34 One
789 942 39 34 of
850 943 59 33 the
937 943 41 33 14
1004 943 225 34 enumerated
1254 943 72 34 fees
1351 944 28 34 is
1405 943 112 43 “[f]or

305 991 156 43 entering
473 992 85 33 each
570 992 124 43 appeal
705 991 90 35 from
807 992 141 34 inferior
959 998 109 35 court,
1082 993 162 36 $15.00.”
1258 993 17 42 §
1293 993 222 43 12-1710(h).

488 1080 134 43 Neeley
643 1091 123 32 argues
788 1080 76 35 that
886 1080 96 44 filing
1003 1092 45 23 an
1070 1081 123 44 appeal
1215 1081 91 35 from
1327 1082 189 44 municipal

304 1134 98 29 court
414 1129 27 34 is
454 1134 60 30 not
526 1129 197 44 “initiating
735 1141 20 23 a
767 1140 104 25 cause
882 1130 40 34 of
930 1131 138 34 action”
1081 1131 34 34 in
1128 1131 59 34 the
1198 1131 123 35 circuit
1332 1136 108 37 court,
1454 1132 62 34 but

304 1179 59 34 the
375 1184 131 29 statute
518 1180 128 43 clearly
660 1180 167 34 indicates
840 1180 191 35 otherwise.
1046 1181 92 34 That
1150 1181 39 41 is,
1204 1181 59 34 the
1276 1192 96 24 same
1386 1182 130 34 section

303 1228 40 35 of
349 1229 59 34 the
417 1234 130 30 statute
557 1234 106 30 states
673 1230 76 34 that
759 1229 30 35 if
796 1230 43 34 “a
849 1241 104 24 cause
963 1230 39 35 of
1009 1231 137 34 action”
1157 1231 160 35 becomes
1327 1242 37 24 so
1374 1231 141 44 lengthy

303 1289 38 24 as
353 1284 35 29 to
401 1279 135 43 require
548 1290 96 24 more
654 1279 72 35 fees
739 1280 84 34 than
835 1291 59 23 are
905 1280 144 35 covered
1062 1280 45 44 by
1118 1281 60 34 the
1189 1281 154 35 advance
1354 1281 65 42 fee,
1432 1282 82 34 then

303 1328 191 36 additional
508 1329 144 43 charges
667 1341 80 32 may
761 1330 43 34 be
818 1330 112 35 made.
945 1330 74 35 The
1033 1331 199 43 legislature
1245 1331 172 44 evidently
1430 1331 85 35 used

303 1378 127 35 “cause
439 1378 39 35 of
486 1379 137 34 action”
634 1384 35 30 to
679 1390 102 24 mean
791 1390 20 24 a
822 1390 89 24 case.
924 1381 254 40 Furthermore,
1188 1392 65 23 one
1263 1381 39 34 of
1308 1381 60 35 the
1377 1382 138 43 specific

303 1427 71 35 fees
386 1439 76 23 now
473 1428 143 35 covered
628 1429 45 43 by
684 1429 59 34 the
754 1429 154 35 advance
918 1429 56 35 fee
985 1430 27 34 is
1024 1430 76 34 that
1112 1430 53 34 for
1177 1441 44 23 an
1233 1431 123 43 appeal
1368 1431 90 34 from
1469 1442 45 23 an

303 1477 141 35 inferior
464 1483 108 29 court.
595 1479 121 34 Hence
736 1479 59 34 the
811 1479 108 43 judge
939 1491 70 22 was
1030 1480 92 42 right
1142 1480 35 34 in
1197 1480 142 43 holding
1359 1481 76 34 that
1455 1481 60 34 the

302 1527 154 34 advance
476 1527 55 35 fee
551 1533 92 29 must
663 1528 43 34 be
726 1528 80 44 paid
827 1529 34 34 in
882 1529 67 34 this
970 1529 166 35 instance.

485 1617 134 43 Neeley
632 1617 72 34 also
717 1628 123 32 argues
853 1617 76 35 that
942 1629 84 23 even
1039 1618 30 34 if
1078 1618 44 34 he
1134 1629 65 23 can
1212 1618 43 35 be
1267 1619 151 43 charged
1431 1619 82 34 with

301 1671 98 29 court
423 1671 90 29 costs
537 1666 30 34 if
587 1666 189 42 convicted,
801 1667 59 34 the
884 1667 55 34 fee
962 1668 123 34 should
1109 1668 43 34 be
1176 1668 168 35 refunded
1368 1669 30 34 if
1418 1669 44 34 he
1484 1669 28 34 is

301 1715 188 44 acquitted.
508 1716 92 34 That
617 1716 171 43 objection
807 1717 27 34 is
853 1722 208 38 premature,
1081 1717 53 35 for
1151 1718 134 43 Neeley
1302 1729 81 32 may
1400 1724 60 29 not
1477 1719 35 34 in

301 1764 73 35 fact
397 1765 42 34 be
461 1765 187 44 acquitted.
673 1767 31 33 It
726 1766 27 34 is
776 1771 59 30 not
858 1777 62 24 our
943 1767 152 43 practice
1117 1772 35 29 to
1175 1768 137 43 explore
1333 1768 179 34 academic

301 1815 174 43 questions
496 1826 38 23 or
554 1815 122 35 render
696 1815 158 44 advisory
873 1816 167 44 opinions.

484 1904 161 44 Neeley’s
654 1905 83 34 final
746 1910 184 38 argument
938 1906 28 34 is
975 1906 77 34 that
1060 1906 94 34 since
1162 1906 44 34 he
1214 1906 27 35 is
1251 1906 142 35 entitled
1401 1907 110 34 under

299 1953 59 34 the
375 1953 236 35 Constitution
627 1959 36 29 to
680 1965 20 24 a
713 1954 81 44 jury
810 1955 91 41 trial,
919 1955 43 34 he
978 1961 128 29 cannot
1122 1956 43 34 be
1181 1956 150 43 charged
1348 1968 21 23 a
1385 1956 56 35 fee
1457 1957 54 34 for

299 2002 210 44 demanding
527 2003 77 35 that
622 2004 259 35 constitutional
899 2005 202 43 protection.
1121 2006 74 34 The
1212 2006 55 34 fee
1285 2006 27 34 is
1330 2012 60 29 not
1408 2007 102 43 being

299 2052 155 44 imposed
465 2053 147 35 because
622 2054 134 43 Neeley
765 2060 110 29 wants
886 2066 19 23 a
913 2054 81 44 jury
1003 2055 90 34 trial.
1106 2056 31 33 It
1147 2056 27 34 is
1185 2056 124 43 simply
1319 2067 20 23 a
1349 2056 96 43 filing
1455 2056 56 35 fee

299 2102 76 34 that
387 2102 28 34 is
427 2103 166 34 collected
607 2114 43 23 no
663 2109 127 29 matter
802 2104 154 34 whether
968 2105 44 34 he
1024 2105 27 34 is
1064 2105 89 34 tried
1165 2105 45 44 by
1223 2116 20 23 a
1252 2105 80 44 jury
1344 2116 38 24 or
1394 2106 45 43 by
1451 2106 59 34 the

294 2151 109 44 judge
421 2162 38 24 or
479 2163 83 24 even
582 2152 30 35 if
628 2153 59 34 the
706 2154 218 43 prosecution
944 2154 83 34 ends
1047 2155 145 34 without
1211 2166 68 33 any
1297 2155 79 35 trial
1396 2160 36 30 at
1452 2156 56 34 all.

298 2201 134 44 Neeley
441 2202 27 34 is
478 2202 205 44 admittedly
692 2208 60 29 not
761 2214 44 23 an
814 2203 156 44 indigent
978 2204 69 34 and
1057 2204 172 35 therefore
1238 2205 62 34 has
1309 2216 44 23 no
1361 2205 104 35 claim
1474 2210 36 30 to

298 2262 45 23 an
352 2252 196 43 exemption
557 2252 91 35 from
656 2253 59 34 the
724 2259 164 37 payment
896 2253 40 35 of
941 2254 96 43 filing
1046 2254 72 34 fees
1127 2254 53 34 for
1189 2255 144 34 services
1343 2255 166 35 rendered

298 2301 45 43 by
356 2301 59 34 the
428 2301 122 35 circuit
563 2302 103 34 clerk.
682 2302 65 34 His
761 2303 201 34 undoubted
976 2304 91 42 right
1081 2309 35 29 to
1130 2315 20 23 a
1160 2304 81 43 jury
1254 2305 79 33 trial
1346 2305 28 34 is
1387 2305 122 43 totally

298 2350 182 35 irrelevant
499 2356 35 29 to
552 2351 52 34 his
624 2351 128 35 refusal
770 2357 36 29 to
824 2363 67 33 pay
910 2352 59 35 the
987 2353 55 34 fee
1060 2353 155 44 imposed
1234 2354 44 43 by
1296 2354 65 34 law
1379 2354 53 34 for
1450 2354 59 34 the

297 2400 122 34 circuit
439 2400 122 35 clerk’s
581 2401 156 35 services.
