1647 2700
106 439 109 34 leases
228 444 35 30 to
276 439 154 44 appellee
442 444 36 29 at
490 438 77 35 that
578 438 95 42 time,
686 438 63 35 but
760 437 145 36 decreed
917 437 77 35 that
1006 438 60 34 the
1077 437 127 45 parties
1216 436 101 35 could

107 489 170 35 maintain
292 500 19 24 a
326 493 158 40 separate
498 488 115 35 action
627 488 207 43 concerning
847 488 60 34 the
918 487 144 44 validity
1076 487 39 35 of
1126 487 59 35 the
1198 487 118 34 leases.

107 540 39 33 In
170 539 99 41 1981,
289 539 175 44 appellant
482 537 80 36 filed
580 538 60 35 the
658 538 143 44 petition
820 538 34 34 in
873 538 59 34 the
950 537 68 35 suit
1037 548 76 24 now
1131 537 118 35 before
1266 548 50 30 us,

106 589 211 43 contending
330 589 75 34 that
418 588 52 35 his
483 587 201 36 one-fourth
697 588 141 34 interest
851 587 34 35 in
899 587 59 35 the
972 588 44 33 70
1029 598 108 30 acres,
1150 587 112 34 which
1275 587 43 34 he

107 638 164 35 obtained
288 650 37 23 as
342 649 20 24 a
379 638 105 34 result
499 637 40 35 of
552 638 60 34 the
627 638 126 34 failure
768 637 39 35 of
819 638 59 34 the
893 636 116 41 deeds,
1026 637 28 35 is
1070 636 163 35 unleased
1250 636 67 34 and

108 689 130 43 prayed
249 688 53 35 for
314 689 67 34 “an
392 687 207 43 accounting
610 688 39 34 of
657 688 45 34 all
714 688 45 34 oil
770 687 68 35 and
848 697 61 33 gas
920 686 74 35 sold
1005 687 94 34 since
1109 686 81 35 date
1199 686 39 34 of
1245 686 73 34 first

108 737 206 44 production
324 737 68 35 and
401 738 76 34 that
487 737 46 34 all
543 736 39 35 of
588 737 75 34 said
673 737 131 34 monies
813 736 138 35 derived
961 736 190 35 therefrom
1160 736 89 34 after
1259 746 61 33 pro

109 792 77 29 rata
201 793 74 29 cost
288 787 40 35 of
339 787 204 44 production
557 787 44 34 be
615 787 81 43 paid
710 797 79 24 over
803 792 36 28 to
853 786 82 34 him.
963 813 7 7 .
998 813 6 7 .
1033 786 30 34 .”
1078 786 75 34 The
1167 786 154 43 appellee

110 837 192 43 responded
317 837 76 34 that
408 837 26 34 it
448 846 70 25 was
533 847 21 23 a
569 836 91 35 bona
674 836 69 35 fide
757 836 197 44 purchaser,
970 835 77 35 that
1061 836 176 43 appellant
1251 846 69 23 was

110 887 166 43 estopped
287 887 45 43 by
343 887 59 34 the
412 885 209 36 ratification
632 886 39 35 of
679 886 59 35 the
749 886 107 34 leases
867 885 185 35 contained
1063 886 35 34 in
1108 885 60 35 the
1178 885 144 34 division

109 936 112 40 order,
233 936 69 35 and
313 936 76 35 that
399 936 177 44 appellant
587 947 69 23 was
668 935 123 35 barred
804 936 44 43 by
858 935 59 34 the
927 935 183 34 combined
1121 935 154 34 doctrine
1285 934 40 34 of

110 986 117 34 laches
239 986 69 35 and
319 985 86 35 stale
416 984 161 36 demand.
589 985 76 36 The
675 985 80 35 trial
765 990 98 30 court
875 984 108 35 found
994 985 86 34 each
1092 984 39 35 of
1139 984 182 44 appellee’s

110 1035 159 36 defenses
290 1047 69 24 was
379 1036 75 34 well
475 1036 115 34 taken.

1275 296 39 33 13

202 1118 75 35 The
288 1117 175 45 appellant
473 1116 167 36 contends
651 1118 77 34 that
738 1117 59 35 the
807 1117 79 35 trial
896 1121 99 30 court
1006 1117 99 35 erred
1115 1117 35 34 in
1161 1116 162 45 applying

111 1168 60 34 the
182 1167 156 36 doctrine
349 1167 38 35 of
396 1167 115 35 laches
523 1172 36 30 to
570 1172 97 40 estop
678 1167 73 35 him
763 1167 89 35 from
863 1166 164 44 claiming
1039 1167 52 35 his
1103 1171 221 39 one-quarter

112 1217 143 35 interest
268 1218 90 34 back
370 1223 35 29 to
418 1217 58 35 the
488 1217 83 34 date
583 1215 39 36 of
632 1218 74 34 first
719 1217 214 44 production.
947 1216 75 35 The
1034 1217 208 34 Chancellor
1255 1227 69 23 was

113 1273 143 29 correct.

205 1349 65 35 We
289 1349 87 35 have
393 1348 223 43 consistently
635 1348 80 35 held
733 1349 77 34 that
828 1348 45 35 oil
891 1347 69 36 and
979 1358 61 33 gas
1059 1348 188 45 properties
1265 1359 59 23 are

113 1399 149 35 unusual
279 1399 68 35 and
364 1399 135 44 require
514 1398 171 44 diligence
701 1410 44 23 on
761 1398 58 35 the
835 1403 78 39 part
928 1397 40 36 of
981 1399 128 43 parties
1125 1398 162 43 claiming
1304 1409 20 23 a

114 1455 162 38 property
286 1449 151 34 interest.
453 1447 438 36 Walker-Lucas-Hudson
902 1448 59 35 Oil
972 1448 60 35 Co.
1042 1460 31 23 v.
1084 1448 161 41 Hudson,
1260 1448 63 34 168

114 1499 85 33 Ark.
220 1500 100 39 1098,
337 1500 67 33 272
419 1498 94 35 S.W.
531 1499 67 33 836
616 1498 137 43 (1925).
771 1499 39 34 In
823 1497 157 35 Sanders
994 1509 30 23 v.
1040 1498 201 40 Flenniken,
1261 1498 64 33 180

114 1548 85 34 Ark.
217 1550 79 39 303,
312 1549 40 33 21
371 1547 142 35 S.W.2d
528 1547 69 35 430
613 1548 138 43 (1929),
767 1548 67 34 this
848 1553 99 29 court
961 1547 91 35 cited
1066 1548 82 34 with
1163 1547 162 44 approval

114 1598 60 34 the
189 1597 175 44 following
379 1598 172 43 language
566 1597 91 35 from
671 1599 185 33 Patterson
869 1608 31 23 v.
916 1598 142 40 Hewitt,
1078 1598 63 34 195
1158 1596 83 35 U.S.
1259 1598 66 33 309

117 1647 138 43 (1904):

239 1729 112 35 There
367 1729 26 34 is
409 1739 44 24 no
468 1729 89 34 class
572 1728 41 35 of
624 1734 162 39 property
800 1739 96 24 more
911 1728 135 43 subject
1061 1734 36 29 to
1111 1728 132 35 sudden
1258 1727 68 35 and

238 1779 127 35 violent
377 1778 222 36 fluctuations
611 1779 39 35 of
657 1779 102 35 value
770 1779 84 34 than
867 1778 132 43 mining
1011 1778 109 35 lands.
1133 1779 33 34 A
1178 1778 149 34 location

239 1829 113 34 which
369 1828 104 44 today
490 1839 82 33 may
589 1828 88 35 have
694 1840 44 23 no
755 1828 131 35 salable
901 1828 101 34 value
1019 1839 81 33 may
1117 1828 35 34 in
1169 1839 20 23 a
1207 1828 120 34 month

240 1879 143 33 become
401 1878 109 34 worth
530 1878 161 34 millions.
711 1879 111 33 Years
842 1888 81 33 may
942 1877 43 34 be
1004 1883 99 38 spent
1122 1878 34 33 in
1175 1877 152 42 working

241 1927 85 34 such
339 1932 171 38 property,
523 1928 205 42 apparently
741 1932 35 29 to
789 1938 43 23 no
845 1937 158 33 purpose,
1016 1927 99 34 when
1128 1926 167 43 suddenly
1308 1937 20 23 a

242 1985 92 26 mass
345 1976 39 34 of
391 1976 73 34 rich
476 1986 59 24 ore
545 1986 82 33 may
637 1977 44 34 be
691 1975 198 35 discovered
900 1975 91 35 from
1002 1976 112 34 which
1126 1987 44 23 an
1180 1975 149 34 unusual

242 2026 139 35 fortune
402 2026 27 34 is
452 2025 161 35 realized.
636 2025 122 36 Under
780 2025 84 35 such
886 2025 281 41 circumstances,
1190 2035 138 34 persons

243 2076 125 44 having
386 2076 121 35 claims
525 2081 36 30 to
578 2077 85 34 such
681 2081 161 40 property
860 2086 59 25 are
937 2075 116 36 bound
1071 2081 36 30 to
1124 2076 59 34 the
1200 2080 130 30 utmost

242 2127 169 43 diligence
420 2127 34 34 in
464 2126 180 45 enforcing
654 2127 106 41 them,
771 2126 68 35 and
850 2126 96 35 there
955 2126 27 34 is
993 2137 44 24 no
1046 2126 88 35 class
1143 2126 41 35 of
1189 2137 95 23 cases
1294 2126 35 34 in

242 2177 112 35 which
373 2177 59 35 the
450 2176 156 35 doctrine
625 2177 39 35 of
681 2177 115 35 laches
816 2177 62 34 has
898 2176 86 35 been
1004 2187 96 24 more
1118 2176 212 43 relentlessly

243 2227 172 35 enforced.

351 2309 39 34 In
399 2306 157 37 Sanders
566 2319 51 23 we
627 2307 185 36 continued
823 2307 190 35 discussion
1024 2307 39 35 of
1070 2308 59 34 the
1139 2312 144 38 concept
1293 2318 38 23 as

119 2358 143 35 follows:

337 2440 101 33 From
451 2438 97 35 these
560 2439 161 35 citations
735 2439 26 34 it
773 2439 68 34 will
854 2438 43 35 be
909 2449 80 23 seen
1002 2439 77 34 that
1091 2438 68 35 this
1172 2443 109 35 court,
1295 2448 37 23 as
