1632 2696
1297 270 20 33 On

330 411 53 42 (2)
433 422 19 23 a
463 416 122 38 parent
594 410 39 35 of
640 422 20 23 a
670 410 92 35 child
772 410 34 34 in
815 411 59 34 the
883 410 145 43 custody
1037 410 39 34 of
1083 410 155 40 another,
1248 409 30 35 if
1284 410 59 34 the

433 465 122 39 parent
572 460 53 34 for
643 471 20 23 a
680 460 118 44 period
815 460 39 34 of
868 465 37 29 at
921 460 88 34 least
1025 470 66 24 one
1109 459 53 43 (1)
1182 470 81 33 year
1280 459 62 35 has

433 510 106 35 failed
549 510 232 44 significantly
789 510 145 34 without
939 510 192 43 justifiable
1139 520 104 24 cause
1253 509 43 43 (i)
1307 514 36 29 to

433 560 257 35 communicate
701 560 82 34 with
795 560 59 34 the
865 559 93 36 child
970 571 38 23 or
1022 559 55 43 (ii)
1092 565 35 29 to
1139 559 139 45 provide
1290 559 53 34 for

433 610 59 35 the
506 620 81 24 care
601 609 68 35 and
684 614 142 39 support
841 609 39 35 of
891 610 60 34 the
964 610 93 34 child
1073 621 37 23 as
1125 609 159 44 required
1298 609 45 44 by

433 660 65 34 law
519 670 38 24 or
574 659 145 44 judicial
739 659 131 35 decree.

315 742 112 34 When
447 741 143 45 proving
610 741 77 35 that
707 752 20 24 a
747 741 137 37 natural
904 741 152 44 parent’s
1076 746 141 30 consent
1237 741 27 34 is
1284 746 60 30 not

130 792 171 44 required,
315 792 59 35 the
387 792 127 44 parties
527 792 141 43 seeking
681 797 36 29 to
730 791 105 45 adopt
849 791 107 35 “bear
968 791 60 35 the
1041 791 109 44 heavy
1163 791 132 35 burden
1308 791 40 35 of

130 842 143 44 proving
296 842 44 44 by
362 842 92 35 clear
476 842 69 35 and
568 842 203 44 convincing
794 842 162 35 evidence
978 841 89 36 facts
1090 842 112 34 which
1221 841 124 45 justify

129 892 199 44 dispensing
341 892 81 35 with
435 892 59 35 the
506 892 160 45 required
678 897 142 30 consent
832 892 39 35 of
880 892 59 35 the
950 892 139 34 natural
1101 892 161 44 parents”
1276 891 69 35 and

130 942 60 35 the
198 942 131 43 finding
340 942 44 44 by
392 942 59 34 the
460 942 79 35 trial
548 947 99 29 court
656 942 77 35 that
742 942 67 35 this
818 941 133 35 burden
961 942 62 34 has
1032 947 60 29 not
1101 942 87 34 been
1197 947 71 29 met
1276 942 69 34 will

130 992 44 34 be
191 991 128 45 upheld
337 992 113 34 unless
468 992 129 43 clearly
614 1002 195 24 erroneous.
827 991 163 35 Loveless
1006 1003 30 24 v.
1055 993 100 42 May,
1174 992 66 34 278
1259 992 84 34 Ark.

134 1043 77 39 127,
233 1042 68 34 644
322 1041 142 35 S.W.2d
486 1042 63 34 261
577 1041 137 43 (1983).

222 1123 154 34 Nicole’s
402 1128 139 38 parents
566 1134 90 23 were
681 1122 161 35 divorced
868 1123 78 34 four
971 1123 69 34 and
1065 1123 160 35 one-half
1247 1134 98 33 years

130 1172 121 35 before
261 1173 60 34 the
331 1173 143 43 petition
486 1172 68 35 and
566 1173 156 43 appellee
732 1184 70 23 was
813 1173 146 42 granted
970 1173 145 43 custody
1126 1173 39 34 of
1172 1173 59 34 the
1241 1172 103 35 child.

130 1222 76 35 The
218 1222 115 35 father
345 1233 69 24 was
427 1222 145 34 ordered
585 1227 35 29 to
633 1233 67 33 pay
713 1223 127 37 $94.00
853 1233 20 24 a
886 1222 122 35 month
1020 1222 35 35 in
1068 1227 153 39 support,
1234 1222 112 34 which

130 1272 103 35 could
245 1272 43 34 be
298 1272 102 35 offset
410 1272 45 43 by
466 1283 68 33 any
544 1277 144 39 support
698 1272 81 44 paid
791 1272 44 43 by
845 1272 53 34 his
909 1277 151 39 parents,
1072 1272 59 34 the
1141 1272 203 44 appellants.

130 1322 115 34 Three
263 1321 85 44 days
367 1321 89 35 after
475 1322 59 34 the
552 1321 134 41 decree,
706 1322 166 41 however,
891 1322 157 44 appellee
1066 1321 69 35 and
1154 1322 192 43 appellants

131 1371 128 43 agreed
276 1371 77 35 that
368 1371 125 35 Nicole
509 1371 124 35 should
649 1376 77 39 stay
742 1371 83 35 with
841 1372 204 44 appellants.
1063 1371 75 35 The
1154 1372 192 44 appellants

131 1421 89 35 have
233 1421 163 44 provided
411 1421 46 35 all
470 1421 60 35 the
543 1426 144 40 support
700 1421 69 36 and
783 1432 80 25 care
876 1421 40 35 of
925 1421 127 35 Nicole
1066 1422 94 34 since
1172 1422 77 34 that
1262 1421 85 35 time

131 1472 147 35 without
297 1472 233 35 contribution
551 1471 91 36 from
662 1472 165 44 appellee.

223 1554 75 34 The
313 1554 143 43 probate
471 1559 99 29 court
585 1554 109 34 found
709 1554 76 34 that
800 1555 155 43 áppellee
970 1554 70 34 had
1055 1560 76 29 sent
1146 1555 117 35 letters
1278 1554 69 35 and

131 1603 84 42 gifts
226 1608 37 29 to
275 1603 135 40 Nicole,
422 1614 96 23 some
529 1603 40 35 of
577 1604 112 33 which
702 1615 89 23 were
802 1603 163 35 returned
976 1604 209 40 unclaimed,
1197 1604 69 34 and
1278 1603 69 35 had

132 1652 104 34 made
248 1652 194 34 occasional
454 1653 107 40 visits,
575 1652 69 34 and
657 1652 70 35 had
739 1652 173 35 therefore
925 1658 60 29 not
997 1653 107 34 failed
1117 1653 231 43 significantly

132 1706 36 30 to
177 1702 257 34 communicate
442 1702 83 34 with
535 1702 126 34 Nicole
671 1701 53 35 for
734 1713 96 23 more
838 1702 85 35 than
932 1713 66 23 one
1007 1713 92 32 year.
1110 1702 74 34 The
1193 1707 108 36 court,
1312 1702 35 34 in

132 1750 168 42 addition,
323 1751 107 34 found
452 1751 76 35 that
550 1751 59 35 the
630 1752 156 43 appellee
807 1751 69 35 had
894 1752 192 43 justifiable
1106 1762 105 24 cause
1231 1757 60 29 not
1312 1757 35 29 to

132 1800 141 44 provide
289 1806 142 38 support
447 1801 150 35 because
612 1801 40 35 of
665 1801 61 34 her
742 1801 150 35 reliance
908 1812 44 24 on
968 1801 60 35 the
1043 1801 138 36 divorce
1196 1801 151 35 decree’s

131 1850 102 35 order
243 1851 76 34 that
329 1851 58 34 the
396 1850 115 35 father
521 1861 68 34 pay
599 1856 143 39 support
751 1850 69 36 and
829 1851 150 35 because
987 1851 60 35 the
1056 1851 193 44 appellants
1258 1862 90 24 were

132 1900 35 35 in
181 1901 104 34 effect
299 1906 62 38 put
375 1900 34 35 in
423 1900 59 35 the
495 1901 148 44 position
657 1901 40 34 of
708 1906 138 39 parents
860 1901 102 35 while
974 1901 83 44 they
1071 1901 69 35 had
1154 1901 144 44 custody
1311 1901 40 35 of

131 1951 137 34 Nicole.
287 1951 74 34 The
378 1951 144 43 probate
538 1956 99 29 court
655 1951 139 43 opinion
811 1951 204 43 recognized
1032 1951 78 34 that
1126 1951 59 34 the
1202 1951 145 43 original

131 1999 139 35 divorce
289 2000 189 43 complaint
498 2000 164 43 provided
683 2000 76 34 that
779 2000 59 34 the
857 2000 194 44 appellants
1072 2000 122 34 should
1215 2000 132 35 remain

132 2049 212 43 responsible
353 2049 53 34 for
415 2054 143 38 support
567 2049 69 34 and
646 2049 244 34 maintenance
898 2049 39 34 of
943 2049 126 34 Nicole
1077 2049 102 34 while
1187 2050 82 42 they
1278 2049 69 35 had

132 2098 146 44 custody
287 2098 69 35 and
365 2098 77 35 that
451 2098 59 35 the
519 2098 194 44 appellants
723 2109 89 24 were
820 2098 100 44 given
929 2099 60 34 the
997 2098 188 36 derivative
1193 2099 109 43 rights
1312 2098 39 36 of

132 2148 90 35 their
242 2159 72 24 son.

223 2230 76 35 The
316 2230 144 44 probate
476 2235 99 30 court
592 2230 107 35 relied
716 2241 44 24 on
777 2231 59 35 the
853 2241 80 24 case
949 2231 40 34 of
1002 2232 41 33 In
1058 2232 54 33 Re
1131 2232 130 40 C.J.U.,
1280 2232 68 34 660

133 2280 86 35 P.2d
240 2281 67 33 237
331 2280 112 43 (Utah
468 2280 118 43 1983),
607 2280 54 35 for
681 2281 60 34 the
760 2281 211 43 proposition
991 2281 77 34 that

258 2366 139 38 parents
417 2372 59 23 are
495 2362 241 43 permanently
756 2361 265 44 “duty-bound”
1042 2367 36 29 to
1098 2367 142 39 support
1259 2362 90 34 their

258 2410 154 35 children
425 2410 109 35 under
552 2411 73 43 [the
637 2411 97 35 Utah
747 2411 157 43 statute].
919 2412 180 40 However,
1113 2412 60 34 the
1184 2416 117 30 extent
1313 2411 39 35 of
