1669 2704
151 418 71 23 was
243 407 169 34 sufficient
432 413 35 29 to
488 407 130 35 submit
638 408 59 34 the
717 418 79 23 case
815 413 36 29 to
871 408 59 34 the
946 407 91 44 jury.

1296 268 65 33 333

337 485 74 34 The
430 485 102 44 proof
550 485 35 34 in
605 485 69 35 this
694 496 80 24 case
793 496 70 24 was
883 486 77 34 that
980 485 60 34 the
1059 485 177 44 appellant
1255 485 70 35 had
1345 497 21 23 a

153 535 196 34 distinctive
358 535 96 34 voice
464 534 68 35 and
544 535 77 34 that
631 535 44 34 he
686 535 105 44 spoke
801 534 196 45 frequently
1008 540 36 29 to
1053 535 60 34 the
1124 535 193 44 employees
1328 546 38 24 as

154 585 43 34 he
209 584 215 44 shepherded
437 585 96 34 them
545 585 133 34 around
691 586 59 34 the
762 590 206 35 restaurant,
982 585 74 34 first
1068 590 35 30 to
1115 586 59 33 the
1186 585 85 41 safe,
1284 585 82 34 then

153 640 36 29 to
218 635 59 34 the
304 635 151 34 walk-in.
484 634 93 35 That
605 634 206 44 identifying
839 635 136 35 feature
1002 646 70 23 was
1101 634 193 36 reinforced
1321 635 46 44 by

153 685 187 42 testimony
368 685 76 34 that
473 685 59 35 the
561 695 82 24 man
672 685 76 34 who
777 685 129 34 robbed
935 684 60 35 the
1024 690 196 30 restaurant
1248 685 70 35 had
1346 696 21 24 a

154 734 190 43 peculiarly
359 735 129 43 shaped
503 734 101 41 head,
620 734 179 35 described
815 746 36 23 as
866 735 127 42 oblong
1007 735 69 34 and
1090 734 120 35 visible
1224 735 109 34 under
1347 746 20 23 a

154 784 93 34 close
261 784 113 43 fitting
389 785 51 33 ski
455 784 110 35 mask.
582 784 112 35 There
708 795 70 23 was
793 785 72 34 also
880 784 186 44 testimony
1080 785 77 34 that
1171 784 59 35 the
1244 785 124 34 robber

155 834 98 34 knew
263 835 59 34 the
331 834 148 35 location
489 834 39 35 of
534 834 59 34 the
602 834 75 35 safe
686 834 69 35 and
764 839 156 30 contents
929 834 125 41 which,
1063 834 146 45 coupled
1218 835 82 34 with
1309 835 59 34 the

155 883 73 35 fact
238 884 77 35 that
324 884 176 43 appellant
509 884 70 35 had
589 884 87 34 been
686 884 181 44 employed
877 885 45 43 by
932 884 183 44 Bojangles
1126 895 95 24 some
1230 885 137 34 months

156 934 134 40 earlier,
308 934 138 34 renders
464 934 59 35 the
539 934 103 43 proof
656 934 39 34 of
708 934 249 35 identification
974 934 39 34 of
1027 935 176 43 appellant
1220 945 37 24 as
1274 945 96 24 more

156 983 85 35 than
257 983 169 35 sufficient
442 989 35 29 to
492 983 131 35 submit
638 984 59 34 the
712 984 90 34 issue
817 989 35 29 to
867 984 59 35 the
937 984 92 44 jury.
1048 983 149 36 Yandell
1209 995 30 23 v.
1255 985 112 40 State,

157 1034 68 33 262
246 1033 84 35 Ark.
356 1034 75 40 195,
454 1034 65 34 555
542 1033 144 35 S.W.2d
708 1034 62 34 561
797 1034 137 43 (1977).

247 1111 180 35 Affirmed.

249 1191 159 40 Purtle,
429 1191 42 40 J.,
492 1195 60 30 not
573 1190 255 44 participating.

321 1471 154 35 William
496 1472 53 34 M.
570 1471 180 35 ASKINS
771 1481 28 24 v.
822 1472 53 33 M.
896 1471 115 35 Susan
1030 1471 180 35 ASKINS

159 1548 130 34 85-165

1051 1550 69 32 704
1140 1548 143 34 S.W.2d
1304 1550 68 33 632

487 1625 172 43 Supreme
679 1625 110 35 Court
809 1625 39 34 of
865 1626 178 34 Arkansas

424 1674 152 45 Opinion
597 1674 172 36 delivered
790 1676 127 34 March
942 1676 52 40 10,
1019 1677 88 33 1986
