<?xml version='1.0' encoding='utf-8'?>
<alto xmlns="http://www.loc.gov/standards/alto/ns-v3#">
  <!--Created by Innodata R.E.D. RLI tool: 2017-04-25 06:27:20.345030-->
  <Description>
    <MeasurementUnit>pixel</MeasurementUnit>
    <sourceImageInformation>
      <fileName>32044078577194_00104_0.tif</fileName>
    </sourceImageInformation>
    <OCRProcessing ID="OP_1">
      <ocrProcessingStep>
        <processingStepDescription>Alto coordinates refer to the deskewed TIFF file. 
		To convert point (x, y) to original image (TIFF or JP2) apply transformation matrix T=(m00, m01, m10, m11, b0, b1) using the rule:
			T * (x,y) = (m00 * x + m01 * y + b0), (m10 * x + m11 * y + b1)</processingStepDescription>
        <processingStepSettings>RED.transform=(0.9999920000106667, -0.003999989333341867, 0.003999989333341867, 0.9999920000106667, 0.39200000000005275, -6.264000000000104)</processingStepSettings>
      </ocrProcessingStep>
    </OCRProcessing>
  </Description>
  <Styles>
    <TextStyle FONTFAMILY="Times New Roman" FONTSIZE="10.50" FONTSTYLE="bold" FONTTYPE="serif" FONTWIDTH="proportional" ID="Style_2"/>
    <TextStyle FONTFAMILY="Times New Roman" FONTSIZE="10.50" FONTSTYLE="bold smallcaps" FONTTYPE="serif" FONTWIDTH="proportional" ID="Style_3"/>
    <TextStyle FONTFAMILY="Times New Roman" FONTSIZE="11.00" FONTTYPE="serif" FONTWIDTH="proportional" ID="Style_4"/>
    <TextStyle FONTFAMILY="Times New Roman" FONTSIZE="11.00" FONTSTYLE="italics" FONTTYPE="serif" FONTWIDTH="proportional" ID="Style_5"/>
  </Styles>
  <Tags>
    <StructureTag ID="b206-8" LABEL="p"/>
    <StructureTag ID="b207-4" LABEL="pagelabel"/>
    <StructureTag ID="b207-6" LABEL="p"/>
    <StructureTag ID="b207-7" LABEL="p"/>
    <StructureTag ID="b207-8" LABEL="p"/>
    <StructureTag ID="b207-9" LABEL="judges"/>
  </Tags>
  <Layout>
    <Page HEIGHT="2702" ID="PG_207" PHYSICAL_IMG_NR="207" WIDTH="1642">
      <PrintSpace HEIGHT="2702" HPOS="0" ID="PS_207" VPOS="0" WIDTH="1642">
        <TextBlock HEIGHT="294.0" HPOS="131.0" ID="BL_207.1" TAGREFS="b206-8" VPOS="410.0" WIDTH="1214.0">
          <TextLine HEIGHT="46" HPOS="131" ID="TL_207.1.1" VPOS="410" WIDTH="1214">
            <String CONTENT="under" HEIGHT="35" HPOS="131" ID="ST_207.1.1.1" STYLEREFS="Style_4" VPOS="410" WIDTH="110" WC="0.86" CC="00000" TAGREFS=""/>
            <SP HPOS="241" ID="SP_207.1.1.2" VPOS="411" WIDTH="19"/>
            <String CONTENT="the" HEIGHT="34" HPOS="260" ID="ST_207.1.1.3" STYLEREFS="Style_4" VPOS="411" WIDTH="58" WC="1.00" CC="000" TAGREFS=""/>
            <SP HPOS="318" ID="SP_207.1.1.4" VPOS="411" WIDTH="18"/>
            <String CONTENT="civil" HEIGHT="34" HPOS="336" ID="ST_207.1.1.5" STYLEREFS="Style_4" VPOS="411" WIDTH="76" WC="0.83" CC="00000" TAGREFS=""/>
            <SP HPOS="412" ID="SP_207.1.1.6" VPOS="411" WIDTH="18"/>
            <String CONTENT="service" HEIGHT="35" HPOS="430" ID="ST_207.1.1.7" STYLEREFS="Style_4" VPOS="411" WIDTH="129" WC="1.00" CC="0000000" TAGREFS=""/>
            <SP HPOS="559" ID="SP_207.1.1.8" VPOS="412" WIDTH="18"/>
            <String CONTENT="retirement" HEIGHT="34" HPOS="577" ID="ST_207.1.1.9" STYLEREFS="Style_4" VPOS="412" WIDTH="200" WC="0.97" CC="0000000000" TAGREFS=""/>
            <SP HPOS="777" ID="SP_207.1.1.10" VPOS="417" WIDTH="17"/>
            <String CONTENT="system" HEIGHT="39" HPOS="794" ID="ST_207.1.1.11" STYLEREFS="Style_4" VPOS="417" WIDTH="129" WC="0.94" CC="000000" TAGREFS=""/>
            <SP HPOS="923" ID="SP_207.1.1.12" VPOS="423" WIDTH="17"/>
            <String CONTENT="are" HEIGHT="24" HPOS="940" ID="ST_207.1.1.13" STYLEREFS="Style_4" VPOS="423" WIDTH="60" WC="1.00" CC="000" TAGREFS=""/>
            <SP HPOS="1000" ID="SP_207.1.1.14" VPOS="417" WIDTH="18"/>
            <String CONTENT="not" HEIGHT="30" HPOS="1018" ID="ST_207.1.1.15" STYLEREFS="Style_4" VPOS="417" WIDTH="59" WC="1.00" CC="000" TAGREFS=""/>
            <SP HPOS="1077" ID="SP_207.1.1.16" VPOS="412" WIDTH="18"/>
            <String CONTENT="assignable" HEIGHT="44" HPOS="1095" ID="ST_207.1.1.17" STYLEREFS="Style_4" VPOS="412" WIDTH="195" WC="0.98" CC="0000000000" TAGREFS=""/>
            <SP HPOS="1290" ID="SP_207.1.1.18" VPOS="423" WIDTH="17"/>
            <String CONTENT="or" HEIGHT="24" HPOS="1307" ID="ST_207.1.1.19" STYLEREFS="Style_4" VPOS="423" WIDTH="38" WC="1.00" CC="00" TAGREFS=""/>
          </TextLine>
          <TextLine HEIGHT="46" HPOS="131" ID="TL_207.1.2" VPOS="460" WIDTH="1212">
            <String CONTENT="subject" HEIGHT="43" HPOS="131" ID="ST_207.1.2.1" STYLEREFS="Style_4" VPOS="460" WIDTH="135" WC="0.98" CC="0000000" TAGREFS=""/>
            <SP HPOS="266" ID="SP_207.1.2.2" VPOS="466" WIDTH="17"/>
            <String CONTENT="to" HEIGHT="29" HPOS="283" ID="ST_207.1.2.3" STYLEREFS="Style_4" VPOS="466" WIDTH="36" WC="1.00" CC="00" TAGREFS=""/>
            <SP HPOS="319" ID="SP_207.1.2.4" VPOS="488" WIDTH="18"/>
            <String CONTENT="." HEIGHT="7" HPOS="337" ID="ST_207.1.2.5" STYLEREFS="Style_4" VPOS="488" WIDTH="7" WC="1.00" CC="9" TAGREFS=""/>
            <SP HPOS="344" ID="SP_207.1.2.6" VPOS="489" WIDTH="28"/>
            <String CONTENT="." HEIGHT="6" HPOS="372" ID="ST_207.1.2.7" STYLEREFS="Style_4" VPOS="489" WIDTH="6" WC="1.00" CC="9" TAGREFS=""/>
            <SP HPOS="378" ID="SP_207.1.2.8" VPOS="489" WIDTH="28"/>
            <String CONTENT="." HEIGHT="6" HPOS="406" ID="ST_207.1.2.9" STYLEREFS="Style_4" VPOS="489" WIDTH="6" WC="1.00" CC="9" TAGREFS=""/>
            <SP HPOS="412" ID="SP_207.1.2.10" VPOS="461" WIDTH="18"/>
            <String CONTENT="garnishment." HEIGHT="42" HPOS="430" ID="ST_207.1.2.11" STYLEREFS="Style_4" VPOS="461" WIDTH="248" WC="0.97" CC="000000000000" TAGREFS=""/>
            <SP HPOS="678" ID="SP_207.1.2.12" VPOS="489" WIDTH="29"/>
            <String CONTENT="." HEIGHT="6" HPOS="707" ID="ST_207.1.2.13" STYLEREFS="Style_4" VPOS="489" WIDTH="6" WC="1.00" CC="9" TAGREFS=""/>
            <SP HPOS="713" ID="SP_207.1.2.14" VPOS="489" WIDTH="28"/>
            <String CONTENT="." HEIGHT="6" HPOS="741" ID="ST_207.1.2.15" STYLEREFS="Style_4" VPOS="489" WIDTH="7" WC="1.00" CC="9" TAGREFS=""/>
            <SP HPOS="748" ID="SP_207.1.2.16" VPOS="462" WIDTH="28"/>
            <String CONTENT=".”" HEIGHT="33" HPOS="776" ID="ST_207.1.2.17" STYLEREFS="Style_4" VPOS="462" WIDTH="30" WC="0.50" CC="99" TAGREFS=""/>
            <SP HPOS="806" ID="SP_207.1.2.18" VPOS="462" WIDTH="20"/>
            <String CONTENT="(Emphasis" HEIGHT="44" HPOS="826" ID="ST_207.1.2.19" STYLEREFS="Style_4" VPOS="462" WIDTH="200" WC="0.96" CC="000000000" TAGREFS=""/>
            <SP HPOS="1026" ID="SP_207.1.2.20" VPOS="462" WIDTH="17"/>
            <String CONTENT="added.)" HEIGHT="43" HPOS="1043" ID="ST_207.1.2.21" STYLEREFS="Style_4" VPOS="462" WIDTH="141" WC="1.00" CC="0000000" TAGREFS=""/>
            <SP HPOS="1184" ID="SP_207.1.2.22" VPOS="462" WIDTH="19"/>
            <String CONTENT="S." HEIGHT="35" HPOS="1203" ID="ST_207.1.2.23" STYLEREFS="Style_4" VPOS="462" WIDTH="35" WC="1.00" CC="00" TAGREFS=""/>
            <SP HPOS="1238" ID="SP_207.1.2.24" VPOS="463" WIDTH="18"/>
            <String CONTENT="Rep." HEIGHT="43" HPOS="1256" ID="ST_207.1.2.25" STYLEREFS="Style_4" VPOS="463" WIDTH="87" WC="1.00" CC="0000" TAGREFS=""/>
          </TextLine>
          <TextLine HEIGHT="45" HPOS="131" ID="TL_207.1.3" VPOS="510" WIDTH="1212">
            <String CONTENT="No." HEIGHT="34" HPOS="131" ID="ST_207.1.3.1" STYLEREFS="Style_4" VPOS="510" WIDTH="69" WC="1.00" CC="000" TAGREFS=""/>
            <SP HPOS="200" ID="SP_207.1.3.2" VPOS="511" WIDTH="20"/>
            <String CONTENT="95-1084," HEIGHT="40" HPOS="220" ID="ST_207.1.3.3" STYLEREFS="Style_4" VPOS="511" WIDTH="165" WC="0.93" CC="00000000" TAGREFS=""/>
            <SP HPOS="385" ID="SP_207.1.3.4" VPOS="510" WIDTH="18"/>
            <String CONTENT="95th" HEIGHT="35" HPOS="403" ID="ST_207.1.3.5" STYLEREFS="Style_4" VPOS="510" WIDTH="84" WC="0.92" CC="0000" TAGREFS=""/>
            <SP HPOS="487" ID="SP_207.1.3.6" VPOS="511" WIDTH="18"/>
            <String CONTENT="Cong.," HEIGHT="43" HPOS="505" ID="ST_207.1.3.7" STYLEREFS="Style_4" VPOS="511" WIDTH="122" WC="0.99" CC="000099" TAGREFS=""/>
            <SP HPOS="627" ID="SP_207.1.3.8" VPOS="510" WIDTH="19"/>
            <String CONTENT="2d" HEIGHT="35" HPOS="646" ID="ST_207.1.3.9" STYLEREFS="Style_4" VPOS="510" WIDTH="45" WC="0.96" CC="00" TAGREFS=""/>
            <SP HPOS="691" ID="SP_207.1.3.10" VPOS="511" WIDTH="17"/>
            <String CONTENT="Sess." HEIGHT="34" HPOS="708" ID="ST_207.1.3.11" STYLEREFS="Style_4" VPOS="511" WIDTH="90" WC="1.00" CC="00000" TAGREFS=""/>
            <SP HPOS="798" ID="SP_207.1.3.12" VPOS="511" WIDTH="23"/>
            <String CONTENT="[1978]" HEIGHT="44" HPOS="821" ID="ST_207.1.3.13" STYLEREFS="Style_4" VPOS="511" WIDTH="119" WC="1.00" CC="000000" TAGREFS=""/>
            <SP HPOS="940" ID="SP_207.1.3.14" VPOS="511" WIDTH="21"/>
            <String CONTENT="U.S." HEIGHT="35" HPOS="961" ID="ST_207.1.3.15" STYLEREFS="Style_4" VPOS="511" WIDTH="84" WC="1.00" CC="0000" TAGREFS=""/>
            <SP HPOS="1045" ID="SP_207.1.3.16" VPOS="512" WIDTH="19"/>
            <String CONTENT="Code" HEIGHT="35" HPOS="1064" ID="ST_207.1.3.17" STYLEREFS="Style_4" VPOS="512" WIDTH="98" WC="0.92" CC="0000" TAGREFS=""/>
            <SP HPOS="1162" ID="SP_207.1.3.18" VPOS="512" WIDTH="16"/>
            <String CONTENT="Cong." HEIGHT="43" HPOS="1178" ID="ST_207.1.3.19" STYLEREFS="Style_4" VPOS="512" WIDTH="109" WC="0.83" CC="00000" TAGREFS=""/>
            <SP HPOS="1287" ID="SP_207.1.3.20" VPOS="513" WIDTH="23"/>
            <String CONTENT="&amp;" HEIGHT="33" HPOS="1310" ID="ST_207.1.3.21" STYLEREFS="Style_4" VPOS="513" WIDTH="33" WC="1.00" CC="0" TAGREFS=""/>
          </TextLine>
          <TextLine HEIGHT="45" HPOS="131" ID="TL_207.1.4" VPOS="559" WIDTH="1214">
            <String CONTENT="Ad." HEIGHT="36" HPOS="131" ID="ST_207.1.4.1" STYLEREFS="Style_4" VPOS="559" WIDTH="68" WC="0.87" CC="000" TAGREFS=""/>
            <SP HPOS="199" ID="SP_207.1.4.2" VPOS="560" WIDTH="27"/>
            <String CONTENT="News" HEIGHT="34" HPOS="226" ID="ST_207.1.4.3" STYLEREFS="Style_4" VPOS="560" WIDTH="106" WC="1.00" CC="0000" TAGREFS=""/>
            <SP HPOS="332" ID="SP_207.1.4.4" VPOS="561" WIDTH="29"/>
            <String CONTENT="1379," HEIGHT="40" HPOS="361" ID="ST_207.1.4.5" STYLEREFS="Style_4" VPOS="561" WIDTH="98" WC="0.90" CC="00000" TAGREFS=""/>
            <SP HPOS="459" ID="SP_207.1.4.6" VPOS="561" WIDTH="30"/>
            <String CONTENT="1380." HEIGHT="34" HPOS="489" ID="ST_207.1.4.7" STYLEREFS="Style_4" VPOS="561" WIDTH="98" WC="0.95" CC="00000" TAGREFS=""/>
            <SP HPOS="587" ID="SP_207.1.4.8" VPOS="562" WIDTH="27"/>
            <String CONTENT="In" HEIGHT="33" HPOS="614" ID="ST_207.1.4.9" STYLEREFS="Style_4" VPOS="562" WIDTH="39" WC="1.00" CC="00" TAGREFS=""/>
            <SP HPOS="653" ID="SP_207.1.4.10" VPOS="560" WIDTH="25"/>
            <String CONTENT="addition," HEIGHT="42" HPOS="678" ID="ST_207.1.4.11" STYLEREFS="Style_4" VPOS="560" WIDTH="166" WC="0.96" CC="000000000" TAGREFS=""/>
            <SP HPOS="844" ID="SP_207.1.4.12" VPOS="572" WIDTH="25"/>
            <String CONTENT="our" HEIGHT="24" HPOS="869" ID="ST_207.1.4.13" STYLEREFS="Style_4" VPOS="572" WIDTH="63" WC="0.90" CC="000" TAGREFS=""/>
            <SP HPOS="932" ID="SP_207.1.4.14" VPOS="562" WIDTH="24"/>
            <String CONTENT="general" HEIGHT="42" HPOS="956" ID="ST_207.1.4.15" STYLEREFS="Style_4" VPOS="562" WIDTH="140" WC="1.00" CC="0000000" TAGREFS=""/>
            <SP HPOS="1096" ID="SP_207.1.4.16" VPOS="562" WIDTH="24"/>
            <String CONTENT="rule," HEIGHT="41" HPOS="1120" ID="ST_207.1.4.17" STYLEREFS="Style_4" VPOS="562" WIDTH="84" WC="1.00" CC="00000" TAGREFS=""/>
            <SP HPOS="1204" ID="SP_207.1.4.18" VPOS="562" WIDTH="24"/>
            <String CONTENT="unlike" HEIGHT="35" HPOS="1228" ID="ST_207.1.4.19" STYLEREFS="Style_4" VPOS="562" WIDTH="117" WC="0.89" CC="000000" TAGREFS=""/>
          </TextLine>
          <TextLine HEIGHT="45" HPOS="132" ID="TL_207.1.5" VPOS="610" WIDTH="1211">
            <String CONTENT="Pennsylvania’s," HEIGHT="43" HPOS="132" ID="ST_207.1.5.1" STYLEREFS="Style_4" VPOS="610" WIDTH="290" WC="0.88" CC="000000000000900" TAGREFS=""/>
            <SP HPOS="422" ID="SP_207.1.5.2" VPOS="610" WIDTH="16"/>
            <String CONTENT="is" HEIGHT="34" HPOS="438" ID="ST_207.1.5.3" STYLEREFS="Style_4" VPOS="610" WIDTH="27" WC="1.00" CC="00" TAGREFS=""/>
            <SP HPOS="465" ID="SP_207.1.5.4" VPOS="610" WIDTH="15"/>
            <String CONTENT="that" HEIGHT="35" HPOS="480" ID="ST_207.1.5.5" STYLEREFS="Style_4" VPOS="610" WIDTH="77" WC="1.00" CC="0000" TAGREFS=""/>
            <SP HPOS="557" ID="SP_207.1.5.6" VPOS="611" WIDTH="14"/>
            <String CONTENT="exemptions" HEIGHT="44" HPOS="571" ID="ST_207.1.5.7" STYLEREFS="Style_4" VPOS="611" WIDTH="214" WC="0.98" CC="0000000000" TAGREFS=""/>
            <SP HPOS="785" ID="SP_207.1.5.8" VPOS="622" WIDTH="14"/>
            <String CONTENT="are" HEIGHT="23" HPOS="799" ID="ST_207.1.5.9" STYLEREFS="Style_4" VPOS="622" WIDTH="59" WC="1.00" CC="000" TAGREFS=""/>
            <SP HPOS="858" ID="SP_207.1.5.10" VPOS="617" WIDTH="14"/>
            <String CONTENT="to" HEIGHT="29" HPOS="872" ID="ST_207.1.5.11" STYLEREFS="Style_4" VPOS="617" WIDTH="36" WC="1.00" CC="00" TAGREFS=""/>
            <SP HPOS="908" ID="SP_207.1.5.12" VPOS="612" WIDTH="14"/>
            <String CONTENT="be" HEIGHT="34" HPOS="922" ID="ST_207.1.5.13" STYLEREFS="Style_4" VPOS="612" WIDTH="43" WC="0.87" CC="00" TAGREFS=""/>
            <SP HPOS="965" ID="SP_207.1.5.14" VPOS="611" WIDTH="13"/>
            <String CONTENT="liberally" HEIGHT="44" HPOS="978" ID="ST_207.1.5.15" STYLEREFS="Style_4" VPOS="611" WIDTH="158" WC="0.99" CC="000000000" TAGREFS=""/>
            <SP HPOS="1136" ID="SP_207.1.5.16" VPOS="611" WIDTH="13"/>
            <String CONTENT="construed." HEIGHT="36" HPOS="1149" ID="ST_207.1.5.17" STYLEREFS="Style_4" VPOS="611" WIDTH="194" WC="0.94" CC="0000000000" TAGREFS=""/>
          </TextLine>
          <TextLine HEIGHT="45" HPOS="137" ID="TL_207.1.6" VPOS="659" WIDTH="1180">
            <String CONTENT="Williams" HEIGHT="36" HPOS="137" ID="ST_207.1.6.1" STYLEREFS="Style_5" VPOS="659" WIDTH="174" WC="0.86" CC="00000000" TAGREFS=""/>
            <SP HPOS="311" ID="SP_207.1.6.2" VPOS="672" WIDTH="18"/>
            <String CONTENT="v." HEIGHT="23" HPOS="329" ID="ST_207.1.6.3" STYLEREFS="Style_4" VPOS="672" WIDTH="31" WC="0.64" CC="00" TAGREFS=""/>
            <SP HPOS="360" ID="SP_207.1.6.4" VPOS="661" WIDTH="20"/>
            <String CONTENT="Swann," HEIGHT="40" HPOS="380" ID="ST_207.1.6.5" STYLEREFS="Style_5" VPOS="661" WIDTH="139" WC="1.0" CC="000000" TAGREFS=""/>
            <SP HPOS="519" ID="SP_207.1.6.6" VPOS="662" WIDTH="22"/>
            <String CONTENT="220" HEIGHT="33" HPOS="541" ID="ST_207.1.6.7" STYLEREFS="Style_4" VPOS="662" WIDTH="68" WC="0.64" CC="000" TAGREFS=""/>
            <SP HPOS="609" ID="SP_207.1.6.8" VPOS="660" WIDTH="20"/>
            <String CONTENT="Ark." HEIGHT="35" HPOS="629" ID="ST_207.1.6.9" STYLEREFS="Style_4" VPOS="660" WIDTH="86" WC="0.84" CC="0000" TAGREFS=""/>
            <SP HPOS="715" ID="SP_207.1.6.10" VPOS="661" WIDTH="21"/>
            <String CONTENT="906," HEIGHT="41" HPOS="736" ID="ST_207.1.6.11" STYLEREFS="Style_4" VPOS="661" WIDTH="80" WC="0.78" CC="0000" TAGREFS=""/>
            <SP HPOS="816" ID="SP_207.1.6.12" VPOS="662" WIDTH="21"/>
            <String CONTENT="251" HEIGHT="33" HPOS="837" ID="ST_207.1.6.13" STYLEREFS="Style_4" VPOS="662" WIDTH="64" WC="0.69" CC="000" TAGREFS=""/>
            <SP HPOS="901" ID="SP_207.1.6.14" VPOS="661" WIDTH="25"/>
            <String CONTENT="S.W.2d" HEIGHT="35" HPOS="926" ID="ST_207.1.6.15" STYLEREFS="Style_4" VPOS="661" WIDTH="144" WC="0.87" CC="000000" TAGREFS=""/>
            <SP HPOS="1070" ID="SP_207.1.6.16" VPOS="663" WIDTH="23"/>
            <String CONTENT="111" HEIGHT="34" HPOS="1093" ID="ST_207.1.6.17" STYLEREFS="Style_4" VPOS="663" WIDTH="61" WC="0.81" CC="900" TAGREFS=""/>
            <SP HPOS="1154" ID="SP_207.1.6.18" VPOS="660" WIDTH="27"/>
            <String CONTENT="(1952)." HEIGHT="44" HPOS="1181" ID="ST_207.1.6.19" STYLEREFS="Style_4" VPOS="660" WIDTH="136" WC="0.83" CC="0000000" TAGREFS=""/>
          </TextLine>
        </TextBlock>
        <TextBlock HEIGHT="34.0" HPOS="1279.0" ID="BL_207.3" TAGREFS="b207-4" VPOS="272.0" WIDTH="60.0">
          <TextLine HEIGHT="34" HPOS="1279" ID="TL_207.3.1" VPOS="272" WIDTH="60">
            <String CONTENT="181" HEIGHT="34" HPOS="1279" ID="ST_207.3.1.1" STYLEREFS="Style_4" VPOS="272" WIDTH="60" WC="0.88" CC="000" TAGREFS=""/>
          </TextLine>
        </TextBlock>
        <TextBlock HEIGHT="544.0" HPOS="133.0" ID="BL_207.4" TAGREFS="b207-6" VPOS="734.0" WIDTH="1215.0">
          <TextLine HEIGHT="47" HPOS="225" ID="TL_207.4.1" VPOS="734" WIDTH="1120">
            <String CONTENT="Similarly," HEIGHT="45" HPOS="225" ID="ST_207.4.1.1" STYLEREFS="Style_4" VPOS="734" WIDTH="187" WC="0.93" CC="0000000000" TAGREFS=""/>
            <SP HPOS="412" ID="SP_207.4.1.2" VPOS="746" WIDTH="13"/>
            <String CONTENT="we" HEIGHT="23" HPOS="425" ID="ST_207.4.1.3" STYLEREFS="Style_4" VPOS="746" WIDTH="51" WC="0.89" CC="00" TAGREFS=""/>
            <SP HPOS="476" ID="SP_207.4.1.4" VPOS="746" WIDTH="13"/>
            <String CONTENT="are" HEIGHT="23" HPOS="489" ID="ST_207.4.1.5" STYLEREFS="Style_4" VPOS="746" WIDTH="60" WC="1.00" CC="000" TAGREFS=""/>
            <SP HPOS="549" ID="SP_207.4.1.6" VPOS="742" WIDTH="13"/>
            <String CONTENT="not" HEIGHT="28" HPOS="562" ID="ST_207.4.1.7" STYLEREFS="Style_4" VPOS="742" WIDTH="59" WC="0.99" CC="000" TAGREFS=""/>
            <SP HPOS="621" ID="SP_207.4.1.8" VPOS="735" WIDTH="13"/>
            <String CONTENT="persuaded" HEIGHT="45" HPOS="634" ID="ST_207.4.1.9" STYLEREFS="Style_4" VPOS="735" WIDTH="193" WC="0.95" CC="000000000" TAGREFS=""/>
            <SP HPOS="827" ID="SP_207.4.1.10" VPOS="736" WIDTH="14"/>
            <String CONTENT="by" HEIGHT="44" HPOS="841" ID="ST_207.4.1.11" STYLEREFS="Style_4" VPOS="736" WIDTH="44" WC="1.00" CC="00" TAGREFS=""/>
            <SP HPOS="885" ID="SP_207.4.1.12" VPOS="737" WIDTH="13"/>
            <String CONTENT="the" HEIGHT="34" HPOS="898" ID="ST_207.4.1.13" STYLEREFS="Style_4" VPOS="737" WIDTH="59" WC="0.85" CC="000" TAGREFS=""/>
            <SP HPOS="957" ID="SP_207.4.1.14" VPOS="736" WIDTH="12"/>
            <String CONTENT="reasoning" HEIGHT="44" HPOS="969" ID="ST_207.4.1.15" STYLEREFS="Style_4" VPOS="736" WIDTH="183" WC="0.95" CC="000000000" TAGREFS=""/>
            <SP HPOS="1152" ID="SP_207.4.1.16" VPOS="736" WIDTH="13"/>
            <String CONTENT="expressed" HEIGHT="45" HPOS="1165" ID="ST_207.4.1.17" STYLEREFS="Style_4" VPOS="736" WIDTH="180" WC="0.90" CC="000000000" TAGREFS=""/>
          </TextLine>
          <TextLine HEIGHT="43" HPOS="134" ID="TL_207.4.2" VPOS="784" WIDTH="1212">
            <String CONTENT="by" HEIGHT="42" HPOS="134" ID="ST_207.4.2.1" STYLEREFS="Style_4" VPOS="785" WIDTH="45" WC="0.97" CC="00" TAGREFS=""/>
            <SP HPOS="179" ID="SP_207.4.2.2" VPOS="784" WIDTH="18"/>
            <String CONTENT="the" HEIGHT="35" HPOS="197" ID="ST_207.4.2.3" STYLEREFS="Style_4" VPOS="784" WIDTH="60" WC="0.97" CC="000" TAGREFS=""/>
            <SP HPOS="257" ID="SP_207.4.2.4" VPOS="784" WIDTH="20"/>
            <String CONTENT="Federal" HEIGHT="35" HPOS="277" ID="ST_207.4.2.5" STYLEREFS="Style_4" VPOS="784" WIDTH="141" WC="0.87" CC="0000000" TAGREFS=""/>
            <SP HPOS="418" ID="SP_207.4.2.6" VPOS="785" WIDTH="20"/>
            <String CONTENT="District" HEIGHT="35" HPOS="438" ID="ST_207.4.2.7" STYLEREFS="Style_4" VPOS="785" WIDTH="145" WC="0.95" CC="00000000" TAGREFS=""/>
            <SP HPOS="583" ID="SP_207.4.2.8" VPOS="786" WIDTH="19"/>
            <String CONTENT="Court" HEIGHT="34" HPOS="602" ID="ST_207.4.2.9" STYLEREFS="Style_4" VPOS="786" WIDTH="110" WC="1.00" CC="00000" TAGREFS=""/>
            <SP HPOS="712" ID="SP_207.4.2.10" VPOS="786" WIDTH="19"/>
            <String CONTENT="in" HEIGHT="34" HPOS="731" ID="ST_207.4.2.11" STYLEREFS="Style_4" VPOS="786" WIDTH="34" WC="0.91" CC="00" TAGREFS=""/>
            <SP HPOS="765" ID="SP_207.4.2.12" VPOS="786" WIDTH="20"/>
            <String CONTENT="Florida." HEIGHT="35" HPOS="785" ID="ST_207.4.2.13" STYLEREFS="Style_4" VPOS="786" WIDTH="147" WC="0.96" CC="00000000" TAGREFS=""/>
            <SP HPOS="932" ID="SP_207.4.2.14" VPOS="786" WIDTH="19"/>
            <String CONTENT="That" HEIGHT="35" HPOS="951" ID="ST_207.4.2.15" STYLEREFS="Style_4" VPOS="786" WIDTH="93" WC="1.00" CC="0000" TAGREFS=""/>
            <SP HPOS="1044" ID="SP_207.4.2.16" VPOS="792" WIDTH="18"/>
            <String CONTENT="court" HEIGHT="29" HPOS="1062" ID="ST_207.4.2.17" STYLEREFS="Style_4" VPOS="792" WIDTH="98" WC="0.94" CC="00000" TAGREFS=""/>
            <SP HPOS="1160" ID="SP_207.4.2.18" VPOS="786" WIDTH="18"/>
            <String CONTENT="based" HEIGHT="36" HPOS="1178" ID="ST_207.4.2.19" STYLEREFS="Style_4" VPOS="786" WIDTH="105" WC="1.00" CC="00000" TAGREFS=""/>
            <SP HPOS="1283" ID="SP_207.4.2.20" VPOS="786" WIDTH="20"/>
            <String CONTENT="its" HEIGHT="35" HPOS="1303" ID="ST_207.4.2.21" STYLEREFS="Style_4" VPOS="786" WIDTH="43" WC="0.95" CC="000" TAGREFS=""/>
          </TextLine>
          <TextLine HEIGHT="45" HPOS="133" ID="TL_207.4.3" VPOS="834" WIDTH="1211">
            <String CONTENT="opinion" HEIGHT="44" HPOS="133" ID="ST_207.4.3.1" STYLEREFS="Style_4" VPOS="834" WIDTH="140" WC="0.94" CC="0000000" TAGREFS=""/>
            <SP HPOS="273" ID="SP_207.4.3.2" VPOS="845" WIDTH="12"/>
            <String CONTENT="on" HEIGHT="24" HPOS="285" ID="ST_207.4.3.3" STYLEREFS="Style_4" VPOS="845" WIDTH="43" WC="1.00" CC="00" TAGREFS=""/>
            <SP HPOS="328" ID="SP_207.4.3.4" VPOS="835" WIDTH="13"/>
            <String CONTENT="the" HEIGHT="35" HPOS="341" ID="ST_207.4.3.5" STYLEREFS="Style_4" VPOS="835" WIDTH="58" WC="1.00" CC="000" TAGREFS=""/>
            <SP HPOS="399" ID="SP_207.4.3.6" VPOS="835" WIDTH="11"/>
            <String CONTENT="Pennsylvania" HEIGHT="44" HPOS="410" ID="ST_207.4.3.7" STYLEREFS="Style_4" VPOS="835" WIDTH="251" WC="0.88" CC="000000000000" TAGREFS=""/>
            <SP HPOS="661" ID="SP_207.4.3.8" VPOS="846" WIDTH="12"/>
            <String CONTENT="case," HEIGHT="31" HPOS="673" ID="ST_207.4.3.9" STYLEREFS="Style_4" VPOS="846" WIDTH="90" WC="0.90" CC="00000" TAGREFS=""/>
            <SP HPOS="763" ID="SP_207.4.3.10" VPOS="836" WIDTH="13"/>
            <String CONTENT="and" HEIGHT="34" HPOS="776" ID="ST_207.4.3.11" STYLEREFS="Style_4" VPOS="836" WIDTH="68" WC="1.00" CC="000" TAGREFS=""/>
            <SP HPOS="844" ID="SP_207.4.3.12" VPOS="847" WIDTH="11"/>
            <String CONTENT="on" HEIGHT="24" HPOS="855" ID="ST_207.4.3.13" STYLEREFS="Style_4" VPOS="847" WIDTH="44" WC="0.73" CC="00" TAGREFS=""/>
            <SP HPOS="899" ID="SP_207.4.3.14" VPOS="837" WIDTH="12"/>
            <String CONTENT="the" HEIGHT="34" HPOS="911" ID="ST_207.4.3.15" STYLEREFS="Style_4" VPOS="837" WIDTH="59" WC="0.87" CC="000" TAGREFS=""/>
            <SP HPOS="970" ID="SP_207.4.3.16" VPOS="846" WIDTH="11"/>
            <String CONTENT="case" HEIGHT="25" HPOS="981" ID="ST_207.4.3.17" STYLEREFS="Style_4" VPOS="846" WIDTH="80" WC="1.00" CC="0000" TAGREFS=""/>
            <SP HPOS="1061" ID="SP_207.4.3.18" VPOS="836" WIDTH="11"/>
            <String CONTENT="of" HEIGHT="35" HPOS="1072" ID="ST_207.4.3.19" STYLEREFS="Style_4" VPOS="836" WIDTH="39" WC="1.00" CC="00" TAGREFS=""/>
            <SP HPOS="1111" ID="SP_207.4.3.20" VPOS="836" WIDTH="8"/>
            <String CONTENT="McIntosh" HEIGHT="35" HPOS="1119" ID="ST_207.4.3.21" STYLEREFS="Style_5" VPOS="836" WIDTH="184" WC="0.88" CC="00000000" TAGREFS=""/>
            <SP HPOS="1303" ID="SP_207.4.3.22" VPOS="848" WIDTH="10"/>
            <String CONTENT="v." HEIGHT="23" HPOS="1313" ID="ST_207.4.3.23" STYLEREFS="Style_4" VPOS="848" WIDTH="31" WC="1.00" CC="00" TAGREFS=""/>
          </TextLine>
          <TextLine HEIGHT="44" HPOS="133" ID="TL_207.4.4" VPOS="884" WIDTH="1214">
            <String CONTENT="Aubrey," HEIGHT="44" HPOS="133" ID="ST_207.4.4.1" STYLEREFS="Style_5" VPOS="884" WIDTH="153" WC="0.92" CC="0000000" TAGREFS=""/>
            <SP HPOS="286" ID="SP_207.4.4.2" VPOS="886" WIDTH="30"/>
            <String CONTENT="185" HEIGHT="34" HPOS="316" ID="ST_207.4.4.3" STYLEREFS="Style_4" VPOS="886" WIDTH="62" WC="0.69" CC="990" TAGREFS=""/>
            <SP HPOS="378" ID="SP_207.4.4.4" VPOS="885" WIDTH="25"/>
            <String CONTENT="U.S." HEIGHT="34" HPOS="403" ID="ST_207.4.4.5" STYLEREFS="Style_4" VPOS="885" WIDTH="84" WC="1.00" CC="0000" TAGREFS=""/>
            <SP HPOS="487" ID="SP_207.4.4.6" VPOS="887" WIDTH="30"/>
            <String CONTENT="122" HEIGHT="33" HPOS="517" ID="ST_207.4.4.7" STYLEREFS="Style_4" VPOS="887" WIDTH="64" WC="0.83" CC="990" TAGREFS=""/>
            <SP HPOS="581" ID="SP_207.4.4.8" VPOS="885" WIDTH="27"/>
            <String CONTENT="(1902)." HEIGHT="43" HPOS="608" ID="ST_207.4.4.9" STYLEREFS="Style_4" VPOS="885" WIDTH="137" WC="1.00" CC="0000000" TAGREFS=""/>
            <SP HPOS="745" ID="SP_207.4.4.10" VPOS="886" WIDTH="25"/>
            <String CONTENT="There" HEIGHT="35" HPOS="770" ID="ST_207.4.4.11" STYLEREFS="Style_4" VPOS="886" WIDTH="112" WC="1.00" CC="00000" TAGREFS=""/>
            <SP HPOS="882" ID="SP_207.4.4.12" VPOS="886" WIDTH="23"/>
            <String CONTENT="is" HEIGHT="35" HPOS="905" ID="ST_207.4.4.13" STYLEREFS="Style_4" VPOS="886" WIDTH="28" WC="1.00" CC="00" TAGREFS=""/>
            <SP HPOS="933" ID="SP_207.4.4.14" VPOS="897" WIDTH="24"/>
            <String CONTENT="no" HEIGHT="23" HPOS="957" ID="ST_207.4.4.15" STYLEREFS="Style_4" VPOS="897" WIDTH="44" WC="0.83" CC="00" TAGREFS=""/>
            <SP HPOS="1001" ID="SP_207.4.4.16" VPOS="886" WIDTH="24"/>
            <String CONTENT="need" HEIGHT="35" HPOS="1025" ID="ST_207.4.4.17" STYLEREFS="Style_4" VPOS="886" WIDTH="87" WC="0.76" CC="0000" TAGREFS=""/>
            <SP HPOS="1112" ID="SP_207.4.4.18" VPOS="886" WIDTH="24"/>
            <String CONTENT="for" HEIGHT="36" HPOS="1136" ID="ST_207.4.4.19" STYLEREFS="Style_4" VPOS="886" WIDTH="54" WC="0.90" CC="000" TAGREFS=""/>
            <SP HPOS="1190" ID="SP_207.4.4.20" VPOS="886" WIDTH="23"/>
            <String CONTENT="further" HEIGHT="35" HPOS="1213" ID="ST_207.4.4.21" STYLEREFS="Style_4" VPOS="886" WIDTH="134" WC="0.91" CC="0000000" TAGREFS=""/>
          </TextLine>
          <TextLine HEIGHT="46" HPOS="134" ID="TL_207.4.5" VPOS="934" WIDTH="1214">
            <String CONTENT="discussion" HEIGHT="35" HPOS="134" ID="ST_207.4.5.1" STYLEREFS="Style_4" VPOS="934" WIDTH="192" WC="0.85" CC="0000000000" TAGREFS=""/>
            <SP HPOS="326" ID="SP_207.4.5.2" VPOS="935" WIDTH="26"/>
            <String CONTENT="of" HEIGHT="35" HPOS="352" ID="ST_207.4.5.3" STYLEREFS="Style_4" VPOS="935" WIDTH="37" WC="1.00" CC="00" TAGREFS=""/>
            <SP HPOS="389" ID="SP_207.4.5.4" VPOS="935" WIDTH="24"/>
            <String CONTENT="the" HEIGHT="34" HPOS="413" ID="ST_207.4.5.5" STYLEREFS="Style_4" VPOS="935" WIDTH="59" WC="0.97" CC="000" TAGREFS=""/>
            <SP HPOS="472" ID="SP_207.4.5.6" VPOS="936" WIDTH="25"/>
            <String CONTENT="Pennsylvania" HEIGHT="44" HPOS="497" ID="ST_207.4.5.7" STYLEREFS="Style_4" VPOS="936" WIDTH="251" WC="0.84" CC="000000000000" TAGREFS=""/>
            <SP HPOS="748" ID="SP_207.4.5.8" VPOS="947" WIDTH="25"/>
            <String CONTENT="case," HEIGHT="30" HPOS="773" ID="ST_207.4.5.9" STYLEREFS="Style_4" VPOS="947" WIDTH="90" WC="0.95" CC="00000" TAGREFS=""/>
            <SP HPOS="863" ID="SP_207.4.5.10" VPOS="936" WIDTH="27"/>
            <String CONTENT="and" HEIGHT="35" HPOS="890" ID="ST_207.4.5.11" STYLEREFS="Style_4" VPOS="936" WIDTH="68" WC="1.00" CC="000" TAGREFS=""/>
            <SP HPOS="958" ID="SP_207.4.5.12" VPOS="936" WIDTH="26"/>
            <String CONTENT="the" HEIGHT="35" HPOS="984" ID="ST_207.4.5.13" STYLEREFS="Style_4" VPOS="936" WIDTH="60" WC="0.64" CC="000" TAGREFS=""/>
            <SP HPOS="1044" ID="SP_207.4.5.14" VPOS="947" WIDTH="25"/>
            <String CONTENT="case" HEIGHT="25" HPOS="1069" ID="ST_207.4.5.15" STYLEREFS="Style_4" VPOS="947" WIDTH="80" WC="0.93" CC="0000" TAGREFS=""/>
            <SP HPOS="1149" ID="SP_207.4.5.16" VPOS="937" WIDTH="24"/>
            <String CONTENT="from" HEIGHT="35" HPOS="1173" ID="ST_207.4.5.17" STYLEREFS="Style_4" VPOS="937" WIDTH="91" WC="0.90" CC="0000" TAGREFS=""/>
            <SP HPOS="1264" ID="SP_207.4.5.18" VPOS="936" WIDTH="25"/>
            <String CONTENT="the" HEIGHT="36" HPOS="1289" ID="ST_207.4.5.19" STYLEREFS="Style_4" VPOS="936" WIDTH="59" WC="0.85" CC="000" TAGREFS=""/>
          </TextLine>
          <TextLine HEIGHT="46" HPOS="135" ID="TL_207.4.6" VPOS="984" WIDTH="1212">
            <String CONTENT="Supreme" HEIGHT="44" HPOS="135" ID="ST_207.4.6.1" STYLEREFS="Style_4" VPOS="984" WIDTH="171" WC="1.00" CC="0000000" TAGREFS=""/>
            <SP HPOS="306" ID="SP_207.4.6.2" VPOS="985" WIDTH="11"/>
            <String CONTENT="Court" HEIGHT="35" HPOS="317" ID="ST_207.4.6.3" STYLEREFS="Style_4" VPOS="985" WIDTH="109" WC="1.00" CC="00000" TAGREFS=""/>
            <SP HPOS="426" ID="SP_207.4.6.4" VPOS="985" WIDTH="10"/>
            <String CONTENT="of" HEIGHT="34" HPOS="436" ID="ST_207.4.6.5" STYLEREFS="Style_4" VPOS="985" WIDTH="39" WC="1.00" CC="00" TAGREFS=""/>
            <SP HPOS="475" ID="SP_207.4.6.6" VPOS="985" WIDTH="8"/>
            <String CONTENT="the" HEIGHT="35" HPOS="483" ID="ST_207.4.6.7" STYLEREFS="Style_4" VPOS="985" WIDTH="59" WC="1.00" CC="000" TAGREFS=""/>
            <SP HPOS="542" ID="SP_207.4.6.8" VPOS="986" WIDTH="11"/>
            <String CONTENT="United" HEIGHT="35" HPOS="553" ID="ST_207.4.6.9" STYLEREFS="Style_4" VPOS="986" WIDTH="131" WC="0.92" CC="000000" TAGREFS=""/>
            <SP HPOS="684" ID="SP_207.4.6.10" VPOS="986" WIDTH="11"/>
            <String CONTENT="States" HEIGHT="35" HPOS="695" ID="ST_207.4.6.11" STYLEREFS="Style_4" VPOS="986" WIDTH="116" WC="0.98" CC="000000" TAGREFS=""/>
            <SP HPOS="811" ID="SP_207.4.6.12" VPOS="986" WIDTH="11"/>
            <String CONTENT="is" HEIGHT="35" HPOS="822" ID="ST_207.4.6.13" STYLEREFS="Style_4" VPOS="986" WIDTH="28" WC="0.95" CC="00" TAGREFS=""/>
            <SP HPOS="850" ID="SP_207.4.6.14" VPOS="986" WIDTH="10"/>
            <String CONTENT="clearly" HEIGHT="44" HPOS="860" ID="ST_207.4.6.15" STYLEREFS="Style_4" VPOS="986" WIDTH="128" WC="0.90" CC="0000000" TAGREFS=""/>
            <SP HPOS="988" ID="SP_207.4.6.16" VPOS="986" WIDTH="10"/>
            <String CONTENT="distinguishable." HEIGHT="44" HPOS="998" ID="ST_207.4.6.17" STYLEREFS="Style_4" VPOS="986" WIDTH="297" WC="0.95" CC="0000000000000000" TAGREFS=""/>
            <SP HPOS="1295" ID="SP_207.4.6.18" VPOS="987" WIDTH="13"/>
            <String CONTENT="In" HEIGHT="35" HPOS="1308" ID="ST_207.4.6.19" STYLEREFS="Style_4" VPOS="987" WIDTH="39" WC="1.00" CC="00" TAGREFS=""/>
          </TextLine>
          <TextLine HEIGHT="47" HPOS="135" ID="TL_207.4.7" VPOS="1034" WIDTH="1211">
            <String CONTENT="that" HEIGHT="35" HPOS="135" ID="ST_207.4.7.1" STYLEREFS="Style_4" VPOS="1034" WIDTH="77" WC="1.00" CC="0000" TAGREFS=""/>
            <SP HPOS="212" ID="SP_207.4.7.2" VPOS="1045" WIDTH="11"/>
            <String CONTENT="case," HEIGHT="30" HPOS="223" ID="ST_207.4.7.3" STYLEREFS="Style_4" VPOS="1045" WIDTH="90" WC="1.00" CC="00000" TAGREFS=""/>
            <SP HPOS="313" ID="SP_207.4.7.4" VPOS="1034" WIDTH="12"/>
            <String CONTENT="based" HEIGHT="36" HPOS="325" ID="ST_207.4.7.5" STYLEREFS="Style_4" VPOS="1034" WIDTH="105" WC="0.97" CC="00000" TAGREFS=""/>
            <SP HPOS="430" ID="SP_207.4.7.6" VPOS="1046" WIDTH="12"/>
            <String CONTENT="upon" HEIGHT="33" HPOS="442" ID="ST_207.4.7.7" STYLEREFS="Style_4" VPOS="1046" WIDTH="92" WC="0.90" CC="0000" TAGREFS=""/>
            <SP HPOS="534" ID="SP_207.4.7.8" VPOS="1046" WIDTH="12"/>
            <String CONTENT="an" HEIGHT="24" HPOS="546" ID="ST_207.4.7.9" STYLEREFS="Style_4" VPOS="1046" WIDTH="44" WC="1.00" CC="00" TAGREFS=""/>
            <SP HPOS="590" ID="SP_207.4.7.10" VPOS="1036" WIDTH="12"/>
            <String CONTENT="entirely" HEIGHT="43" HPOS="602" ID="ST_207.4.7.11" STYLEREFS="Style_4" VPOS="1036" WIDTH="145" WC="0.86" CC="00000000" TAGREFS=""/>
            <SP HPOS="747" ID="SP_207.4.7.12" VPOS="1036" WIDTH="10"/>
            <String CONTENT="different" HEIGHT="35" HPOS="757" ID="ST_207.4.7.13" STYLEREFS="Style_4" VPOS="1036" WIDTH="162" WC="0.81" CC="009090000" TAGREFS=""/>
            <SP HPOS="919" ID="SP_207.4.7.14" VPOS="1041" WIDTH="10"/>
            <String CONTENT="statute," HEIGHT="36" HPOS="929" ID="ST_207.4.7.15" STYLEREFS="Style_4" VPOS="1041" WIDTH="141" WC="0.98" CC="00000000" TAGREFS=""/>
            <SP HPOS="1070" ID="SP_207.4.7.16" VPOS="1037" WIDTH="12"/>
            <String CONTENT="the" HEIGHT="34" HPOS="1082" ID="ST_207.4.7.17" STYLEREFS="Style_4" VPOS="1037" WIDTH="59" WC="1.00" CC="000" TAGREFS=""/>
            <SP HPOS="1141" ID="SP_207.4.7.18" VPOS="1037" WIDTH="11"/>
            <String CONTENT="exemption" HEIGHT="44" HPOS="1152" ID="ST_207.4.7.19" STYLEREFS="Style_4" VPOS="1037" WIDTH="194" WC="0.88" CC="000000000" TAGREFS=""/>
          </TextLine>
          <TextLine HEIGHT="46" HPOS="135" ID="TL_207.4.8" VPOS="1084" WIDTH="1213">
            <String CONTENT="applied" HEIGHT="43" HPOS="135" ID="ST_207.4.8.1" STYLEREFS="Style_4" VPOS="1084" WIDTH="139" WC="1.00" CC="0000000" TAGREFS=""/>
            <SP HPOS="274" ID="SP_207.4.8.2" VPOS="1090" WIDTH="12"/>
            <String CONTENT="to" HEIGHT="29" HPOS="286" ID="ST_207.4.8.3" STYLEREFS="Style_4" VPOS="1090" WIDTH="35" WC="1.00" CC="00" TAGREFS=""/>
            <SP HPOS="321" ID="SP_207.4.8.4" VPOS="1085" WIDTH="12"/>
            <String CONTENT="“money" HEIGHT="43" HPOS="333" ID="ST_207.4.8.5" STYLEREFS="Style_4" VPOS="1085" WIDTH="147" WC="0.74" CC="900000" TAGREFS=""/>
            <SP HPOS="480" ID="SP_207.4.8.6" VPOS="1085" WIDTH="11"/>
            <String CONTENT="due," HEIGHT="41" HPOS="491" ID="ST_207.4.8.7" STYLEREFS="Style_4" VPOS="1085" WIDTH="79" WC="0.86" CC="0000" TAGREFS=""/>
            <SP HPOS="570" ID="SP_207.4.8.8" VPOS="1096" WIDTH="12"/>
            <String CONTENT="or" HEIGHT="24" HPOS="582" ID="ST_207.4.8.9" STYLEREFS="Style_4" VPOS="1096" WIDTH="37" WC="0.84" CC="00" TAGREFS=""/>
            <SP HPOS="619" ID="SP_207.4.8.10" VPOS="1091" WIDTH="12"/>
            <String CONTENT="to" HEIGHT="29" HPOS="631" ID="ST_207.4.8.11" STYLEREFS="Style_4" VPOS="1091" WIDTH="35" WC="0.97" CC="00" TAGREFS=""/>
            <SP HPOS="666" ID="SP_207.4.8.12" VPOS="1086" WIDTH="12"/>
            <String CONTENT="become" HEIGHT="34" HPOS="678" ID="ST_207.4.8.13" STYLEREFS="Style_4" VPOS="1086" WIDTH="143" WC="0.98" CC="000000" TAGREFS=""/>
            <SP HPOS="821" ID="SP_207.4.8.14" VPOS="1086" WIDTH="10"/>
            <String CONTENT="due," HEIGHT="41" HPOS="831" ID="ST_207.4.8.15" STYLEREFS="Style_4" VPOS="1086" WIDTH="78" WC="0.92" CC="0000" TAGREFS=""/>
            <SP HPOS="909" ID="SP_207.4.8.16" VPOS="1092" WIDTH="13"/>
            <String CONTENT="to" HEIGHT="29" HPOS="922" ID="ST_207.4.8.17" STYLEREFS="Style_4" VPOS="1092" WIDTH="35" WC="1.00" CC="00" TAGREFS=""/>
            <SP HPOS="957" ID="SP_207.4.8.18" VPOS="1097" WIDTH="12"/>
            <String CONTENT="any" HEIGHT="32" HPOS="969" ID="ST_207.4.8.19" STYLEREFS="Style_4" VPOS="1097" WIDTH="68" WC="0.71" CC="000" TAGREFS=""/>
            <SP HPOS="1037" ID="SP_207.4.8.20" VPOS="1086" WIDTH="11"/>
            <String CONTENT="pensioner.”" HEIGHT="44" HPOS="1048" ID="ST_207.4.8.21" STYLEREFS="Style_4" VPOS="1086" WIDTH="214" WC="0.81" CC="00000000009" TAGREFS=""/>
            <SP HPOS="1262" ID="SP_207.4.8.22" VPOS="1086" WIDTH="11"/>
            <String CONTENT="The" HEIGHT="35" HPOS="1273" ID="ST_207.4.8.23" STYLEREFS="Style_4" VPOS="1086" WIDTH="75" WC="1.00" CC="000" TAGREFS=""/>
          </TextLine>
          <TextLine HEIGHT="45" HPOS="135" ID="TL_207.4.9" VPOS="1134" WIDTH="1213">
            <String CONTENT="language" HEIGHT="42" HPOS="135" ID="ST_207.4.9.1" STYLEREFS="Style_4" VPOS="1135" WIDTH="173" WC="1.00" CC="00000000" TAGREFS=""/>
            <SP HPOS="308" ID="SP_207.4.9.2" VPOS="1134" WIDTH="23"/>
            <String CONTENT="operated" HEIGHT="44" HPOS="331" ID="ST_207.4.9.3" STYLEREFS="Style_4" VPOS="1134" WIDTH="163" WC="1.00" CC="00000000" TAGREFS=""/>
            <SP HPOS="494" ID="SP_207.4.9.4" VPOS="1140" WIDTH="25"/>
            <String CONTENT="to" HEIGHT="29" HPOS="519" ID="ST_207.4.9.5" STYLEREFS="Style_4" VPOS="1140" WIDTH="35" WC="1.00" CC="00" TAGREFS=""/>
            <SP HPOS="554" ID="SP_207.4.9.6" VPOS="1140" WIDTH="24"/>
            <String CONTENT="exempt" HEIGHT="39" HPOS="578" ID="ST_207.4.9.7" STYLEREFS="Style_4" VPOS="1140" WIDTH="139" WC="0.93" CC="000000" TAGREFS=""/>
            <SP HPOS="717" ID="SP_207.4.9.8" VPOS="1136" WIDTH="23"/>
            <String CONTENT="only" HEIGHT="43" HPOS="740" ID="ST_207.4.9.9" STYLEREFS="Style_4" VPOS="1136" WIDTH="80" WC="1.00" CC="0000" TAGREFS=""/>
            <SP HPOS="820" ID="SP_207.4.9.10" VPOS="1141" WIDTH="23"/>
            <String CONTENT="payments" HEIGHT="38" HPOS="843" ID="ST_207.4.9.11" STYLEREFS="Style_4" VPOS="1141" WIDTH="181" WC="0.89" CC="00000000" TAGREFS=""/>
            <SP HPOS="1024" ID="SP_207.4.9.12" VPOS="1135" WIDTH="24"/>
            <String CONTENT="due" HEIGHT="35" HPOS="1048" ID="ST_207.4.9.13" STYLEREFS="Style_4" VPOS="1135" WIDTH="68" WC="1.00" CC="000" TAGREFS=""/>
            <SP HPOS="1116" ID="SP_207.4.9.14" VPOS="1136" WIDTH="23"/>
            <String CONTENT="and" HEIGHT="35" HPOS="1139" ID="ST_207.4.9.15" STYLEREFS="Style_4" VPOS="1136" WIDTH="69" WC="0.89" CC="000" TAGREFS=""/>
            <SP HPOS="1208" ID="SP_207.4.9.16" VPOS="1135" WIDTH="23"/>
            <String CONTENT="future" HEIGHT="36" HPOS="1231" ID="ST_207.4.9.17" STYLEREFS="Style_4" VPOS="1135" WIDTH="117" WC="0.94" CC="000000" TAGREFS=""/>
          </TextLine>
          <TextLine HEIGHT="45" HPOS="135" ID="TL_207.4.10" VPOS="1184" WIDTH="1211">
            <String CONTENT="payments," HEIGHT="38" HPOS="135" ID="ST_207.4.10.1" STYLEREFS="Style_4" VPOS="1189" WIDTH="194" WC="0.96" CC="000000000" TAGREFS=""/>
            <SP HPOS="329" ID="SP_207.4.10.2" VPOS="1184" WIDTH="15"/>
            <String CONTENT="in" HEIGHT="34" HPOS="344" ID="ST_207.4.10.3" STYLEREFS="Style_4" VPOS="1184" WIDTH="33" WC="0.80" CC="00" TAGREFS=""/>
            <SP HPOS="377" ID="SP_207.4.10.4" VPOS="1184" WIDTH="14"/>
            <String CONTENT="other" HEIGHT="34" HPOS="391" ID="ST_207.4.10.5" STYLEREFS="Style_4" VPOS="1184" WIDTH="98" WC="0.92" CC="00000" TAGREFS=""/>
            <SP HPOS="489" ID="SP_207.4.10.6" VPOS="1184" WIDTH="14"/>
            <String CONTENT="words," HEIGHT="41" HPOS="503" ID="ST_207.4.10.7" STYLEREFS="Style_4" VPOS="1184" WIDTH="123" WC="0.92" CC="000000" TAGREFS=""/>
            <SP HPOS="626" ID="SP_207.4.10.8" VPOS="1184" WIDTH="14"/>
            <String CONTENT="funds" HEIGHT="35" HPOS="640" ID="ST_207.4.10.9" STYLEREFS="Style_4" VPOS="1184" WIDTH="103" WC="0.81" CC="00000" TAGREFS=""/>
            <SP HPOS="743" ID="SP_207.4.10.10" VPOS="1185" WIDTH="14"/>
            <String CONTENT="still" HEIGHT="34" HPOS="757" ID="ST_207.4.10.11" STYLEREFS="Style_4" VPOS="1185" WIDTH="70" WC="0.96" CC="00000" TAGREFS=""/>
            <SP HPOS="827" ID="SP_207.4.10.12" VPOS="1185" WIDTH="13"/>
            <String CONTENT="in" HEIGHT="34" HPOS="840" ID="ST_207.4.10.13" STYLEREFS="Style_4" VPOS="1185" WIDTH="35" WC="0.67" CC="00" TAGREFS=""/>
            <SP HPOS="875" ID="SP_207.4.10.14" VPOS="1186" WIDTH="13"/>
            <String CONTENT="the" HEIGHT="34" HPOS="888" ID="ST_207.4.10.15" STYLEREFS="Style_4" VPOS="1186" WIDTH="59" WC="0.98" CC="000" TAGREFS=""/>
            <SP HPOS="947" ID="SP_207.4.10.16" VPOS="1185" WIDTH="14"/>
            <String CONTENT="hands" HEIGHT="34" HPOS="961" ID="ST_207.4.10.17" STYLEREFS="Style_4" VPOS="1185" WIDTH="110" WC="0.87" CC="00000" TAGREFS=""/>
            <SP HPOS="1071" ID="SP_207.4.10.18" VPOS="1185" WIDTH="14"/>
            <String CONTENT="of" HEIGHT="34" HPOS="1085" ID="ST_207.4.10.19" STYLEREFS="Style_4" VPOS="1185" WIDTH="40" WC="0.86" CC="00" TAGREFS=""/>
            <SP HPOS="1125" ID="SP_207.4.10.20" VPOS="1186" WIDTH="10"/>
            <String CONTENT="the" HEIGHT="35" HPOS="1135" ID="ST_207.4.10.21" STYLEREFS="Style_4" VPOS="1186" WIDTH="59" WC="0.77" CC="000" TAGREFS=""/>
            <SP HPOS="1194" ID="SP_207.4.10.22" VPOS="1196" WIDTH="13"/>
            <String CONTENT="govern-" HEIGHT="33" HPOS="1207" ID="ST_207.4.10.23" STYLEREFS="Style_4" VPOS="1196" WIDTH="139" WC="0.77" CC="0000000" TAGREFS=""/>
          </TextLine>
          <TextLine HEIGHT="45" HPOS="136" ID="TL_207.4.11" VPOS="1233" WIDTH="729">
            <String CONTENT="ment," HEIGHT="36" HPOS="136" ID="ST_207.4.11.1" STYLEREFS="Style_4" VPOS="1238" WIDTH="107" WC="0.79" CC="00000" TAGREFS=""/>
            <SP HPOS="243" ID="SP_207.4.11.2" VPOS="1233" WIDTH="21"/>
            <String CONTENT="and" HEIGHT="34" HPOS="264" ID="ST_207.4.11.3" STYLEREFS="Style_4" VPOS="1233" WIDTH="69" WC="0.97" CC="000" TAGREFS=""/>
            <SP HPOS="333" ID="SP_207.4.11.4" VPOS="1239" WIDTH="21"/>
            <String CONTENT="not" HEIGHT="29" HPOS="354" ID="ST_207.4.11.5" STYLEREFS="Style_4" VPOS="1239" WIDTH="58" WC="0.92" CC="000" TAGREFS=""/>
            <SP HPOS="412" ID="SP_207.4.11.6" VPOS="1238" WIDTH="20"/>
            <String CONTENT="to" HEIGHT="29" HPOS="432" ID="ST_207.4.11.7" STYLEREFS="Style_4" VPOS="1238" WIDTH="35" WC="1.00" CC="00" TAGREFS=""/>
            <SP HPOS="467" ID="SP_207.4.11.8" VPOS="1233" WIDTH="21"/>
            <String CONTENT="funds" HEIGHT="35" HPOS="488" ID="ST_207.4.11.9" STYLEREFS="Style_4" VPOS="1233" WIDTH="104" WC="0.88" CC="00000" TAGREFS=""/>
            <SP HPOS="592" ID="SP_207.4.11.10" VPOS="1234" WIDTH="20"/>
            <String CONTENT="already" HEIGHT="43" HPOS="612" ID="ST_207.4.11.11" STYLEREFS="Style_4" VPOS="1234" WIDTH="142" WC="0.99" CC="0000000" TAGREFS=""/>
            <SP HPOS="754" ID="SP_207.4.11.12" VPOS="1234" WIDTH="20"/>
            <String CONTENT="paid." HEIGHT="44" HPOS="774" ID="ST_207.4.11.13" STYLEREFS="Style_4" VPOS="1234" WIDTH="91" WC="1.00" CC="00000" TAGREFS=""/>
          </TextLine>
        </TextBlock>
        <TextBlock HEIGHT="245.0" HPOS="134.0" ID="BL_207.5" TAGREFS="b207-7" VPOS="1307.0" WIDTH="1216.0">
          <TextLine HEIGHT="45" HPOS="228" ID="TL_207.5.1" VPOS="1307" WIDTH="1121">
            <String CONTENT="We" HEIGHT="33" HPOS="322" ID="ST_207.5.1.3" STYLEREFS="Style_4" VPOS="1309" WIDTH="65" WC="1.00" CC="00" TAGREFS=""/>
            <SP HPOS="387" ID="SP_207.5.1.4" VPOS="1319" WIDTH="18"/>
            <String CONTENT="are" HEIGHT="24" HPOS="405" ID="ST_207.5.1.5" STYLEREFS="Style_4" VPOS="1319" WIDTH="59" WC="1.00" CC="000" TAGREFS=""/>
            <SP HPOS="464" ID="SP_207.5.1.6" VPOS="1308" WIDTH="19"/>
            <String CONTENT="of" HEIGHT="34" HPOS="483" ID="ST_207.5.1.7" STYLEREFS="Style_4" VPOS="1308" WIDTH="39" WC="1.00" CC="00" TAGREFS=""/>
            <SP HPOS="522" ID="SP_207.5.1.8" VPOS="1308" WIDTH="16"/>
            <String CONTENT="the" HEIGHT="35" HPOS="538" ID="ST_207.5.1.9" STYLEREFS="Style_4" VPOS="1308" WIDTH="60" WC="0.99" CC="000" TAGREFS=""/>
            <SP HPOS="598" ID="SP_207.5.1.10" VPOS="1308" WIDTH="18"/>
            <String CONTENT="opinion" HEIGHT="44" HPOS="616" ID="ST_207.5.1.11" STYLEREFS="Style_4" VPOS="1308" WIDTH="139" WC="0.88" CC="0000000" TAGREFS=""/>
            <SP HPOS="755" ID="SP_207.5.1.12" VPOS="1309" WIDTH="20"/>
            <String CONTENT="that" HEIGHT="34" HPOS="775" ID="ST_207.5.1.13" STYLEREFS="Style_4" VPOS="1309" WIDTH="76" WC="0.94" CC="0000" TAGREFS=""/>
            <SP HPOS="851" ID="SP_207.5.1.14" VPOS="1309" WIDTH="19"/>
            <String CONTENT="the" HEIGHT="35" HPOS="870" ID="ST_207.5.1.15" STYLEREFS="Style_4" VPOS="1309" WIDTH="59" WC="1.00" CC="000" TAGREFS=""/>
            <SP HPOS="929" ID="SP_207.5.1.16" VPOS="1310" WIDTH="19"/>
            <String CONTENT="better" HEIGHT="34" HPOS="948" ID="ST_207.5.1.17" STYLEREFS="Style_4" VPOS="1310" WIDTH="112" WC="0.93" CC="000000" TAGREFS=""/>
            <SP HPOS="1060" ID="SP_207.5.1.18" VPOS="1309" WIDTH="19"/>
            <String CONTENT="rationale" HEIGHT="36" HPOS="1079" ID="ST_207.5.1.19" STYLEREFS="Style_4" VPOS="1309" WIDTH="169" WC="0.97" CC="000000000" TAGREFS=""/>
            <SP HPOS="1248" ID="SP_207.5.1.20" VPOS="1309" WIDTH="18"/>
            <String CONTENT="is" HEIGHT="35" HPOS="1266" ID="ST_207.5.1.21" STYLEREFS="Style_4" VPOS="1309" WIDTH="28" WC="1.00" CC="00" TAGREFS=""/>
            <SP HPOS="1294" ID="SP_207.5.1.22" VPOS="1314" WIDTH="19"/>
            <String CONTENT="to" HEIGHT="30" HPOS="1313" ID="ST_207.5.1.23" STYLEREFS="Style_4" VPOS="1314" WIDTH="36" WC="1.00" CC="00" TAGREFS=""/>
          </TextLine>
          <TextLine HEIGHT="47" HPOS="136" ID="TL_207.5.2" VPOS="1356" WIDTH="1213">
            <String CONTENT="follow" HEIGHT="36" HPOS="136" ID="ST_207.5.2.1" STYLEREFS="Style_4" VPOS="1356" WIDTH="116" WC="0.90" CC="000000" TAGREFS=""/>
            <SP HPOS="252" ID="SP_207.5.2.2" VPOS="1358" WIDTH="9"/>
            <String CONTENT="the" HEIGHT="33" HPOS="261" ID="ST_207.5.2.3" STYLEREFS="Style_4" VPOS="1358" WIDTH="59" WC="1.00" CC="000" TAGREFS=""/>
            <SP HPOS="320" ID="SP_207.5.2.4" VPOS="1358" WIDTH="9"/>
            <String CONTENT="clear" HEIGHT="34" HPOS="329" ID="ST_207.5.2.5" STYLEREFS="Style_4" VPOS="1358" WIDTH="91" WC="0.97" CC="00000" TAGREFS=""/>
            <SP HPOS="420" ID="SP_207.5.2.6" VPOS="1357" WIDTH="9"/>
            <String CONTENT="language" HEIGHT="44" HPOS="429" ID="ST_207.5.2.7" STYLEREFS="Style_4" VPOS="1357" WIDTH="172" WC="0.97" CC="00000000" TAGREFS=""/>
            <SP HPOS="601" ID="SP_207.5.2.8" VPOS="1358" WIDTH="8"/>
            <String CONTENT="of" HEIGHT="35" HPOS="609" ID="ST_207.5.2.9" STYLEREFS="Style_4" VPOS="1358" WIDTH="40" WC="1.00" CC="00" TAGREFS=""/>
            <SP HPOS="649" ID="SP_207.5.2.10" VPOS="1359" WIDTH="5"/>
            <String CONTENT="the" HEIGHT="34" HPOS="654" ID="ST_207.5.2.11" STYLEREFS="Style_4" VPOS="1359" WIDTH="60" WC="0.88" CC="000" TAGREFS=""/>
            <SP HPOS="714" ID="SP_207.5.2.12" VPOS="1364" WIDTH="8"/>
            <String CONTENT="statute" HEIGHT="29" HPOS="722" ID="ST_207.5.2.13" STYLEREFS="Style_4" VPOS="1364" WIDTH="130" WC="1.00" CC="0000000" TAGREFS=""/>
            <SP HPOS="852" ID="SP_207.5.2.14" VPOS="1359" WIDTH="8"/>
            <String CONTENT="and" HEIGHT="34" HPOS="860" ID="ST_207.5.2.15" STYLEREFS="Style_4" VPOS="1359" WIDTH="68" WC="0.85" CC="000" TAGREFS=""/>
            <SP HPOS="928" ID="SP_207.5.2.16" VPOS="1365" WIDTH="10"/>
            <String CONTENT="to" HEIGHT="29" HPOS="938" ID="ST_207.5.2.17" STYLEREFS="Style_4" VPOS="1365" WIDTH="35" WC="1.00" CC="00" TAGREFS=""/>
            <SP HPOS="973" ID="SP_207.5.2.18" VPOS="1359" WIDTH="9"/>
            <String CONTENT="hold" HEIGHT="34" HPOS="982" ID="ST_207.5.2.19" STYLEREFS="Style_4" VPOS="1359" WIDTH="81" WC="0.86" CC="0000" TAGREFS=""/>
            <SP HPOS="1063" ID="SP_207.5.2.20" VPOS="1359" WIDTH="10"/>
            <String CONTENT="that" HEIGHT="35" HPOS="1073" ID="ST_207.5.2.21" STYLEREFS="Style_4" VPOS="1359" WIDTH="76" WC="0.95" CC="0000" TAGREFS=""/>
            <SP HPOS="1149" ID="SP_207.5.2.22" VPOS="1360" WIDTH="8"/>
            <String CONTENT="the" HEIGHT="34" HPOS="1157" ID="ST_207.5.2.23" STYLEREFS="Style_4" VPOS="1360" WIDTH="60" WC="0.91" CC="000" TAGREFS=""/>
            <SP HPOS="1217" ID="SP_207.5.2.24" VPOS="1370" WIDTH="8"/>
            <String CONTENT="money" HEIGHT="33" HPOS="1225" ID="ST_207.5.2.25" STYLEREFS="Style_4" VPOS="1370" WIDTH="124" WC="0.86" CC="00000" TAGREFS=""/>
          </TextLine>
          <TextLine HEIGHT="45" HPOS="134" ID="TL_207.5.3" VPOS="1407" WIDTH="1215">
            <String CONTENT="which" HEIGHT="34" HPOS="134" ID="ST_207.5.3.1" STYLEREFS="Style_4" VPOS="1407" WIDTH="115" WC="0.91" CC="00000" TAGREFS=""/>
            <SP HPOS="249" ID="SP_207.5.3.2" VPOS="1418" WIDTH="28"/>
            <String CONTENT="came" HEIGHT="24" HPOS="277" ID="ST_207.5.3.3" STYLEREFS="Style_4" VPOS="1418" WIDTH="99" WC="1.00" CC="0090" TAGREFS=""/>
            <SP HPOS="376" ID="SP_207.5.3.4" VPOS="1407" WIDTH="27"/>
            <String CONTENT="from" HEIGHT="35" HPOS="403" ID="ST_207.5.3.5" STYLEREFS="Style_4" VPOS="1407" WIDTH="91" WC="1.00" CC="0000" TAGREFS=""/>
            <SP HPOS="494" ID="SP_207.5.3.6" VPOS="1407" WIDTH="27"/>
            <String CONTENT="disability" HEIGHT="45" HPOS="521" ID="ST_207.5.3.7" STYLEREFS="Style_4" VPOS="1407" WIDTH="176" WC="0.95" CC="0000000000" TAGREFS=""/>
            <SP HPOS="697" ID="SP_207.5.3.8" VPOS="1414" WIDTH="28"/>
            <String CONTENT="payments" HEIGHT="38" HPOS="725" ID="ST_207.5.3.9" STYLEREFS="Style_4" VPOS="1414" WIDTH="181" WC="0.93" CC="00000000" TAGREFS=""/>
            <SP HPOS="906" ID="SP_207.5.3.10" VPOS="1409" WIDTH="28"/>
            <String CONTENT="by" HEIGHT="43" HPOS="934" ID="ST_207.5.3.11" STYLEREFS="Style_4" VPOS="1409" WIDTH="45" WC="0.83" CC="00" TAGREFS=""/>
            <SP HPOS="979" ID="SP_207.5.3.12" VPOS="1409" WIDTH="28"/>
            <String CONTENT="the" HEIGHT="34" HPOS="1007" ID="ST_207.5.3.13" STYLEREFS="Style_4" VPOS="1409" WIDTH="59" WC="0.99" CC="000" TAGREFS=""/>
            <SP HPOS="1066" ID="SP_207.5.3.14" VPOS="1409" WIDTH="28"/>
            <String CONTENT="Civil" HEIGHT="35" HPOS="1094" ID="ST_207.5.3.15" STYLEREFS="Style_4" VPOS="1409" WIDTH="90" WC="0.94" CC="00000" TAGREFS=""/>
            <SP HPOS="1184" ID="SP_207.5.3.16" VPOS="1409" WIDTH="27"/>
            <String CONTENT="Service" HEIGHT="35" HPOS="1211" ID="ST_207.5.3.17" STYLEREFS="Style_4" VPOS="1409" WIDTH="138" WC="0.98" CC="0000000" TAGREFS=""/>
          </TextLine>
          <TextLine HEIGHT="46" HPOS="136" ID="TL_207.5.4" VPOS="1456" WIDTH="1214">
            <String CONTENT="Retirement" HEIGHT="36" HPOS="136" ID="ST_207.5.4.1" STYLEREFS="Style_4" VPOS="1456" WIDTH="218" WC="0.97" CC="0000000000" TAGREFS=""/>
            <SP HPOS="354" ID="SP_207.5.4.2" VPOS="1457" WIDTH="14"/>
            <String CONTENT="System" HEIGHT="44" HPOS="368" ID="ST_207.5.4.3" STYLEREFS="Style_4" VPOS="1457" WIDTH="138" WC="1.00" CC="000000" TAGREFS=""/>
            <SP HPOS="506" ID="SP_207.5.4.4" VPOS="1457" WIDTH="15"/>
            <String CONTENT="is" HEIGHT="35" HPOS="521" ID="ST_207.5.4.5" STYLEREFS="Style_4" VPOS="1457" WIDTH="27" WC="1.00" CC="00" TAGREFS=""/>
            <SP HPOS="548" ID="SP_207.5.4.6" VPOS="1463" WIDTH="15"/>
            <String CONTENT="exempt" HEIGHT="39" HPOS="563" ID="ST_207.5.4.7" STYLEREFS="Style_4" VPOS="1463" WIDTH="140" WC="0.90" CC="000000" TAGREFS=""/>
            <SP HPOS="703" ID="SP_207.5.4.8" VPOS="1457" WIDTH="14"/>
            <String CONTENT="from" HEIGHT="36" HPOS="717" ID="ST_207.5.4.9" STYLEREFS="Style_4" VPOS="1457" WIDTH="91" WC="0.76" CC="0000" TAGREFS=""/>
            <SP HPOS="808" ID="SP_207.5.4.10" VPOS="1459" WIDTH="14"/>
            <String CONTENT="garnishment" HEIGHT="42" HPOS="822" ID="ST_207.5.4.11" STYLEREFS="Style_4" VPOS="1459" WIDTH="238" WC="0.70" CC="00000000000" TAGREFS=""/>
            <SP HPOS="1060" ID="SP_207.5.4.12" VPOS="1459" WIDTH="14"/>
            <String CONTENT="by" HEIGHT="43" HPOS="1074" ID="ST_207.5.4.13" STYLEREFS="Style_4" VPOS="1459" WIDTH="45" WC="0.77" CC="00" TAGREFS=""/>
            <SP HPOS="1119" ID="SP_207.5.4.14" VPOS="1470" WIDTH="15"/>
            <String CONTENT="a" HEIGHT="23" HPOS="1134" ID="ST_207.5.4.15" STYLEREFS="Style_4" VPOS="1470" WIDTH="21" WC="1.00" CC="0" TAGREFS=""/>
            <SP HPOS="1155" ID="SP_207.5.4.16" VPOS="1459" WIDTH="10"/>
            <String CONTENT="judgment" HEIGHT="43" HPOS="1165" ID="ST_207.5.4.17" STYLEREFS="Style_4" VPOS="1459" WIDTH="185" WC="0.55" CC="00000000" TAGREFS=""/>
          </TextLine>
          <TextLine HEIGHT="46" HPOS="136" ID="TL_207.5.5" VPOS="1506" WIDTH="1038">
            <String CONTENT="creditor" HEIGHT="35" HPOS="136" ID="ST_207.5.5.1" STYLEREFS="Style_4" VPOS="1506" WIDTH="150" WC="0.96" CC="00000000" TAGREFS=""/>
            <SP HPOS="286" ID="SP_207.5.5.2" VPOS="1507" WIDTH="20"/>
            <String CONTENT="under" HEIGHT="35" HPOS="306" ID="ST_207.5.5.3" STYLEREFS="Style_4" VPOS="1507" WIDTH="109" WC="1.00" CC="00000" TAGREFS=""/>
            <SP HPOS="415" ID="SP_207.5.5.4" VPOS="1507" WIDTH="19"/>
            <String CONTENT="the" HEIGHT="35" HPOS="434" ID="ST_207.5.5.5" STYLEREFS="Style_4" VPOS="1507" WIDTH="59" WC="0.95" CC="000" TAGREFS=""/>
            <SP HPOS="493" ID="SP_207.5.5.6" VPOS="1508" WIDTH="20"/>
            <String CONTENT="provisions" HEIGHT="43" HPOS="513" ID="ST_207.5.5.7" STYLEREFS="Style_4" VPOS="1508" WIDTH="189" WC="0.96" CC="0000000000" TAGREFS=""/>
            <SP HPOS="702" ID="SP_207.5.5.8" VPOS="1507" WIDTH="20"/>
            <String CONTENT="of" HEIGHT="35" HPOS="722" ID="ST_207.5.5.9" STYLEREFS="Style_4" VPOS="1507" WIDTH="39" WC="0.98" CC="00" TAGREFS=""/>
            <SP HPOS="761" ID="SP_207.5.5.10" VPOS="1509" WIDTH="19"/>
            <String CONTENT="5" HEIGHT="33" HPOS="780" ID="ST_207.5.5.11" STYLEREFS="Style_4" VPOS="1509" WIDTH="18" WC="1.00" CC="0" TAGREFS=""/>
            <SP HPOS="798" ID="SP_207.5.5.12" VPOS="1508" WIDTH="22"/>
            <String CONTENT="U.S.C." HEIGHT="35" HPOS="820" ID="ST_207.5.5.13" STYLEREFS="Style_4" VPOS="1508" WIDTH="128" WC="1.00" CC="000000" TAGREFS=""/>
            <SP HPOS="948" ID="SP_207.5.5.14" VPOS="1508" WIDTH="24"/>
            <String CONTENT="§" HEIGHT="43" HPOS="972" ID="ST_207.5.5.15" STYLEREFS="Style_4" VPOS="1508" WIDTH="17" WC="0.86" CC="0" TAGREFS=""/>
            <SP HPOS="989" ID="SP_207.5.5.16" VPOS="1508" WIDTH="24"/>
            <String CONTENT="8346(a)." HEIGHT="44" HPOS="1013" ID="ST_207.5.5.17" STYLEREFS="Style_4" VPOS="1508" WIDTH="161" WC="1.00" CC="00000000" TAGREFS=""/>
          </TextLine>
        </TextBlock>
        <TextBlock HEIGHT="35.0" HPOS="229.0" ID="BL_207.6" TAGREFS="b207-8" VPOS="1582.0" WIDTH="183.0">
          <TextLine HEIGHT="35" HPOS="229" ID="TL_207.6.1" VPOS="1582" WIDTH="183">
            <String CONTENT="Reversed." HEIGHT="35" HPOS="229" ID="ST_207.6.1.1" STYLEREFS="Style_4" VPOS="1582" WIDTH="183" WC="1.00" CC="000000000" TAGREFS=""/>
          </TextLine>
        </TextBlock>
        <TextBlock HEIGHT="45.0" HPOS="228.0" ID="BL_207.7" TAGREFS="b207-9" VPOS="1657.0" WIDTH="580.0">
          <TextLine HEIGHT="45" HPOS="228" ID="TL_207.7.1" VPOS="1657" WIDTH="580">
            <String CONTENT="Purtle," HEIGHT="42" HPOS="228" ID="ST_207.7.1.1" STYLEREFS="Style_3" VPOS="1657" WIDTH="159" WC="0.92" CC="0000000" TAGREFS=""/>
            <SP HPOS="387" ID="SP_207.7.1.2" VPOS="1657" WIDTH="22"/>
            <String CONTENT="J.," HEIGHT="41" HPOS="409" ID="ST_207.7.1.3" STYLEREFS="Style_4" VPOS="1657" WIDTH="42" WC="0.97" CC="099" TAGREFS=""/>
            <SP HPOS="451" ID="SP_207.7.1.4" VPOS="1662" WIDTH="21"/>
            <String CONTENT="not" HEIGHT="30" HPOS="472" ID="ST_207.7.1.5" STYLEREFS="Style_2" VPOS="1662" WIDTH="59" WC="0.98" CC="000" TAGREFS=""/>
            <SP HPOS="531" ID="SP_207.7.1.6" VPOS="1658" WIDTH="20"/>
            <String CONTENT="participating." HEIGHT="44" HPOS="551" ID="ST_207.7.1.7" STYLEREFS="Style_2" VPOS="1658" WIDTH="257" WC="0.95" CC="00000000000000" TAGREFS=""/>
          </TextLine>
        </TextBlock>
      </PrintSpace>
    </Page>
  </Layout>
</alto>
