1624 2688
307 398 216 35 nonrenewal
538 409 69 23 was
622 398 76 34 that
713 399 86 34 Mrs.
816 398 162 44 Kirtley’s
993 399 111 34 lesson
1118 399 98 43 plans
1230 398 106 35 failed
1351 404 35 29 to
1400 399 118 44 imple-

307 452 94 29 ment
414 447 60 35 her
486 447 188 35 individual
687 447 183 35 education
883 448 98 43 plans
993 448 53 34 for
1058 448 61 34 her
1130 448 167 34 students.
1310 449 48 34 At
1370 449 59 34 the
1440 449 79 34 trial

307 497 43 33 he
359 497 148 34 testified
518 497 76 34 that
605 498 87 33 Mrs.
705 497 162 44 Kirtley’s
878 498 74 33 first
962 497 156 44 problem
1127 509 70 23 was
1207 498 79 34 lack
1294 498 40 34 of
1340 498 179 43 organiza-

306 546 71 34 tion
400 546 111 35 which
534 546 160 35 included
717 547 60 34 her
798 547 159 44 inability
978 552 35 29 to
1035 547 81 44 plan
1138 547 224 44 individually
1384 548 53 34 for
1459 548 61 34 her

306 596 127 44 special
449 596 184 35 education
649 596 167 35 students.
834 598 87 33 Mrs.
938 597 135 44 Kirtley
1088 597 149 34 testified
1252 598 76 34 that
1344 598 70 34 Mr.
1432 598 88 43 May

306 646 58 34 did
376 651 59 29 not
446 646 76 43 give
533 646 60 35 her
605 647 206 43 sufficiently
822 647 138 43 specific
971 647 204 34 instruction
1186 658 44 23 on
1242 647 75 35 how
1329 647 43 35 he
1383 647 136 35 wanted

306 696 60 34 her
387 701 35 29 to
442 696 162 42 organize
624 696 61 34 her
705 697 103 33 work.

308 256 42 34 88

396 772 112 34 Other
521 771 162 35 evidence
695 772 35 34 in
745 773 87 33 Mrs.
848 772 163 43 Kirtley’s
1025 772 122 35 behalf
1156 773 172 34 consisted
1341 773 39 34 of
1390 773 129 34 former

305 820 156 35 students
488 821 76 34 who
591 821 136 43 praised
754 821 61 34 her
841 821 121 43 ability
989 821 68 34 and
1085 822 87 33 Mrs.
1200 822 163 42 Kirtley’s
1390 822 128 34 former

305 869 140 34 teacher
463 870 77 33 who
558 869 74 34 said
651 870 61 33 she
730 881 70 23 was
818 870 146 43 capable
981 870 40 34 of
1036 870 89 42 good
1143 870 176 43 planning.
1339 872 33 32 A
1390 870 129 35 former

305 919 192 43 supervisor
508 919 33 34 in
552 919 144 34 another
706 919 116 34 school
833 924 128 38 system
971 919 149 35 testified
1131 920 87 34 Mrs.
1230 919 135 44 Kirtley
1374 919 58 35 did
1442 920 76 34 well

305 968 68 35 and
390 980 70 23 was
477 968 83 35 used
577 980 38 23 as
631 980 21 23 a
669 968 113 36 model
800 969 53 35 for
870 980 74 24 new
960 969 157 35 teachers
1134 969 34 35 in
1185 970 59 34 the
1260 970 70 34 late
1350 970 116 35 1960’s
1483 975 36 30 to

309 1019 117 35 1970’s
449 1019 62 35 but
532 1019 76 35 that
630 1019 44 35 he
696 1019 69 35 had
787 1024 60 30 not
868 1019 166 36 reviewed
1057 1031 68 33 any
1146 1020 40 34 of
1203 1020 62 35 her
1286 1020 112 35 lesson
1420 1020 98 45 plans

305 1069 168 44 prepared
489 1074 35 30 to
539 1069 158 35 conform
712 1075 36 30 to
763 1070 59 34 the
837 1069 132 36 federal
985 1069 194 36 Education
1195 1070 54 35 for
1265 1070 253 46 Handicapped

304 1120 80 34 Act.

395 1195 74 34 The
484 1196 176 43 appellant
675 1196 81 34 does
771 1201 60 29 not
846 1196 148 35 contend
1010 1196 76 35 that
1101 1197 98 34 there
1212 1208 70 23 was
1298 1208 20 23 a
1334 1197 125 34 failure
1474 1208 44 24 on

304 1244 59 35 the
386 1250 77 38 part
486 1244 39 35 of
546 1245 58 34 the
626 1245 117 34 school
768 1245 107 35 board
898 1251 36 29 to
957 1246 137 43 comply
1116 1246 83 35 with
1223 1257 68 33 any
1314 1246 203 44 procedural

304 1294 233 44 requirement
547 1294 40 35 of
594 1295 59 35 the
663 1295 155 35 Teacher
830 1295 79 35 Fair
921 1296 182 34 Dismissal
1113 1297 80 33 Act.
1205 1296 77 34 Nor
1292 1296 82 35 does
1386 1296 61 35 she
1457 1307 61 33 say

304 1344 76 35 that
395 1344 59 35 the
468 1344 131 35 factual
614 1344 285 37 determinations
913 1345 39 35 of
964 1346 59 34 the
1036 1346 124 34 circuit
1173 1351 99 29 court
1286 1357 90 24 were
1390 1346 128 44 clearly

304 1404 183 24 erroneous
502 1394 67 35 and
583 1395 80 34 thus
677 1400 36 29 to
726 1395 43 34 be
782 1395 205 34 overturned
1001 1395 34 34 in
1050 1395 214 35 accordance
1276 1396 83 35 with
1373 1396 85 34 Ark.
1474 1396 42 35 R.

304 1443 74 34 Civ.
395 1444 35 34 P.
448 1443 113 43 52(a).
577 1444 71 34 She
662 1444 81 35 does
758 1444 148 35 contend
921 1445 77 34 that
1012 1445 59 34 the
1085 1450 99 29 court
1198 1445 98 34 erred
1312 1445 148 35 because
1474 1446 44 34 he

304 1493 105 35 failed
428 1499 36 28 to
481 1494 158 34 consider
657 1494 59 34 the
734 1494 78 34 trial
831 1494 196 44 testimony.
1049 1495 65 34 For
1132 1495 77 34 that
1227 1495 210 44 proposition
1456 1495 61 35 she

303 1542 84 35 cites
408 1543 58 34 the
482 1543 136 42 judge’s
639 1548 204 30 statements
863 1543 34 35 in
918 1544 60 34 the
997 1544 175 42 following
1192 1545 169 43 colloquy:

428 1619 62 33 BY
510 1619 98 33 THE
628 1619 177 34 COURT:

517 1695 178 34 Arkansas
706 1695 140 34 Statute
857 1696 154 33 80-1266
1022 1695 97 44 point
1130 1696 19 34 9
1161 1695 156 44 provides
1327 1696 54 34 for
1391 1697 123 43 appeal

426 1749 36 29 to
481 1744 134 34 Circuit
635 1744 111 35 Court
765 1744 68 35 and
853 1756 38 23 as
911 1745 15 34 I
946 1745 213 35 understand
1178 1746 59 34 the
1255 1756 79 24 case
1353 1746 76 41 law,
1450 1746 65 35 I’m

426 1793 133 35 limited
579 1799 36 30 to
635 1794 230 44 determining
886 1794 29 35 if
932 1795 59 35 the
1011 1795 152 35 decision
1183 1795 39 35 of
1238 1796 58 34 the
1316 1796 108 35 board
1445 1807 70 24 was

426 1843 106 35 based
552 1855 91 33 upon
663 1844 207 35 substantial
890 1845 172 35 evidence.
1083 1846 39 34 In
1141 1846 98 34 other
1258 1845 121 42 words,
1399 1857 70 24 was
1488 1846 27 35 it

426 1893 182 44 arbitrary,
618 1894 192 44 capricious
820 1905 38 24 or
867 1894 288 44 discriminatory.
1166 1895 139 35 Section
1315 1895 32 35 D
1358 1895 156 45 provides

426 1943 190 35 additional
635 1944 186 43 testimony
839 1955 81 33 may
938 1944 43 35 be
999 1945 104 34 taken
1122 1945 34 34 in
1175 1945 58 34 the
1251 1945 134 35 Circuit
1404 1946 111 35 Court

425 1993 136 44 Appeal
585 1999 36 29 to
644 1994 94 33 show
762 1993 90 35 facts
876 1994 69 34 and
969 1994 268 35 circumstances
1261 1995 152 43 showing
1437 1995 77 35 that

425 2042 267 36 determination
706 2054 39 23 or
758 2044 234 34 non-renewal
1006 2055 70 23 was
1090 2044 118 35 lawful
1222 2055 38 24 or
1273 2044 178 35 unlawful.
1466 2045 48 34 So

425 2103 38 23 as
485 2093 14 33 I
521 2092 212 35 understand
754 2093 37 40 it,
813 2093 60 34 the
893 2093 186 44 testimony
1099 2105 51 22 we
1170 2105 59 23 are
1248 2099 36 29 to
1305 2094 83 34 hear
1408 2094 106 44 today

425 2141 112 35 would
550 2152 44 32 go
606 2147 36 29 to
655 2142 154 34 whether
821 2153 38 23 or
872 2147 60 30 not
945 2143 59 34 the
1016 2143 233 34 non-renewal
1262 2154 69 24 was
1345 2143 118 35 lawful
1475 2154 39 24 or

425 2191 177 36 unlawful.
613 2192 101 40 Now,
725 2192 28 34 is
762 2191 77 35 that
848 2192 93 34 what
951 2203 67 32 you
1027 2203 60 24 are
1096 2192 178 44 intending
1283 2198 36 29 to
1328 2193 93 35 show
1430 2193 83 34 with

424 2240 89 35 this?

425 2316 87 34 MR.
535 2317 158 34 WARD:
720 2316 185 45 [Attorney
925 2317 53 34 for
998 2317 59 35 the
1077 2318 189 44 appellant]

515 2393 81 40 Yes,
619 2393 97 34 Your
737 2394 131 33 Honor.
