1632 2696
1260 272 62 33 163

206 1165 115 34 Adair
343 1166 30 33 &
395 1166 133 39 Hance,
549 1164 56 44 by;
631 1163 154 35 William
808 1164 36 34 C.
865 1163 124 41 Adair,
1011 1163 54 34 for
1085 1163 186 44 appellant.

206 1242 105 34 Steve
325 1241 120 41 Clark,
459 1241 99 44 Att’y
571 1241 101 41 Gen.,
685 1241 56 43 by;
757 1240 94 35 Clint
863 1239 135 42 Miller,
1011 1241 94 33 Asst.
1119 1240 98 43 Att’y
1230 1240 100 40 Gen.,

116 1291 54 35 for
191 1292 165 43 appellee.

208 1368 141 35 Steele
359 1369 114 40 Hays,
483 1367 142 35 Justice.

635 1368 76 34 The
719 1367 158 44 question
886 1366 182 45 presented
1078 1367 45 43 by
1132 1367 67 34 this
1209 1366 123 44 appeal

117 1419 28 34 is
161 1419 155 34 whether
332 1418 59 35 the
406 1418 79 35 trial
501 1423 99 30 court
617 1418 159 44 properly
792 1417 145 44 granted
954 1428 20 24 a
991 1417 158 41 mistrial,
1167 1427 36 24 so
1219 1417 77 34 that
1312 1427 20 24 a

117 1469 118 35 retrial
256 1468 40 35 of
312 1469 59 34 the
391 1468 176 45 appellant
587 1468 82 35 does
690 1474 60 29 not
770 1468 106 35 result
896 1468 34 35 in
951 1467 127 35 double
1094 1467 178 45 jeopardy.

209 1546 199 43 Appellant,
425 1546 91 34 John
532 1547 39 33 L.
587 1547 116 39 Jones,
719 1557 70 23 was
804 1545 151 43 charged
971 1545 83 34 with
1070 1545 178 42 obtaining
1264 1544 68 34 and

117 1596 101 42 using
231 1595 223 34 information
466 1595 92 34 from
570 1595 60 34 the
640 1595 178 34 Arkansas
832 1595 119 34 Crime
963 1594 229 34 Information
1205 1594 128 34 Center

118 1645 34 34 in
169 1645 166 34 violation
353 1644 39 35 of
406 1645 85 34 Ark.
511 1645 90 34 Stat.
620 1645 93 33 Ann.
734 1644 18 43 §
774 1645 139 33 5-1110.
933 1644 75 34 The
1025 1643 80 35 trial
1123 1654 70 23 was
1211 1648 51 29 set
1280 1643 53 34 for

118 1694 155 35 October
295 1695 54 41 30,
375 1695 98 41 1984,
495 1694 70 35 and
585 1694 91 35 after
696 1694 60 35 the
775 1694 141 34 defense
936 1693 69 35 and
1026 1693 218 45 prosecution
1264 1693 70 34 had

118 1744 206 36 announced
339 1744 105 45 ready
459 1744 54 35 for
527 1745 80 35 trial
623 1756 20 23 a
654 1745 82 43 jury
750 1755 69 24 was
834 1743 150 36 selected
999 1743 69 36 and
1083 1754 121 24 sworn.
1221 1743 113 35 When

118 1795 60 35 the
198 1800 91 30 state
309 1795 111 35 called
441 1795 43 35 its
505 1795 74 34 first
599 1795 149 41 witness,
771 1794 83 35 Carl
875 1794 186 41 Stuecken,
1082 1794 98 34 there
1199 1805 70 23 was
1290 1804 44 24 no

119 1856 172 33 response.
302 1845 102 34 After
413 1856 20 23 a
443 1845 92 34 brief
541 1856 112 23 recess
662 1845 59 34 the
730 1850 90 29 state
828 1844 160 44 reported
996 1844 77 34 that
1082 1844 174 34 Stuecken
1265 1843 69 35 had

119 1895 88 34 been
227 1894 169 35 admitted
416 1900 35 29 to
470 1895 60 34 the
549 1894 150 44 hospital
718 1894 54 35 for
791 1904 205 33 emergency
1015 1904 143 33 surgery
1177 1893 69 35 and
1264 1904 70 24 was

119 1945 175 43 presently
305 1944 34 34 in
351 1944 166 34 intensive
528 1955 90 23 care.
630 1944 76 34 The
717 1949 89 29 state
817 1944 130 42 argued
959 1944 77 34 that
1047 1944 175 34 Stuecken
1233 1954 69 23 was
1314 1954 20 23 a

119 1994 134 33 critical
268 1994 136 33 witness
420 1993 69 34 and
504 1993 123 34 moved
643 1993 53 34 for
712 2004 20 23 a
747 1993 156 34 mistrial.
920 1993 75 33 The
1009 1992 142 34 defense
1165 1992 169 42 objected,

119 2042 210 43 contending
343 2042 27 34 it
383 2053 69 23 was
467 2047 60 29 not
541 2047 170 38 apparent
725 2042 203 34 Stuecken’s
942 2042 186 43 testimony
1142 2052 70 23 was
1225 2046 109 29 mate-

120 2092 75 35 rial.
211 2092 75 35 The
301 2092 79 35 trial
392 2091 108 44 judge
514 2091 222 35 commented
751 2091 77 35 that
843 2091 91 35 from
949 2091 132 35 similar
1096 2102 96 24 cases
1208 2091 43 34 he
1266 2090 70 35 had

120 2142 143 44 already
279 2142 107 35 heard
403 2142 43 35 he
462 2142 170 44 regarded
648 2142 60 35 the
724 2142 185 44 testimony
926 2153 37 23 as
981 2141 170 35 material.
1169 2141 74 35 The
1255 2141 81 44 jury

120 2204 70 23 was
205 2192 181 35 dismissed
401 2192 68 35 and
484 2204 20 23 a
518 2192 207 35 conference
738 2203 70 24 was
823 2192 79 35 held
916 2192 82 34 with
1013 2192 59 34 the
1086 2197 90 29 state
1190 2191 146 43 offering

120 2242 104 44 proof
241 2253 44 24 on
305 2243 59 34 the
384 2242 211 44 materiality
615 2242 39 34 of
671 2242 60 34 the
750 2242 195 43 testimony.

214 2320 39 33 In
266 2319 164 43 January,
448 2319 87 34 1985
549 2319 60 34 the
621 2319 177 43 appellant
810 2318 80 34 filed
904 2329 20 23 a
937 2318 132 34 motion
1081 2323 36 29 to
1129 2317 136 35 dismiss
1278 2317 60 34 the

121 2368 226 35 information
362 2379 43 24 on
421 2369 59 34 the
495 2368 151 44 grounds
661 2368 78 35 that
753 2373 36 30 to
804 2368 152 44 impanel
972 2367 145 35 another
1128 2367 81 44 jury
1224 2367 113 34 would

121 2419 136 43 subject
279 2419 73 34 him
374 2424 35 29 to
431 2419 127 34 double
576 2418 180 44 jeopardy.
779 2418 75 35 The
876 2418 131 35 motion
1029 2429 71 23 was
1122 2417 124 35 denied
1269 2417 69 34 and
