1648 2696
100 420 125 32 argues
248 410 76 34 that
347 421 82 23 even
452 409 29 35 if
501 421 51 23 we
574 410 71 34 find
669 410 182 35 reversible
872 421 94 24 error
988 411 35 34 in
1046 410 184 43 admitting
1253 411 59 34 the

100 459 164 34 evidence
292 459 34 34 in
355 460 156 43 question
539 471 52 23 we
619 460 123 34 should
770 460 112 34 affirm
911 460 149 34 because
1087 460 97 34 there
1211 460 27 34 is
1267 471 44 23 no

101 509 177 43 prejudice
292 509 34 34 in
339 509 83 34 view
436 509 39 34 of
485 509 59 35 the
557 510 99 34 other
670 515 117 38 strong
800 509 162 35 evidence
975 510 137 43 against
1125 510 185 43 appellant.

100 559 75 34 The
191 559 118 34 state’s
326 558 91 35 brief
430 558 106 35 refers
552 564 35 29 to
602 559 98 34 these
715 559 99 35 facts:
833 559 53 43 (1)
904 559 59 35 the
979 560 176 43 appellant
1170 559 68 35 and
1253 560 59 34 the

100 608 120 34 victim
231 608 69 34 had
312 608 85 35 been
409 619 43 24 on
463 608 92 35 “bad
567 609 140 40 terms;”
722 608 53 43 (2)
788 609 58 34 the
857 609 176 44 appellant
1043 620 70 23 was
1124 609 59 34 the
1193 609 73 34 first
1276 615 36 30 to

102 663 116 38 report
227 658 59 34 the
294 658 72 41 fire;
378 658 53 42 (3)
443 658 58 34 the
510 659 188 43 appellant,
707 658 101 35 while
816 659 196 43 witnessing
1022 659 59 34 the
1089 659 72 40 fire,
1171 659 74 34 said
1254 659 59 34 the

100 708 121 34 victim
233 719 70 23 was
317 708 108 34 inside
438 708 59 34 the
509 708 149 43 burning
671 708 117 41 house;
804 708 53 43 (4)
872 708 125 35 bottles
1010 708 39 35 of
1059 709 80 34 beer
1152 709 67 34 like
1231 719 81 24 ones

102 758 44 34 he
157 757 76 35 said
244 758 44 34 he
299 757 68 35 had
378 757 171 35 delivered
562 758 122 34 earlier
696 758 76 35 that
782 758 68 44 day
861 763 35 30 to
907 758 59 35 the
976 758 119 35 victim
1106 770 89 23 were
1205 758 107 35 found

103 808 34 33 in
152 808 60 34 the
226 808 204 43 appellant’s
445 808 118 40 house;
580 807 53 43 (5)
651 808 175 44 appellant
841 808 68 34 had
924 808 87 35 been
1026 819 80 24 seen
1120 809 158 43 carrying
1293 820 20 23 a

102 858 151 42 shotgun
263 857 68 35 like
340 858 59 34 the
407 868 65 24 one
482 857 108 35 found
600 858 35 34 in
644 858 59 34 the
712 858 102 34 home
823 858 39 35 of
868 858 59 35 the
935 858 130 41 victim;
1077 858 54 43 (6)
1143 869 44 24 an
1197 864 117 38 empty

103 908 45 33 W
163 908 34 34 &
212 908 43 33 W
268 907 145 35 number
425 909 20 33 6
458 908 149 43 shotgun
618 908 86 34 shell
716 908 66 34 box
793 919 70 24 was
874 908 109 35 found
994 908 35 34 in
1040 908 59 35 the
1110 909 203 43 appellant’s

103 957 114 40 home;
235 957 54 43 (7)
306 957 59 35 the
379 958 175 43 appellant
569 958 69 34 had
653 958 72 34 told
740 958 183 43 neighbors
937 958 44 34 he
994 969 70 24 was
1076 958 72 43 just
1162 958 102 43 going
1278 964 36 29 to

104 1007 88 34 have
219 1012 36 29 to
284 1007 59 34 kill
371 1007 59 35 the
457 1007 130 41 victim;
616 1007 69 35 and
716 1007 53 43 (8)
799 1008 59 34 the
886 1008 176 44 appellant
1090 1008 103 34 made
1220 1019 95 23 some

104 1057 189 34 incredible
303 1062 202 30 statements
515 1063 36 29 to
561 1057 184 43 neighbors
755 1058 106 34 about
870 1058 126 43 having
1006 1058 87 34 been
1102 1058 168 34 wounded
1280 1058 35 34 in

104 1118 21 23 a
145 1117 71 33 gun
237 1107 109 35 battle
365 1107 109 34 inside
494 1107 59 35 the
571 1107 148 35 victim’s
740 1107 102 35 home
861 1108 59 34 the
940 1108 98 43 night
1058 1107 39 35 of
1113 1108 59 34 the
1191 1108 71 34 fire.

1241 270 67 34 415

314 1183 114 35 While
448 1194 51 24 we
520 1194 103 32 agree
643 1184 68 34 this
733 1184 27 34 is
782 1189 116 38 strong
919 1184 162 34 evidence
1102 1184 135 43 against
1257 1184 59 34 the

105 1233 188 43 appellant,
304 1244 51 23 we
365 1238 126 29 cannot
501 1244 61 32 say
572 1234 26 33 it
609 1234 28 33 is
647 1233 40 34 of
693 1234 60 34 the
762 1234 265 42 overwhelming
1037 1239 71 29 sort
1118 1234 76 34 that
1203 1234 112 34 would

102 1282 125 44 justify
237 1293 39 24 us
287 1283 34 34 in
331 1283 156 43 ignoring
498 1283 59 34 the
566 1283 151 43 illegally
728 1283 168 35 admitted
906 1283 172 35 evidence.
1089 1283 75 35 The
1173 1283 61 35 sad
1244 1283 72 35 fact

106 1332 28 34 is
149 1332 77 35 that
241 1337 90 30 most
346 1332 29 35 if
387 1338 58 29 not
460 1333 45 34 all
521 1332 39 35 of
571 1333 68 34 this
655 1332 161 36 evidence
830 1333 113 35 would
958 1333 87 35 have
1059 1344 99 24 come
1172 1333 71 34 into
1257 1333 59 35 the

106 1382 111 35 hands
231 1382 40 35 of
281 1383 59 34 the
354 1383 109 43 police
475 1383 204 34 authorities
693 1383 144 35 without
850 1383 59 35 the
923 1383 204 44 appellant’s
1142 1389 108 29 arrest
1263 1383 53 35 for

106 1432 118 44 public
236 1432 223 35 intoxication
473 1433 68 34 and
553 1433 103 34 could
668 1433 194 44 eventually
875 1433 87 35 have
974 1433 87 35 been
1073 1433 60 35 the
1144 1433 91 35 basis
1247 1433 39 35 of
1296 1445 20 23 a

106 1482 119 34 lawful
249 1487 109 29 arrest
380 1482 111 34 which
514 1483 113 33 would
651 1483 87 34 have
760 1483 174 43 produced
957 1483 59 34 the
1038 1494 97 23 same
1156 1483 161 34 evidence

106 1531 165 34 obtained
291 1532 81 33 here
392 1531 44 44 by
456 1537 144 38 pretext.

199 1607 183 35 Reversed.

198 1684 159 41 Purtle,
379 1684 41 41 J.,
442 1689 59 29 not
521 1684 256 44 participating.

199 1761 187 34 Hickman
406 1760 68 35 and
496 1761 115 40 Hays,
632 1761 65 40 JJ.,
718 1760 139 35 dissent.

198 1836 141 35 Steele
359 1838 114 39 Hays,
495 1837 142 40 Justice,

657 1836 199 44 dissenting.
879 1838 65 43 My
963 1836 254 44 disagreement
1236 1837 82 34 with

106 1886 61 34 the
178 1886 162 43 majority
351 1886 138 44 opinion
501 1886 27 35 is
541 1887 134 34 limited
686 1892 35 29 to
732 1887 59 34 the
802 1887 90 34 issue
902 1887 40 34 of
950 1887 153 34 whether
1115 1887 203 43 appellant’s

107 1941 111 28 arrest
245 1935 53 34 for
325 1936 115 43 public
466 1936 226 34 intoxication
718 1947 69 23 was
814 1937 129 43 merely
970 1947 20 23 a
1017 1941 134 39 pretext
1177 1941 35 29 to
1238 1937 80 42 gain

108 1984 163 35 evidence
286 1990 36 29 to
336 1990 142 39 support
493 1985 60 35 the
568 1985 140 35 murder
723 1986 137 43 charge.
877 1986 155 34 Because
1047 1986 15 34 I
1078 1986 130 34 believe
1222 1986 97 34 there

107 2046 71 23 was
203 2035 165 44 probable
392 2045 104 25 cause
519 2040 36 30 to
580 2041 110 29 arrest
714 2036 145 34 Nathan
884 2035 218 35 Richardson
1126 2035 54 35 for
1204 2036 116 44 public

108 2085 237 42 intoxication,
365 2086 15 34 I
399 2086 87 34 have
505 2097 20 23 a
544 2085 163 35 different
724 2086 85 35 view
827 2086 39 35 of
882 2086 60 35 the
960 2086 91 35 issue
1069 2086 40 35 of
1124 2091 143 39 pretext.
1288 2086 34 34 If

108 2135 167 44 probable
284 2146 104 24 cause
396 2135 141 41 existed,
547 2136 94 40 then,
651 2147 44 23 on
704 2136 60 34 the
771 2136 268 34 circumstances
1049 2136 39 34 of
1093 2136 68 34 this
1170 2147 89 30 case,
1269 2147 51 23 we

108 2185 124 34 should
244 2185 95 34 leave
350 2190 35 29 to
395 2185 60 34 the
465 2185 79 34 trial
555 2191 99 28 court
664 2185 153 35 whether
828 2186 59 34 the
897 2185 205 44 underlying
1113 2186 127 33 motive
1250 2196 69 23 was

108 2234 91 34 bona
220 2234 79 34 fide.

200 2309 113 35 There
321 2320 69 24 was
400 2310 185 43 testimony
593 2310 77 34 that
680 2311 70 33 Mr.
761 2310 217 34 Richardson
987 2309 69 35 had
1065 2310 87 34 been
1161 2310 159 42 drinking

108 2359 100 34 when
223 2359 44 34 he
281 2370 70 23 was
365 2359 122 44 picked
502 2370 46 33 up
563 2364 36 30 at
614 2359 107 35 about
735 2361 80 33 9:00
830 2370 80 24 a.m.
925 2359 113 35 There
1051 2370 70 23 was
1136 2359 73 34 also
1222 2359 102 44 proof

109 2408 92 35 from
212 2409 112 34 which
335 2409 59 35 the
404 2409 79 35 trial
494 2414 98 30 court
603 2409 102 35 could
716 2409 87 35 have
813 2409 119 41 found,
944 2420 37 24 as
993 2409 26 34 it
1030 2408 70 42 did,
1111 2409 76 34 that
1198 2409 44 34 he
1251 2420 70 23 was
