1654 2697
308 435 147 35 rational
467 436 91 34 basis
569 447 38 23 or
618 436 120 43 hinges
749 447 44 23 on
805 448 19 23 a
836 436 131 44 finding
978 436 39 35 of
1025 436 73 35 fact
1109 436 105 35 based
1225 448 44 23 on
1281 448 44 23 an
1336 447 184 25 erroneous

307 485 84 34 view
403 486 38 34 of
450 486 59 33 the
519 486 76 34 law.
612 485 207 43 Woodyard,
835 486 195 34 Comm’r v.
1042 486 86 34 Ark.
1141 486 209 43 Diversified
1359 489 81 38 Ins.,
1453 488 66 33 268

307 536 85 33 Ark.
415 536 55 39 94,
493 536 67 33 594
580 535 143 34 S.W.2d
749 537 38 32 13
812 535 138 43 (1980),
971 535 185 44 rehearing
1174 536 134 34 denied.

308 297 21 32 4

491 624 74 34 The
578 624 186 44 testimony
777 630 36 29 at
827 624 59 34 the
899 624 143 43 hearing
1056 624 163 44 provided
1232 636 21 23 a
1267 625 147 35 rational
1428 625 92 35 basis

308 673 53 35 for
374 674 58 35 the
443 674 137 34 board’s
593 674 125 35 action.
731 675 75 34 The
818 675 176 43 appellant
1005 675 177 41 contends,
1195 675 166 42 however,
1375 675 76 36 that
1462 676 59 34 the

307 724 151 35 decision
468 724 126 43 hinged
605 725 66 33 “on
681 735 20 24 a
710 725 131 43 finding
851 724 39 35 of
896 725 72 35 fact
977 725 106 35 based
1093 736 43 24 on
1146 737 44 23 an
1199 736 184 25 erroneous
1391 726 84 34 view
1484 726 40 35 of

307 774 59 34 the
379 774 99 35 law.”
494 775 38 33 In
546 779 142 40 support
701 775 40 34 of
750 775 67 35 this
831 776 209 40 contention,
1055 776 176 43 appellant
1244 776 186 35 maintains
1444 777 76 34 that

307 824 59 33 the
376 824 108 34 board
495 824 79 34 held
586 825 60 33 Dr.
659 824 211 43 Livingston,
882 836 20 23 a
913 825 140 42 general
1064 826 233 42 practitioner,
1309 831 35 29 to
1355 826 59 34 the
1424 836 96 24 same

307 873 166 34 standard
488 873 39 34 of
538 884 80 23 care
632 884 37 23 as
683 874 77 34 that
774 874 174 34 exercised
963 874 45 43 by
1022 874 61 34 Dr.
1099 874 186 41 Simmons,
1301 886 20 22 a
1335 875 184 43 specialist.

307 923 189 42 Appellant
505 923 120 34 claims
635 922 59 34 the
703 923 108 34 board
820 923 145 43 thereby
972 923 150 34 violated
1131 924 85 34 Ark.
1226 924 90 34 Stat.
1326 925 92 33 Ann.
1431 924 17 42 §
1461 925 58 33 34-­

307 972 92 33 2614
415 972 123 43 (Supp.
557 971 104 43 1985)
677 972 112 34 which
803 972 156 44 provides
973 973 76 34 that
1063 973 59 34 the
1135 973 153 43 plaintiff
1298 973 35 34 in
1347 984 45 23 an
1405 973 115 34 action

307 1020 52 34 for
375 1020 147 35 medical
537 1022 113 42 injury
665 1021 62 34 has
741 1022 59 34 the
815 1021 132 35 burden
961 1022 40 34 of
1012 1022 142 44 proving
1168 1023 59 33 the
1241 1022 77 34 skill
1333 1022 187 44 ordinarily

308 1070 176 43 possessed
496 1070 44 43 by
551 1070 172 35 members
734 1071 40 34 of
781 1071 59 34 the
850 1071 190 43 profession
1052 1072 156 42 engaged
1219 1071 34 34 in
1264 1072 59 34 the
1333 1082 97 24 same
1440 1077 81 39 type

306 1119 40 34 of
370 1119 162 44 practice.
562 1121 178 33 Arkansas
769 1121 89 34 Stat.
887 1121 92 34 Ann.
1011 1120 17 43 §
1060 1122 152 34 34-2613
1244 1121 124 44 (Supp.
1402 1121 116 43 1985),

306 1169 167 41 however,
498 1169 129 35 defines
653 1169 137 35 “action
815 1169 53 36 for
893 1170 148 35 medical
1066 1171 136 43 injury”
1227 1182 37 23 as
1290 1171 91 44 “any
1404 1171 114 35 action

306 1219 136 42 against
466 1230 20 23 a
510 1219 147 35 medical
681 1230 81 24 care
784 1220 157 44 provider
966 1248 76 7 ...
1067 1225 35 29 to
1126 1232 137 23 recover
1286 1221 166 42 damages
1475 1232 45 24 on

307 1273 147 30 account
465 1268 39 35 of
511 1269 148 35 medical
672 1269 147 44 injury.”
831 1270 83 34 This
925 1281 69 24 was
1006 1281 44 24 an
1062 1270 115 35 action
1188 1271 45 42 by
1244 1281 44 24 an
1300 1270 219 35 administra­

306 1319 68 34 tive
384 1318 107 36 board
502 1319 182 43 reviewing
694 1319 59 35 the
763 1319 149 35 conduct
921 1319 40 35 of
967 1331 20 24 a
998 1319 237 45 professional,
1246 1320 69 35 and
1325 1321 195 44 ultimately

306 1369 184 43 punishing
515 1369 76 35 that
616 1369 236 45 professional.
879 1370 31 34 It
934 1381 70 24 was
1029 1375 59 29 not
1113 1381 44 24 an
1182 1370 115 35 action
1322 1376 35 29 to
1382 1381 137 25 recover

305 1419 177 44 damages.
502 1420 76 34 The
597 1424 130 30 statute
747 1420 27 34 is
794 1420 175 35 therefore
988 1420 241 44 inapplicable.

489 1509 74 34 The
579 1509 218 44 authorizing
813 1514 130 31 statute
959 1510 53 35 for
1028 1510 59 34 the
1103 1510 138 35 board’s
1257 1511 115 35 action
1388 1511 28 35 is
1432 1511 84 34 Ark.

305 1558 89 34 Stat.
407 1560 91 32 Ann.
512 1559 18 41 §
543 1560 129 33 72-613
687 1559 115 44 (Repl.
819 1560 87 33 1979
918 1560 68 34 and
997 1559 108 44 Supp.
1122 1559 104 43 1985)
1238 1560 112 34 which
1362 1560 155 44 provides

305 1607 77 34 that
395 1608 59 33 the
468 1607 108 34 board
590 1619 80 32 may
684 1609 124 34 revoke
820 1619 38 23 or
872 1609 150 43 suspend
1036 1619 20 23 a
1070 1609 128 34 license
1210 1608 30 35 if
1250 1609 60 34 the
1322 1610 119 34 holder
1455 1610 62 34 has

305 1656 203 35 committed
533 1668 68 31 any
625 1662 73 29 acts
723 1668 37 23 or
784 1658 148 34 offenses
957 1658 136 34 defined
1118 1663 35 29 to
1178 1659 42 34 be
1243 1659 275 43 unprofessional

305 1705 159 35 conduct.
475 1706 166 34 Included
651 1706 34 33 in
694 1706 59 34 the
762 1706 56 35 list
827 1706 39 34 of
872 1706 195 35 definitions
1077 1707 28 34 is
1115 1707 78 43 “(g)
1203 1708 132 43 grossly
1344 1708 174 43 negligent

304 1764 38 24 or
352 1754 160 43 ignorant
522 1755 259 44 malpractice.”
791 1755 75 35 The
875 1756 138 34 board’s
1023 1756 115 34 action
1148 1767 69 24 was
1228 1762 60 29 not
1297 1757 59 34 the
1365 1757 106 34 result
1481 1757 40 34 of

305 1814 44 23 an
369 1814 185 24 erroneous
574 1804 211 44 application
805 1804 39 35 of
860 1805 61 34 the
940 1805 76 35 law.

395 1894 74 34 The
478 1894 99 34 other
587 1894 206 35 “erroneous
802 1894 85 35 view
897 1894 39 35 of
943 1895 59 35 the
1011 1895 88 35 law”
1109 1895 130 44 argued
1249 1895 45 44 by
1303 1895 176 45 appellant
1488 1896 28 35 is

304 1943 59 34 the
390 1943 137 35 board’s
555 1944 262 43 interpretation
845 1944 40 34 of
909 1945 155 43 “grossly
1091 1946 174 43 negligent
1292 1956 37 24 or
1357 1946 160 43 ignorant

304 1993 258 44 malpractice.”
575 1994 76 34 The
662 1994 177 44 appellant
849 1995 188 34 maintains
1048 1995 99 34 there
1156 2006 71 24 was
1238 2001 60 28 not
1309 1996 208 34 substantial

304 2043 162 35 evidence
486 2048 36 29 to
542 2048 142 40 support
704 2044 59 35 the
783 2044 137 35 board’s
940 2045 142 42 finding.

535 2134 65 33 We
611 2133 113 35 affirm
735 2145 44 23 an
791 2134 161 43 agency’s
963 2134 151 35 decision
1126 2134 30 35 if
1164 2135 96 34 there
1270 2134 28 34 is
1309 2135 207 34 substantial

303 2182 163 35 evidence
476 2187 36 29 to
522 2188 142 38 support
674 2183 37 34 it.
722 2183 153 35 Partlow
884 2195 31 22 v.
926 2184 85 34 Ark.
1024 2184 102 34 State
1135 2184 118 35 Police
1265 2185 170 40 Comm’n,
1448 2186 64 33 271

303 2232 85 34 Ark.
404 2233 79 39 351,
497 2233 67 33 609
578 2232 143 35 S.W.2d
735 2234 42 33 23
794 2232 138 44 (1980);
945 2234 85 34 Ark.
1045 2233 89 35 Stat.
1148 2235 91 33 Ann.
1255 2234 17 42 §
1289 2233 225 43 5-713(h)(5)

305 2280 124 45 (Supp.
450 2281 117 43 1985).
583 2283 51 33 To
649 2281 192 36 determine
856 2282 153 35 whether
1024 2293 20 23 a
1060 2282 151 35 decision
1226 2283 28 34 is
1269 2283 186 44 supported
1471 2283 45 44 by

303 2330 207 35 substantial
522 2331 172 41 evidence,
706 2343 51 23 we
768 2331 122 35 review
901 2332 60 34 the
970 2332 111 35 whole
1092 2333 119 34 record
1222 2337 36 29 to
1269 2332 170 35 ascertain
1451 2332 30 35 if
1489 2333 27 34 it

303 2380 28 34 is
346 2381 187 44 supported
547 2381 45 44 by
607 2381 154 35 relevant
775 2381 163 35 evidence
950 2382 78 35 that
1043 2392 20 24 a
1078 2382 202 35 reasonable
1293 2383 97 34 mind
1404 2382 112 44 might

303 2436 122 39 accept
445 2442 37 24 as
503 2431 173 44 adequate
695 2437 36 29 to
751 2437 142 39 support
913 2443 21 24 a
954 2432 209 42 conclusion,
1183 2432 51 35 Id.
