<?xml version='1.0' encoding='utf-8'?>
<alto xmlns="http://www.loc.gov/standards/alto/ns-v3#">
  <!--Created by Innodata R.E.D. RLI tool: 2017-04-25 06:27:23.578030-->
  <Description>
    <MeasurementUnit>pixel</MeasurementUnit>
    <sourceImageInformation>
      <fileName>32044078577194_00142_0.tif</fileName>
    </sourceImageInformation>
    <OCRProcessing ID="OP_1">
      <ocrProcessingStep>
        <processingStepDescription>Alto coordinates refer to the deskewed TIFF file. 
		To convert point (x, y) to original image (TIFF or JP2) apply transformation matrix T=(m00, m01, m10, m11, b0, b1) using the rule:
			T * (x,y) = (m00 * x + m01 * y + b0), (m10 * x + m11 * y + b1)</processingStepDescription>
        <processingStepSettings>RED.transform=(1.0, -0.0, 0.0, 1.0, 0.0, -0.0)</processingStepSettings>
      </ocrProcessingStep>
    </OCRProcessing>
  </Description>
  <Styles>
    <TextStyle FONTFAMILY="Times New Roman" FONTSIZE="10.50" FONTTYPE="serif" FONTWIDTH="proportional" ID="Style_3"/>
    <TextStyle FONTFAMILY="Times New Roman" FONTSIZE="10.50" FONTSTYLE="bold smallcaps" FONTTYPE="serif" FONTWIDTH="proportional" ID="Style_4"/>
    <TextStyle FONTFAMILY="Times New Roman" FONTSIZE="11.00" FONTSTYLE="italics" FONTTYPE="serif" FONTWIDTH="proportional" ID="Style_5"/>
  </Styles>
  <Tags>
    <StructureTag ID="b283-2" LABEL="pagelabel"/>
    <StructureTag ID="b283-3" LABEL="name"/>
    <StructureTag ID="AtH3" LABEL="docketnum"/>
    <StructureTag ID="AD-" LABEL="citation"/>
    <StructureTag ID="b283-4" LABEL="court"/>
    <StructureTag ID="AhR" LABEL="decisiondate"/>
    <StructureTag ID="b283-9" LABEL="attorneys"/>
    <StructureTag ID="b283-10" LABEL="attorneys"/>
    <StructureTag ID="b283-11" LABEL="author"/>
    <StructureTag ID="AXjO" LABEL="p"/>
    <StructureTag ID="b283-12" LABEL="p"/>
  </Tags>
  <Layout>
    <Page HEIGHT="2696" ID="PG_283" PHYSICAL_IMG_NR="283" WIDTH="1648">
      <PrintSpace HEIGHT="2696" HPOS="0" ID="PS_283" VPOS="0" WIDTH="1648">
        <TextBlock HEIGHT="34.0" HPOS="1261.0" ID="BL_283.2" TAGREFS="b283-2" VPOS="277.0" WIDTH="65.0">
          <TextLine HEIGHT="34" HPOS="1261" ID="TL_283.2.1" VPOS="277" WIDTH="65">
            <String CONTENT="255" HEIGHT="34" HPOS="1261" ID="ST_283.2.1.1" STYLEREFS="Style_3" VPOS="277" WIDTH="65" WC="0.98" CC="000" TAGREFS=""/>
          </TextLine>
        </TextBlock>
        <TextBlock HEIGHT="44.0" HPOS="235.0" ID="BL_283.3" TAGREFS="b283-3" VPOS="417.0" WIDTH="974.0">
          <TextLine HEIGHT="44" HPOS="235" ID="TL_283.3.1" VPOS="417" WIDTH="974">
            <String CONTENT="Noah" HEIGHT="34" HPOS="235" ID="ST_283.3.1.1" STYLEREFS="Style_3" VPOS="418" WIDTH="105" WC="0.97" CC="0000" TAGREFS=""/>
            <SP HPOS="340" ID="SP_283.3.1.2" VPOS="419" WIDTH="22"/>
            <String CONTENT="Wayne" HEIGHT="42" HPOS="362" ID="ST_283.3.1.3" STYLEREFS="Style_3" VPOS="419" WIDTH="133" WC="1.00" CC="00000" TAGREFS=""/>
            <SP HPOS="495" ID="SP_283.3.1.4" VPOS="418" WIDTH="22"/>
            <String CONTENT="RUSSELL" HEIGHT="34" HPOS="517" ID="ST_283.3.1.5" STYLEREFS="Style_3" VPOS="418" WIDTH="215" WC="0.94" CC="0000000" TAGREFS=""/>
            <SP HPOS="732" ID="SP_283.3.1.6" VPOS="429" WIDTH="20"/>
            <String CONTENT="v." HEIGHT="23" HPOS="752" ID="ST_283.3.1.7" STYLEREFS="Style_3" VPOS="429" WIDTH="28" WC="0.69" CC="00" TAGREFS=""/>
            <SP HPOS="780" ID="SP_283.3.1.8" VPOS="418" WIDTH="22"/>
            <String CONTENT="STATE" HEIGHT="34" HPOS="802" ID="ST_283.3.1.9" STYLEREFS="Style_3" VPOS="418" WIDTH="152" WC="0.97" CC="00000" TAGREFS=""/>
            <SP HPOS="954" ID="SP_283.3.1.10" VPOS="417" WIDTH="20"/>
            <String CONTENT="of" HEIGHT="35" HPOS="974" ID="ST_283.3.1.11" STYLEREFS="Style_3" VPOS="417" WIDTH="39" WC="0.87" CC="00" TAGREFS=""/>
            <SP HPOS="1013" ID="SP_283.3.1.12" VPOS="418" WIDTH="17"/>
            <String CONTENT="Arkansas" HEIGHT="34" HPOS="1030" ID="ST_283.3.1.13" STYLEREFS="Style_3" VPOS="418" WIDTH="179" WC="0.95" CC="00000000" TAGREFS=""/>
          </TextLine>
        </TextBlock>
        <TextBlock HEIGHT="35.0" HPOS="114.0" ID="BL_283.4" TAGREFS="AtH3" VPOS="492.0" WIDTH="193.0">
          <TextLine HEIGHT="35" HPOS="114" ID="TL_283.4.1" VPOS="492" WIDTH="193">
            <String CONTENT="CR" HEIGHT="35" HPOS="114" ID="ST_283.4.1.1" STYLEREFS="Style_3" VPOS="492" WIDTH="66" WC="0.91" CC="00" TAGREFS=""/>
            <SP HPOS="180" ID="SP_283.4.1.2" VPOS="493" WIDTH="22"/>
            <String CONTENT="86-13" HEIGHT="34" HPOS="202" ID="ST_283.4.1.3" STYLEREFS="Style_3" VPOS="493" WIDTH="105" WC="0.83" CC="00000" TAGREFS=""/>
          </TextLine>
        </TextBlock>
        <TextBlock HEIGHT="34.0" HPOS="1008.0" ID="BL_283.5" TAGREFS="AD-" VPOS="493.0" WIDTH="316.0">
          <TextLine HEIGHT="34" HPOS="1008" ID="TL_283.5.1" VPOS="493" WIDTH="316">
            <String CONTENT="704" HEIGHT="33" HPOS="1008" ID="ST_283.5.1.1" STYLEREFS="Style_3" VPOS="494" WIDTH="69" WC="1.00" CC="000" TAGREFS=""/>
            <SP HPOS="1077" ID="SP_283.5.1.2" VPOS="493" WIDTH="20"/>
            <String CONTENT="S.W.2d" HEIGHT="34" HPOS="1097" ID="ST_283.5.1.3" STYLEREFS="Style_3" VPOS="493" WIDTH="143" WC="0.92" CC="000000" TAGREFS=""/>
            <SP HPOS="1240" ID="SP_283.5.1.4" VPOS="494" WIDTH="25"/>
            <String CONTENT="161" HEIGHT="33" HPOS="1265" ID="ST_283.5.1.5" STYLEREFS="Style_3" VPOS="494" WIDTH="59" WC="1.00" CC="000" TAGREFS=""/>
          </TextLine>
        </TextBlock>
        <TextBlock HEIGHT="44.0" HPOS="443.0" ID="BL_283.6" TAGREFS="b283-4" VPOS="567.0" WIDTH="557.0">
          <TextLine HEIGHT="44" HPOS="443" ID="TL_283.6.1" VPOS="567" WIDTH="557">
            <String CONTENT="Supreme" HEIGHT="43" HPOS="443" ID="ST_283.6.1.1" STYLEREFS="Style_3" VPOS="568" WIDTH="171" WC="0.99" CC="0000000" TAGREFS=""/>
            <SP HPOS="614" ID="SP_283.6.1.2" VPOS="568" WIDTH="21"/>
            <String CONTENT="Court" HEIGHT="34" HPOS="635" ID="ST_283.6.1.3" STYLEREFS="Style_3" VPOS="568" WIDTH="110" WC="0.97" CC="00000" TAGREFS=""/>
            <SP HPOS="745" ID="SP_283.6.1.4" VPOS="567" WIDTH="20"/>
            <String CONTENT="of" HEIGHT="35" HPOS="765" ID="ST_283.6.1.5" STYLEREFS="Style_3" VPOS="567" WIDTH="39" WC="0.99" CC="00" TAGREFS=""/>
            <SP HPOS="804" ID="SP_283.6.1.6" VPOS="568" WIDTH="17"/>
            <String CONTENT="Arkansas" HEIGHT="34" HPOS="821" ID="ST_283.6.1.7" STYLEREFS="Style_3" VPOS="568" WIDTH="179" WC="0.97" CC="00000000" TAGREFS=""/>
          </TextLine>
        </TextBlock>
        <TextBlock HEIGHT="44.0" HPOS="356.0" ID="BL_283.7" TAGREFS="AhR" VPOS="617.0" WIDTH="732.0">
          <TextLine HEIGHT="44" HPOS="356" ID="TL_283.7.1" VPOS="617" WIDTH="732">
            <String CONTENT="Opinion" HEIGHT="44" HPOS="356" ID="ST_283.7.1.1" STYLEREFS="Style_3" VPOS="617" WIDTH="151" WC="0.82" CC="0000000" TAGREFS=""/>
            <SP HPOS="507" ID="SP_283.7.1.2" VPOS="617" WIDTH="21"/>
            <String CONTENT="delivered" HEIGHT="35" HPOS="528" ID="ST_283.7.1.3" STYLEREFS="Style_3" VPOS="617" WIDTH="173" WC="1.00" CC="000000000" TAGREFS=""/>
            <SP HPOS="701" ID="SP_283.7.1.4" VPOS="618" WIDTH="22"/>
            <String CONTENT="February" HEIGHT="43" HPOS="723" ID="ST_283.7.1.5" STYLEREFS="Style_3" VPOS="618" WIDTH="175" WC="0.98" CC="00000000" TAGREFS=""/>
            <SP HPOS="898" ID="SP_283.7.1.6" VPOS="619" WIDTH="21"/>
            <String CONTENT="24," HEIGHT="40" HPOS="919" ID="ST_283.7.1.7" STYLEREFS="Style_3" VPOS="619" WIDTH="55" WC="1.00" CC="000" TAGREFS=""/>
            <SP HPOS="974" ID="SP_283.7.1.8" VPOS="619" WIDTH="26"/>
            <String CONTENT="1986" HEIGHT="33" HPOS="1000" ID="ST_283.7.1.9" STYLEREFS="Style_3" VPOS="619" WIDTH="88" WC="0.93" CC="0000" TAGREFS=""/>
          </TextLine>
        </TextBlock>
        <TextBlock HEIGHT="45.0" HPOS="209.0" ID="BL_283.13" TAGREFS="b283-9" VPOS="1548.0" WIDTH="1025.0">
          <TextLine HEIGHT="45" HPOS="209" ID="TL_283.13.1" VPOS="1548" WIDTH="1025">
            <String CONTENT="Grant" HEIGHT="34" HPOS="209" ID="ST_283.13.1.1" STYLEREFS="Style_5" VPOS="1548" WIDTH="111" WC="1.00" CC="00000" TAGREFS=""/>
            <SP HPOS="320" ID="SP_283.13.1.2" VPOS="1549" WIDTH="24"/>
            <String CONTENT="&amp;" HEIGHT="33" HPOS="344" ID="ST_283.13.1.3" STYLEREFS="Style_5" VPOS="1549" WIDTH="30" WC="1.00" CC="0" TAGREFS=""/>
            <SP HPOS="374" ID="SP_283.13.1.4" VPOS="1550" WIDTH="22"/>
            <String CONTENT="Berry," HEIGHT="41" HPOS="396" ID="ST_283.13.1.5" STYLEREFS="Style_5" VPOS="1550" WIDTH="118" WC="0.94" CC="000000" TAGREFS=""/>
            <SP HPOS="514" ID="SP_283.13.1.6" VPOS="1548" WIDTH="21"/>
            <String CONTENT="by:" HEIGHT="44" HPOS="535" ID="ST_283.13.1.7" STYLEREFS="Style_3" VPOS="1548" WIDTH="55" WC="1.00" CC="000" TAGREFS=""/>
            <SP HPOS="590" ID="SP_283.13.1.8" VPOS="1548" WIDTH="21"/>
            <String CONTENT="Sandra" HEIGHT="35" HPOS="611" ID="ST_283.13.1.9" STYLEREFS="Style_5" VPOS="1548" WIDTH="143" WC="1.00" CC="000000" TAGREFS=""/>
            <SP HPOS="754" ID="SP_283.13.1.10" VPOS="1550" WIDTH="24"/>
            <String CONTENT="T." HEIGHT="33" HPOS="778" ID="ST_283.13.1.11" STYLEREFS="Style_5" VPOS="1550" WIDTH="34" WC="0.77" CC="00" TAGREFS=""/>
            <SP HPOS="812" ID="SP_283.13.1.12" VPOS="1551" WIDTH="22"/>
            <String CONTENT="Berry," HEIGHT="41" HPOS="834" ID="ST_283.13.1.13" STYLEREFS="Style_5" VPOS="1551" WIDTH="118" WC="0.91" CC="000000" TAGREFS=""/>
            <SP HPOS="952" ID="SP_283.13.1.14" VPOS="1549" WIDTH="22"/>
            <String CONTENT="for" HEIGHT="34" HPOS="974" ID="ST_283.13.1.15" STYLEREFS="Style_3" VPOS="1549" WIDTH="54" WC="1.00" CC="000" TAGREFS=""/>
            <SP HPOS="1028" ID="SP_283.13.1.16" VPOS="1550" WIDTH="20"/>
            <String CONTENT="appellant." HEIGHT="43" HPOS="1048" ID="ST_283.13.1.17" STYLEREFS="Style_3" VPOS="1550" WIDTH="186" WC="0.95" CC="0000000000" TAGREFS=""/>
          </TextLine>
        </TextBlock>
        <TextBlock HEIGHT="95.0" HPOS="116.0" ID="BL_283.14" TAGREFS="b283-10" VPOS="1622.0" WIDTH="1216.0">
          <TextLine HEIGHT="47" HPOS="207" ID="TL_283.14.1" VPOS="1622" WIDTH="1125">
            <String CONTENT="Steve" HEIGHT="35" HPOS="207" ID="ST_283.14.1.1" STYLEREFS="Style_5" VPOS="1622" WIDTH="105" WC="0.83" CC="00000" TAGREFS=""/>
            <SP HPOS="312" ID="SP_283.14.1.2" VPOS="1622" WIDTH="18"/>
            <String CONTENT="Clark," HEIGHT="41" HPOS="330" ID="ST_283.14.1.3" STYLEREFS="Style_5" VPOS="1622" WIDTH="120" WC="0.92" CC="000000" TAGREFS=""/>
            <SP HPOS="450" ID="SP_283.14.1.4" VPOS="1623" WIDTH="18"/>
            <String CONTENT="Att’y" HEIGHT="44" HPOS="468" ID="ST_283.14.1.5" STYLEREFS="Style_3" VPOS="1623" WIDTH="100" WC="1.00" CC="00000" TAGREFS=""/>
            <SP HPOS="568" ID="SP_283.14.1.6" VPOS="1623" WIDTH="16"/>
            <String CONTENT="Gen.," HEIGHT="41" HPOS="584" ID="ST_283.14.1.7" STYLEREFS="Style_3" VPOS="1623" WIDTH="101" WC="0.94" CC="00099" TAGREFS=""/>
            <SP HPOS="685" ID="SP_283.14.1.8" VPOS="1623" WIDTH="18"/>
            <String CONTENT="by:" HEIGHT="44" HPOS="703" ID="ST_283.14.1.9" STYLEREFS="Style_3" VPOS="1623" WIDTH="55" WC="0.86" CC="000" TAGREFS=""/>
            <SP HPOS="758" ID="SP_283.14.1.10" VPOS="1623" WIDTH="18"/>
            <String CONTENT="Joel" HEIGHT="35" HPOS="776" ID="ST_283.14.1.11" STYLEREFS="Style_5" VPOS="1623" WIDTH="81" WC="0.92" CC="0900" TAGREFS=""/>
            <SP HPOS="857" ID="SP_283.14.1.12" VPOS="1624" WIDTH="17"/>
            <String CONTENT="O." HEIGHT="34" HPOS="874" ID="ST_283.14.1.13" STYLEREFS="Style_5" VPOS="1624" WIDTH="38" WC="1.00" CC="90" TAGREFS=""/>
            <SP HPOS="912" ID="SP_283.14.1.14" VPOS="1625" WIDTH="19"/>
            <String CONTENT="Huggins," HEIGHT="43" HPOS="931" ID="ST_283.14.1.15" STYLEREFS="Style_5" VPOS="1625" WIDTH="174" WC="0.89" CC="00000000" TAGREFS=""/>
            <SP HPOS="1105" ID="SP_283.14.1.16" VPOS="1625" WIDTH="17"/>
            <String CONTENT="Asst." HEIGHT="34" HPOS="1122" ID="ST_283.14.1.17" STYLEREFS="Style_3" VPOS="1625" WIDTH="94" WC="0.91" CC="00000" TAGREFS=""/>
            <SP HPOS="1216" ID="SP_283.14.1.18" VPOS="1625" WIDTH="18"/>
            <String CONTENT="Att’y" HEIGHT="44" HPOS="1234" ID="ST_283.14.1.19" STYLEREFS="Style_3" VPOS="1625" WIDTH="98" WC="0.91" CC="00000" TAGREFS=""/>
          </TextLine>
          <TextLine HEIGHT="45" HPOS="116" ID="TL_283.14.2" VPOS="1672" WIDTH="362">
            <String CONTENT="Gen.," HEIGHT="41" HPOS="116" ID="ST_283.14.2.1" STYLEREFS="Style_3" VPOS="1672" WIDTH="102" WC="0.89" CC="00099" TAGREFS=""/>
            <SP HPOS="218" ID="SP_283.14.2.2" VPOS="1672" WIDTH="22"/>
            <String CONTENT="for" HEIGHT="35" HPOS="240" ID="ST_283.14.2.3" STYLEREFS="Style_3" VPOS="1672" WIDTH="53" WC="0.99" CC="000" TAGREFS=""/>
            <SP HPOS="293" ID="SP_283.14.2.4" VPOS="1673" WIDTH="21"/>
            <String CONTENT="appellee." HEIGHT="44" HPOS="314" ID="ST_283.14.2.5" STYLEREFS="Style_3" VPOS="1673" WIDTH="164" WC="0.93" CC="000000000" TAGREFS=""/>
          </TextLine>
        </TextBlock>
        <TextBlock HEIGHT="42.0" HPOS="208.0" ID="BL_283.15" TAGREFS="b283-11" VPOS="1748.0" WIDTH="586.0">
          <TextLine HEIGHT="42" HPOS="208" ID="TL_283.15.1" VPOS="1748" WIDTH="586">
            <String CONTENT="George" HEIGHT="35" HPOS="208" ID="ST_283.15.1.1" STYLEREFS="Style_4" VPOS="1748" WIDTH="162" WC="0.98" CC="000000" TAGREFS=""/>
            <SP HPOS="370" ID="SP_283.15.1.2" VPOS="1749" WIDTH="18"/>
            <String CONTENT="Rose" HEIGHT="34" HPOS="388" ID="ST_283.15.1.3" STYLEREFS="Style_4" VPOS="1749" WIDTH="98" WC="0.89" CC="0000" TAGREFS=""/>
            <SP HPOS="486" ID="SP_283.15.1.4" VPOS="1749" WIDTH="17"/>
            <String CONTENT="Smith," HEIGHT="41" HPOS="503" ID="ST_283.15.1.5" STYLEREFS="Style_4" VPOS="1749" WIDTH="132" WC="0.95" CC="000000" TAGREFS=""/>
            <SP HPOS="635" ID="SP_283.15.1.6" VPOS="1749" WIDTH="18"/>
            <String CONTENT="Justice." HEIGHT="35" HPOS="653" ID="ST_283.15.1.7" STYLEREFS="Style_3" VPOS="1749" WIDTH="141" WC="0.97" CC="00000000" TAGREFS=""/>
          </TextLine>
        </TextBlock>
        <TextBlock HEIGHT="45.0" HPOS="812.0" ID="BL_283.16" TAGREFS="AXjO" VPOS="1749.0" WIDTH="520.0">
          <TextLine HEIGHT="45" HPOS="812" ID="TL_283.16.1" VPOS="1749" WIDTH="520">
            <String CONTENT="The" HEIGHT="35" HPOS="812" ID="ST_283.16.1.1" STYLEREFS="Style_3" VPOS="1749" WIDTH="74" WC="0.88" CC="000" TAGREFS=""/>
            <SP HPOS="886" ID="SP_283.16.1.2" VPOS="1750" WIDTH="16"/>
            <String CONTENT="appellant" HEIGHT="44" HPOS="902" ID="ST_283.16.1.3" STYLEREFS="Style_3" VPOS="1750" WIDTH="177" WC="0.96" CC="000000000" TAGREFS=""/>
            <SP HPOS="1079" ID="SP_283.16.1.4" VPOS="1761" WIDTH="16"/>
            <String CONTENT="was" HEIGHT="24" HPOS="1095" ID="ST_283.16.1.5" STYLEREFS="Style_3" VPOS="1761" WIDTH="70" WC="0.94" CC="000" TAGREFS=""/>
            <SP HPOS="1165" ID="SP_283.16.1.6" VPOS="1750" WIDTH="16"/>
            <String CONTENT="charged" HEIGHT="44" HPOS="1181" ID="ST_283.16.1.7" STYLEREFS="Style_3" VPOS="1750" WIDTH="151" WC="0.93" CC="0000000" TAGREFS=""/>
          </TextLine>
        </TextBlock>
        <TextBlock HEIGHT="282.0" HPOS="115.0" ID="BL_283.17" TAGREFS="AXjO" VPOS="1798.0" WIDTH="1217.0">
          <TextLine HEIGHT="46" HPOS="116" ID="TL_283.17.1" VPOS="1798" WIDTH="1216">
            <String CONTENT="with" HEIGHT="34" HPOS="116" ID="ST_283.17.1.1" STYLEREFS="Style_3" VPOS="1798" WIDTH="84" WC="0.93" CC="0000" TAGREFS=""/>
            <SP HPOS="200" ID="SP_283.17.1.2" VPOS="1798" WIDTH="11"/>
            <String CONTENT="theft" HEIGHT="35" HPOS="211" ID="ST_283.17.1.3" STYLEREFS="Style_3" VPOS="1798" WIDTH="90" WC="0.98" CC="00000" TAGREFS=""/>
            <SP HPOS="301" ID="SP_283.17.1.4" VPOS="1799" WIDTH="12"/>
            <String CONTENT="by" HEIGHT="43" HPOS="313" ID="ST_283.17.1.5" STYLEREFS="Style_3" VPOS="1799" WIDTH="45" WC="0.94" CC="00" TAGREFS=""/>
            <SP HPOS="358" ID="SP_283.17.1.6" VPOS="1799" WIDTH="10"/>
            <String CONTENT="receiving," HEIGHT="43" HPOS="368" ID="ST_283.17.1.7" STYLEREFS="Style_3" VPOS="1799" WIDTH="181" WC="1.00" CC="0000000000" TAGREFS=""/>
            <SP HPOS="549" ID="SP_283.17.1.8" VPOS="1810" WIDTH="12"/>
            <String CONTENT="was" HEIGHT="24" HPOS="561" ID="ST_283.17.1.9" STYLEREFS="Style_3" VPOS="1810" WIDTH="70" WC="0.91" CC="000" TAGREFS=""/>
            <SP HPOS="631" ID="SP_283.17.1.10" VPOS="1799" WIDTH="12"/>
            <String CONTENT="found" HEIGHT="35" HPOS="643" ID="ST_283.17.1.11" STYLEREFS="Style_3" VPOS="1799" WIDTH="108" WC="0.94" CC="00000" TAGREFS=""/>
            <SP HPOS="751" ID="SP_283.17.1.12" VPOS="1800" WIDTH="11"/>
            <String CONTENT="guilty," HEIGHT="44" HPOS="762" ID="ST_283.17.1.13" STYLEREFS="Style_3" VPOS="1800" WIDTH="113" WC="0.86" CC="0000009" TAGREFS=""/>
            <SP HPOS="875" ID="SP_283.17.1.14" VPOS="1800" WIDTH="7"/>
            <String CONTENT="by" HEIGHT="44" HPOS="882" ID="ST_283.17.1.15" STYLEREFS="Style_3" VPOS="1800" WIDTH="45" WC="0.84" CC="00" TAGREFS=""/>
            <SP HPOS="927" ID="SP_283.17.1.16" VPOS="1800" WIDTH="11"/>
            <String CONTENT="Special" HEIGHT="44" HPOS="938" ID="ST_283.17.1.17" STYLEREFS="Style_3" VPOS="1800" WIDTH="139" WC="0.99" CC="0000000" TAGREFS=""/>
            <SP HPOS="1077" ID="SP_283.17.1.18" VPOS="1801" WIDTH="11"/>
            <String CONTENT="Judge" HEIGHT="43" HPOS="1088" ID="ST_283.17.1.19" STYLEREFS="Style_3" VPOS="1801" WIDTH="112" WC="1.00" CC="00000" TAGREFS=""/>
            <SP HPOS="1200" ID="SP_283.17.1.20" VPOS="1801" WIDTH="11"/>
            <String CONTENT="Laster" HEIGHT="35" HPOS="1211" ID="ST_283.17.1.21" STYLEREFS="Style_3" VPOS="1801" WIDTH="121" WC="0.97" CC="000000" TAGREFS=""/>
          </TextLine>
          <TextLine HEIGHT="47" HPOS="116" ID="TL_283.17.2" VPOS="1848" WIDTH="1215">
            <String CONTENT="sitting" HEIGHT="43" HPOS="116" ID="ST_283.17.2.1" STYLEREFS="Style_3" VPOS="1848" WIDTH="120" WC="0.96" CC="0000000" TAGREFS=""/>
            <SP HPOS="236" ID="SP_283.17.2.2" VPOS="1848" WIDTH="10"/>
            <String CONTENT="without" HEIGHT="35" HPOS="246" ID="ST_283.17.2.3" STYLEREFS="Style_3" VPOS="1848" WIDTH="144" WC="0.95" CC="0000000" TAGREFS=""/>
            <SP HPOS="390" ID="SP_283.17.2.4" VPOS="1860" WIDTH="10"/>
            <String CONTENT="a" HEIGHT="23" HPOS="400" ID="ST_283.17.2.5" STYLEREFS="Style_3" VPOS="1860" WIDTH="19" WC="0.91" CC="0" TAGREFS=""/>
            <SP HPOS="419" ID="SP_283.17.2.6" VPOS="1849" WIDTH="6"/>
            <String CONTENT="jury," HEIGHT="43" HPOS="425" ID="ST_283.17.2.7" STYLEREFS="Style_3" VPOS="1849" WIDTH="92" WC="0.93" CC="00000" TAGREFS=""/>
            <SP HPOS="517" ID="SP_283.17.2.8" VPOS="1849" WIDTH="11"/>
            <String CONTENT="and" HEIGHT="35" HPOS="528" ID="ST_283.17.2.9" STYLEREFS="Style_3" VPOS="1849" WIDTH="69" WC="0.78" CC="000" TAGREFS=""/>
            <SP HPOS="597" ID="SP_283.17.2.10" VPOS="1860" WIDTH="9"/>
            <String CONTENT="was" HEIGHT="24" HPOS="606" ID="ST_283.17.2.11" STYLEREFS="Style_3" VPOS="1860" WIDTH="71" WC="0.98" CC="000" TAGREFS=""/>
            <SP HPOS="677" ID="SP_283.17.2.12" VPOS="1850" WIDTH="9"/>
            <String CONTENT="sentenced" HEIGHT="34" HPOS="686" ID="ST_283.17.2.13" STYLEREFS="Style_3" VPOS="1850" WIDTH="184" WC="0.95" CC="000000000" TAGREFS=""/>
            <SP HPOS="870" ID="SP_283.17.2.14" VPOS="1855" WIDTH="10"/>
            <String CONTENT="to" HEIGHT="30" HPOS="880" ID="ST_283.17.2.15" STYLEREFS="Style_3" VPOS="1855" WIDTH="36" WC="0.96" CC="00" TAGREFS=""/>
            <SP HPOS="916" ID="SP_283.17.2.16" VPOS="1850" WIDTH="8"/>
            <String CONTENT="three" HEIGHT="35" HPOS="924" ID="ST_283.17.2.17" STYLEREFS="Style_3" VPOS="1850" WIDTH="98" WC="0.83" CC="00000" TAGREFS=""/>
            <SP HPOS="1022" ID="SP_283.17.2.18" VPOS="1851" WIDTH="9"/>
            <String CONTENT="years’" HEIGHT="43" HPOS="1031" ID="ST_283.17.2.19" STYLEREFS="Style_3" VPOS="1851" WIDTH="110" WC="1.00" CC="000000" TAGREFS=""/>
            <SP HPOS="1141" ID="SP_283.17.2.20" VPOS="1849" WIDTH="11"/>
            <String CONTENT="imprison-" HEIGHT="46" HPOS="1152" ID="ST_283.17.2.21" STYLEREFS="Style_3" VPOS="1849" WIDTH="179" WC="0.90" CC="000000000" TAGREFS=""/>
          </TextLine>
          <TextLine HEIGHT="45" HPOS="117" ID="TL_283.17.3" VPOS="1898" WIDTH="1214">
            <String CONTENT="ment." HEIGHT="29" HPOS="117" ID="ST_283.17.3.1" STYLEREFS="Style_3" VPOS="1903" WIDTH="106" WC="1.00" CC="00000" TAGREFS=""/>
            <SP HPOS="223" ID="SP_283.17.3.2" VPOS="1898" WIDTH="12"/>
            <String CONTENT="The" HEIGHT="34" HPOS="235" ID="ST_283.17.3.3" STYLEREFS="Style_3" VPOS="1898" WIDTH="75" WC="0.99" CC="000" TAGREFS=""/>
            <SP HPOS="310" ID="SP_283.17.3.4" VPOS="1909" WIDTH="10"/>
            <String CONTENT="one" HEIGHT="23" HPOS="320" ID="ST_283.17.3.5" STYLEREFS="Style_3" VPOS="1909" WIDTH="65" WC="0.84" CC="000" TAGREFS=""/>
            <SP HPOS="385" ID="SP_283.17.3.6" VPOS="1904" WIDTH="11"/>
            <String CONTENT="argument" HEIGHT="37" HPOS="396" ID="ST_283.17.3.7" STYLEREFS="Style_3" VPOS="1904" WIDTH="184" WC="0.93" CC="00000000" TAGREFS=""/>
            <SP HPOS="580" ID="SP_283.17.3.8" VPOS="1899" WIDTH="11"/>
            <String CONTENT="for" HEIGHT="34" HPOS="591" ID="ST_283.17.3.9" STYLEREFS="Style_3" VPOS="1899" WIDTH="53" WC="1.00" CC="000" TAGREFS=""/>
            <SP HPOS="644" ID="SP_283.17.3.10" VPOS="1900" WIDTH="12"/>
            <String CONTENT="reversal" HEIGHT="33" HPOS="656" ID="ST_283.17.3.11" STYLEREFS="Style_3" VPOS="1900" WIDTH="147" WC="1.00" CC="00000000" TAGREFS=""/>
            <SP HPOS="803" ID="SP_283.17.3.12" VPOS="1900" WIDTH="11"/>
            <String CONTENT="is" HEIGHT="34" HPOS="814" ID="ST_283.17.3.13" STYLEREFS="Style_3" VPOS="1900" WIDTH="28" WC="0.82" CC="00" TAGREFS=""/>
            <SP HPOS="842" ID="SP_283.17.3.14" VPOS="1900" WIDTH="11"/>
            <String CONTENT="that" HEIGHT="34" HPOS="853" ID="ST_283.17.3.15" STYLEREFS="Style_3" VPOS="1900" WIDTH="77" WC="0.93" CC="0000" TAGREFS=""/>
            <SP HPOS="930" ID="SP_283.17.3.16" VPOS="1900" WIDTH="11"/>
            <String CONTENT="the" HEIGHT="34" HPOS="941" ID="ST_283.17.3.17" STYLEREFS="Style_3" VPOS="1900" WIDTH="60" WC="1.00" CC="000" TAGREFS=""/>
            <SP HPOS="1001" ID="SP_283.17.3.18" VPOS="1900" WIDTH="10"/>
            <String CONTENT="trial" HEIGHT="34" HPOS="1011" ID="ST_283.17.3.19" STYLEREFS="Style_3" VPOS="1900" WIDTH="80" WC="1.00" CC="00000" TAGREFS=""/>
            <SP HPOS="1091" ID="SP_283.17.3.20" VPOS="1901" WIDTH="7"/>
            <String CONTENT="judge" HEIGHT="42" HPOS="1098" ID="ST_283.17.3.21" STYLEREFS="Style_3" VPOS="1901" WIDTH="108" WC="1.00" CC="00000" TAGREFS=""/>
            <SP HPOS="1206" ID="SP_283.17.3.22" VPOS="1912" WIDTH="10"/>
            <String CONTENT="was" HEIGHT="23" HPOS="1216" ID="ST_283.17.3.23" STYLEREFS="Style_3" VPOS="1912" WIDTH="69" WC="1.00" CC="000" TAGREFS=""/>
            <SP HPOS="1285" ID="SP_283.17.3.24" VPOS="1901" WIDTH="12"/>
            <String CONTENT="in" HEIGHT="34" HPOS="1297" ID="ST_283.17.3.25" STYLEREFS="Style_3" VPOS="1901" WIDTH="34" WC="0.74" CC="00" TAGREFS=""/>
          </TextLine>
          <TextLine HEIGHT="46" HPOS="116" ID="TL_283.17.4" VPOS="1947" WIDTH="1216">
            <String CONTENT="error" HEIGHT="24" HPOS="116" ID="ST_283.17.4.1" STYLEREFS="Style_3" VPOS="1957" WIDTH="95" WC="1.00" CC="00000" TAGREFS=""/>
            <SP HPOS="211" ID="SP_283.17.4.2" VPOS="1947" WIDTH="10"/>
            <String CONTENT="in" HEIGHT="34" HPOS="221" ID="ST_283.17.4.3" STYLEREFS="Style_3" VPOS="1947" WIDTH="34" WC="0.90" CC="00" TAGREFS=""/>
            <SP HPOS="255" ID="SP_283.17.4.4" VPOS="1947" WIDTH="11"/>
            <String CONTENT="taking" HEIGHT="43" HPOS="266" ID="ST_283.17.4.5" STYLEREFS="Style_3" VPOS="1947" WIDTH="120" WC="1.00" CC="000000" TAGREFS=""/>
            <SP HPOS="386" ID="SP_283.17.4.6" VPOS="1948" WIDTH="10"/>
            <String CONTENT="into" HEIGHT="34" HPOS="396" ID="ST_283.17.4.7" STYLEREFS="Style_3" VPOS="1948" WIDTH="72" WC="0.99" CC="0000" TAGREFS=""/>
            <SP HPOS="468" ID="SP_283.17.4.8" VPOS="1953" WIDTH="10"/>
            <String CONTENT="account" HEIGHT="29" HPOS="478" ID="ST_283.17.4.9" STYLEREFS="Style_3" VPOS="1953" WIDTH="149" WC="0.93" CC="0000000" TAGREFS=""/>
            <SP HPOS="627" ID="SP_283.17.4.10" VPOS="1949" WIDTH="10"/>
            <String CONTENT="Russell’s" HEIGHT="34" HPOS="637" ID="ST_283.17.4.11" STYLEREFS="Style_3" VPOS="1949" WIDTH="166" WC="0.98" CC="000000000" TAGREFS=""/>
            <SP HPOS="803" ID="SP_283.17.4.12" VPOS="1949" WIDTH="11"/>
            <String CONTENT="failure" HEIGHT="34" HPOS="814" ID="ST_283.17.4.13" STYLEREFS="Style_3" VPOS="1949" WIDTH="125" WC="1.00" CC="0000000" TAGREFS=""/>
            <SP HPOS="939" ID="SP_283.17.4.14" VPOS="1955" WIDTH="10"/>
            <String CONTENT="to" HEIGHT="29" HPOS="949" ID="ST_283.17.4.15" STYLEREFS="Style_3" VPOS="1955" WIDTH="36" WC="1.00" CC="00" TAGREFS=""/>
            <SP HPOS="985" ID="SP_283.17.4.16" VPOS="1949" WIDTH="10"/>
            <String CONTENT="testify" HEIGHT="44" HPOS="995" ID="ST_283.17.4.17" STYLEREFS="Style_3" VPOS="1949" WIDTH="119" WC="0.99" CC="0000000" TAGREFS=""/>
            <SP HPOS="1114" ID="SP_283.17.4.18" VPOS="1950" WIDTH="10"/>
            <String CONTENT="in" HEIGHT="34" HPOS="1124" ID="ST_283.17.4.19" STYLEREFS="Style_3" VPOS="1950" WIDTH="34" WC="0.73" CC="00" TAGREFS=""/>
            <SP HPOS="1158" ID="SP_283.17.4.20" VPOS="1950" WIDTH="11"/>
            <String CONTENT="reaching" HEIGHT="43" HPOS="1169" ID="ST_283.17.4.21" STYLEREFS="Style_3" VPOS="1950" WIDTH="163" WC="0.92" CC="00000000" TAGREFS=""/>
          </TextLine>
          <TextLine HEIGHT="46" HPOS="116" ID="TL_283.17.5" VPOS="1996" WIDTH="1215">
            <String CONTENT="the" HEIGHT="33" HPOS="116" ID="ST_283.17.5.1" STYLEREFS="Style_3" VPOS="1996" WIDTH="60" WC="1.00" CC="000" TAGREFS=""/>
            <SP HPOS="176" ID="SP_283.17.5.2" VPOS="1997" WIDTH="19"/>
            <String CONTENT="conclusion" HEIGHT="33" HPOS="195" ID="ST_283.17.5.3" STYLEREFS="Style_3" VPOS="1997" WIDTH="198" WC="0.98" CC="0000000000" TAGREFS=""/>
            <SP HPOS="393" ID="SP_283.17.5.4" VPOS="1997" WIDTH="20"/>
            <String CONTENT="that" HEIGHT="33" HPOS="413" ID="ST_283.17.5.5" STYLEREFS="Style_3" VPOS="1997" WIDTH="77" WC="1.00" CC="0000" TAGREFS=""/>
            <SP HPOS="490" ID="SP_283.17.5.6" VPOS="1998" WIDTH="20"/>
            <String CONTENT="Russell" HEIGHT="33" HPOS="510" ID="ST_283.17.5.7" STYLEREFS="Style_3" VPOS="1998" WIDTH="138" WC="0.98" CC="0000000" TAGREFS=""/>
            <SP HPOS="648" ID="SP_283.17.5.8" VPOS="2009" WIDTH="20"/>
            <String CONTENT="was" HEIGHT="22" HPOS="668" ID="ST_283.17.5.9" STYLEREFS="Style_3" VPOS="2009" WIDTH="70" WC="1.00" CC="000" TAGREFS=""/>
            <SP HPOS="738" ID="SP_283.17.5.10" VPOS="1998" WIDTH="19"/>
            <String CONTENT="guilty." HEIGHT="43" HPOS="757" ID="ST_283.17.5.11" STYLEREFS="Style_3" VPOS="1998" WIDTH="120" WC="0.89" CC="0000000" TAGREFS=""/>
            <SP HPOS="877" ID="SP_283.17.5.12" VPOS="1999" WIDTH="21"/>
            <String CONTENT="The" HEIGHT="33" HPOS="898" ID="ST_283.17.5.13" STYLEREFS="Style_3" VPOS="1999" WIDTH="75" WC="0.86" CC="000" TAGREFS=""/>
            <SP HPOS="973" ID="SP_283.17.5.14" VPOS="1999" WIDTH="20"/>
            <String CONTENT="Court" HEIGHT="33" HPOS="993" ID="ST_283.17.5.15" STYLEREFS="Style_3" VPOS="1999" WIDTH="111" WC="1.00" CC="00000" TAGREFS=""/>
            <SP HPOS="1104" ID="SP_283.17.5.16" VPOS="1999" WIDTH="19"/>
            <String CONTENT="of" HEIGHT="33" HPOS="1123" ID="ST_283.17.5.17" STYLEREFS="Style_3" VPOS="1999" WIDTH="39" WC="1.00" CC="00" TAGREFS=""/>
            <SP HPOS="1162" ID="SP_283.17.5.18" VPOS="2000" WIDTH="16"/>
            <String CONTENT="Appeals" HEIGHT="42" HPOS="1178" ID="ST_283.17.5.19" STYLEREFS="Style_3" VPOS="2000" WIDTH="153" WC="0.98" CC="0000000" TAGREFS=""/>
          </TextLine>
          <TextLine HEIGHT="36" HPOS="115" ID="TL_283.17.6" VPOS="2044" WIDTH="518">
            <String CONTENT="transferred" HEIGHT="35" HPOS="115" ID="ST_283.17.6.1" STYLEREFS="Style_3" VPOS="2044" WIDTH="214" WC="0.98" CC="00000000000" TAGREFS=""/>
            <SP HPOS="329" ID="SP_283.17.6.2" VPOS="2045" WIDTH="21"/>
            <String CONTENT="the" HEIGHT="34" HPOS="350" ID="ST_283.17.6.3" STYLEREFS="Style_3" VPOS="2045" WIDTH="58" WC="0.91" CC="000" TAGREFS=""/>
            <SP HPOS="408" ID="SP_283.17.6.4" VPOS="2056" WIDTH="19"/>
            <String CONTENT="case" HEIGHT="24" HPOS="427" ID="ST_283.17.6.5" STYLEREFS="Style_3" VPOS="2056" WIDTH="80" WC="1.00" CC="0000" TAGREFS=""/>
            <SP HPOS="507" ID="SP_283.17.6.6" VPOS="2051" WIDTH="20"/>
            <String CONTENT="to" HEIGHT="29" HPOS="527" ID="ST_283.17.6.7" STYLEREFS="Style_3" VPOS="2051" WIDTH="36" WC="1.00" CC="00" TAGREFS=""/>
            <SP HPOS="563" ID="SP_283.17.6.8" VPOS="2057" WIDTH="20"/>
            <String CONTENT="us." HEIGHT="23" HPOS="583" ID="ST_283.17.6.9" STYLEREFS="Style_3" VPOS="2057" WIDTH="50" WC="1.00" CC="000" TAGREFS=""/>
          </TextLine>
        </TextBlock>
        <TextBlock HEIGHT="347.0" HPOS="116.0" ID="BL_283.18" TAGREFS="b283-12" VPOS="2119.0" WIDTH="1219.0">
          <TextLine HEIGHT="47" HPOS="207" ID="TL_283.18.1" VPOS="2119" WIDTH="1125">
            <String CONTENT="The" HEIGHT="35" HPOS="207" ID="ST_283.18.1.1" STYLEREFS="Style_3" VPOS="2119" WIDTH="75" WC="0.82" CC="000" TAGREFS=""/>
            <SP HPOS="282" ID="SP_283.18.1.2" VPOS="2120" WIDTH="9"/>
            <String CONTENT="State" HEIGHT="34" HPOS="291" ID="ST_283.18.1.3" STYLEREFS="Style_3" VPOS="2120" WIDTH="100" WC="1.00" CC="00000" TAGREFS=""/>
            <SP HPOS="391" ID="SP_283.18.1.4" VPOS="2120" WIDTH="8"/>
            <String CONTENT="key" HEIGHT="44" HPOS="399" ID="ST_283.18.1.5" STYLEREFS="Style_3" VPOS="2120" WIDTH="65" WC="0.85" CC="000" TAGREFS=""/>
            <SP HPOS="464" ID="SP_283.18.1.6" VPOS="2120" WIDTH="9"/>
            <String CONTENT="witness" HEIGHT="35" HPOS="473" ID="ST_283.18.1.7" STYLEREFS="Style_3" VPOS="2120" WIDTH="137" WC="0.95" CC="0000000" TAGREFS=""/>
            <SP HPOS="610" ID="SP_283.18.1.8" VPOS="2132" WIDTH="9"/>
            <String CONTENT="was" HEIGHT="23" HPOS="619" ID="ST_283.18.1.9" STYLEREFS="Style_3" VPOS="2132" WIDTH="71" WC="0.96" CC="000" TAGREFS=""/>
            <SP HPOS="690" ID="SP_283.18.1.10" VPOS="2121" WIDTH="10"/>
            <String CONTENT="Mark" HEIGHT="35" HPOS="700" ID="ST_283.18.1.11" STYLEREFS="Style_3" VPOS="2121" WIDTH="108" WC="0.89" CC="0000" TAGREFS=""/>
            <SP HPOS="808" ID="SP_283.18.1.12" VPOS="2121" WIDTH="7"/>
            <String CONTENT="Goodrum," HEIGHT="42" HPOS="815" ID="ST_283.18.1.13" STYLEREFS="Style_3" VPOS="2121" WIDTH="192" WC="0.93" CC="00000000" TAGREFS=""/>
            <SP HPOS="1007" ID="SP_283.18.1.14" VPOS="2122" WIDTH="11"/>
            <String CONTENT="but" HEIGHT="35" HPOS="1018" ID="ST_283.18.1.15" STYLEREFS="Style_3" VPOS="2122" WIDTH="62" WC="1.00" CC="000" TAGREFS=""/>
            <SP HPOS="1080" ID="SP_283.18.1.16" VPOS="2122" WIDTH="9"/>
            <String CONTENT="Judge" HEIGHT="44" HPOS="1089" ID="ST_283.18.1.17" STYLEREFS="Style_3" VPOS="2122" WIDTH="113" WC="0.91" CC="00000" TAGREFS=""/>
            <SP HPOS="1202" ID="SP_283.18.1.18" VPOS="2123" WIDTH="9"/>
            <String CONTENT="Laster" HEIGHT="34" HPOS="1211" ID="ST_283.18.1.19" STYLEREFS="Style_3" VPOS="2123" WIDTH="121" WC="1.00" CC="000000" TAGREFS=""/>
          </TextLine>
          <TextLine HEIGHT="47" HPOS="116" ID="TL_283.18.2" VPOS="2169" WIDTH="1219">
            <String CONTENT="said" HEIGHT="34" HPOS="116" ID="ST_283.18.2.1" STYLEREFS="Style_3" VPOS="2169" WIDTH="75" WC="1.00" CC="0000" TAGREFS=""/>
            <SP HPOS="191" ID="SP_283.18.2.2" VPOS="2170" WIDTH="14"/>
            <String CONTENT="when" HEIGHT="34" HPOS="205" ID="ST_283.18.2.3" STYLEREFS="Style_3" VPOS="2170" WIDTH="99" WC="1.00" CC="0000" TAGREFS=""/>
            <SP HPOS="304" ID="SP_283.18.2.4" VPOS="2170" WIDTH="15"/>
            <String CONTENT="both" HEIGHT="34" HPOS="319" ID="ST_283.18.2.5" STYLEREFS="Style_3" VPOS="2170" WIDTH="83" WC="0.99" CC="0000" TAGREFS=""/>
            <SP HPOS="402" ID="SP_283.18.2.6" VPOS="2170" WIDTH="13"/>
            <String CONTENT="sides" HEIGHT="35" HPOS="415" ID="ST_283.18.2.7" STYLEREFS="Style_3" VPOS="2170" WIDTH="90" WC="1.00" CC="00000" TAGREFS=""/>
            <SP HPOS="505" ID="SP_283.18.2.8" VPOS="2171" WIDTH="15"/>
            <String CONTENT="had" HEIGHT="34" HPOS="520" ID="ST_283.18.2.9" STYLEREFS="Style_3" VPOS="2171" WIDTH="69" WC="1.00" CC="000" TAGREFS=""/>
            <SP HPOS="589" ID="SP_283.18.2.10" VPOS="2171" WIDTH="14"/>
            <String CONTENT="rested" HEIGHT="35" HPOS="603" ID="ST_283.18.2.11" STYLEREFS="Style_3" VPOS="2171" WIDTH="113" WC="1.00" CC="000000" TAGREFS=""/>
            <SP HPOS="716" ID="SP_283.18.2.12" VPOS="2171" WIDTH="14"/>
            <String CONTENT="that" HEIGHT="35" HPOS="730" ID="ST_283.18.2.13" STYLEREFS="Style_3" VPOS="2171" WIDTH="76" WC="1.00" CC="0000" TAGREFS=""/>
            <SP HPOS="806" ID="SP_283.18.2.14" VPOS="2172" WIDTH="14"/>
            <String CONTENT="he" HEIGHT="34" HPOS="820" ID="ST_283.18.2.15" STYLEREFS="Style_3" VPOS="2172" WIDTH="43" WC="0.90" CC="00" TAGREFS=""/>
            <SP HPOS="863" ID="SP_283.18.2.16" VPOS="2183" WIDTH="13"/>
            <String CONTENT="was" HEIGHT="23" HPOS="876" ID="ST_283.18.2.17" STYLEREFS="Style_3" VPOS="2183" WIDTH="70" WC="1.00" CC="000" TAGREFS=""/>
            <SP HPOS="946" ID="SP_283.18.2.18" VPOS="2172" WIDTH="14"/>
            <String CONTENT="highly" HEIGHT="44" HPOS="960" ID="ST_283.18.2.19" STYLEREFS="Style_3" VPOS="2172" WIDTH="120" WC="0.90" CC="000000" TAGREFS=""/>
            <SP HPOS="1080" ID="SP_283.18.2.20" VPOS="2173" WIDTH="13"/>
            <String CONTENT="suspicious" HEIGHT="43" HPOS="1093" ID="ST_283.18.2.21" STYLEREFS="Style_3" VPOS="2173" WIDTH="189" WC="0.96" CC="0000000000" TAGREFS=""/>
            <SP HPOS="1282" ID="SP_283.18.2.22" VPOS="2172" WIDTH="14"/>
            <String CONTENT="of" HEIGHT="35" HPOS="1296" ID="ST_283.18.2.23" STYLEREFS="Style_3" VPOS="2172" WIDTH="39" WC="1.00" CC="00" TAGREFS=""/>
          </TextLine>
          <TextLine HEIGHT="46" HPOS="116" ID="TL_283.18.3" VPOS="2219" WIDTH="1216">
            <String CONTENT="Goodrum’s" HEIGHT="35" HPOS="116" ID="ST_283.18.3.1" STYLEREFS="Style_3" VPOS="2219" WIDTH="211" WC="1.00" CC="000000000" TAGREFS=""/>
            <SP HPOS="327" ID="SP_283.18.3.2" VPOS="2220" WIDTH="14"/>
            <String CONTENT="testimony." HEIGHT="44" HPOS="341" ID="ST_283.18.3.3" STYLEREFS="Style_3" VPOS="2220" WIDTH="195" WC="0.93" CC="0000000000" TAGREFS=""/>
            <SP HPOS="536" ID="SP_283.18.3.4" VPOS="2222" WIDTH="17"/>
            <String CONTENT="He" HEIGHT="33" HPOS="553" ID="ST_283.18.3.5" STYLEREFS="Style_3" VPOS="2222" WIDTH="56" WC="0.91" CC="00" TAGREFS=""/>
            <SP HPOS="609" ID="SP_283.18.3.6" VPOS="2226" WIDTH="12"/>
            <String CONTENT="went" HEIGHT="29" HPOS="621" ID="ST_283.18.3.7" STYLEREFS="Style_3" VPOS="2226" WIDTH="91" WC="0.84" CC="0000" TAGREFS=""/>
            <SP HPOS="712" ID="SP_283.18.3.8" VPOS="2232" WIDTH="13"/>
            <String CONTENT="on" HEIGHT="23" HPOS="725" ID="ST_283.18.3.9" STYLEREFS="Style_3" VPOS="2232" WIDTH="44" WC="1.00" CC="00" TAGREFS=""/>
            <SP HPOS="769" ID="SP_283.18.3.10" VPOS="2227" WIDTH="14"/>
            <String CONTENT="to" HEIGHT="29" HPOS="783" ID="ST_283.18.3.11" STYLEREFS="Style_3" VPOS="2227" WIDTH="36" WC="1.00" CC="00" TAGREFS=""/>
            <SP HPOS="819" ID="SP_283.18.3.12" VPOS="2232" WIDTH="13"/>
            <String CONTENT="say:" HEIGHT="33" HPOS="832" ID="ST_283.18.3.13" STYLEREFS="Style_3" VPOS="2232" WIDTH="71" WC="0.83" CC="0000" TAGREFS=""/>
            <SP HPOS="903" ID="SP_283.18.3.14" VPOS="2222" WIDTH="15"/>
            <String CONTENT="“There" HEIGHT="34" HPOS="918" ID="ST_283.18.3.15" STYLEREFS="Style_3" VPOS="2222" WIDTH="136" WC="0.82" CC="900000" TAGREFS=""/>
            <SP HPOS="1054" ID="SP_283.18.3.16" VPOS="2222" WIDTH="13"/>
            <String CONTENT="is" HEIGHT="34" HPOS="1067" ID="ST_283.18.3.17" STYLEREFS="Style_3" VPOS="2222" WIDTH="28" WC="1.00" CC="00" TAGREFS=""/>
            <SP HPOS="1095" ID="SP_283.18.3.18" VPOS="2233" WIDTH="14"/>
            <String CONTENT="a" HEIGHT="24" HPOS="1109" ID="ST_283.18.3.19" STYLEREFS="Style_3" VPOS="2233" WIDTH="20" WC="1.00" CC="0" TAGREFS=""/>
            <SP HPOS="1129" ID="SP_283.18.3.20" VPOS="2228" WIDTH="14"/>
            <String CONTENT="great" HEIGHT="37" HPOS="1143" ID="ST_283.18.3.21" STYLEREFS="Style_3" VPOS="2228" WIDTH="98" WC="1.00" CC="00000" TAGREFS=""/>
            <SP HPOS="1241" ID="SP_283.18.3.22" VPOS="2222" WIDTH="12"/>
            <String CONTENT="deal" HEIGHT="35" HPOS="1253" ID="ST_283.18.3.23" STYLEREFS="Style_3" VPOS="2222" WIDTH="79" WC="1.00" CC="0000" TAGREFS=""/>
          </TextLine>
          <TextLine HEIGHT="44" HPOS="116" ID="TL_283.18.4" VPOS="2269" WIDTH="1216">
            <String CONTENT="here" HEIGHT="34" HPOS="116" ID="ST_283.18.4.1" STYLEREFS="Style_3" VPOS="2269" WIDTH="83" WC="0.92" CC="0000" TAGREFS=""/>
            <SP HPOS="199" ID="SP_283.18.4.2" VPOS="2269" WIDTH="10"/>
            <String CONTENT="that" HEIGHT="34" HPOS="209" ID="ST_283.18.4.3" STYLEREFS="Style_3" VPOS="2269" WIDTH="77" WC="0.93" CC="0000" TAGREFS=""/>
            <SP HPOS="286" ID="SP_283.18.4.4" VPOS="2269" WIDTH="12"/>
            <String CONTENT="is" HEIGHT="34" HPOS="298" ID="ST_283.18.4.5" STYLEREFS="Style_3" VPOS="2269" WIDTH="27" WC="1.00" CC="00" TAGREFS=""/>
            <SP HPOS="325" ID="SP_283.18.4.6" VPOS="2270" WIDTH="12"/>
            <String CONTENT="unexplained" HEIGHT="43" HPOS="337" ID="ST_283.18.4.7" STYLEREFS="Style_3" VPOS="2270" WIDTH="230" WC="0.95" CC="00000000000" TAGREFS=""/>
            <SP HPOS="567" ID="SP_283.18.4.8" VPOS="2275" WIDTH="12"/>
            <String CONTENT="to" HEIGHT="30" HPOS="579" ID="ST_283.18.4.9" STYLEREFS="Style_3" VPOS="2275" WIDTH="36" WC="1.00" CC="00" TAGREFS=""/>
            <SP HPOS="615" ID="SP_283.18.4.10" VPOS="2282" WIDTH="10"/>
            <String CONTENT="me." HEIGHT="23" HPOS="625" ID="ST_283.18.4.11" STYLEREFS="Style_3" VPOS="2282" WIDTH="67" WC="0.92" CC="000" TAGREFS=""/>
            <SP HPOS="692" ID="SP_283.18.4.12" VPOS="2271" WIDTH="14"/>
            <String CONTENT="In" HEIGHT="34" HPOS="706" ID="ST_283.18.4.13" STYLEREFS="Style_3" VPOS="2271" WIDTH="39" WC="0.91" CC="00" TAGREFS=""/>
            <SP HPOS="745" ID="SP_283.18.4.14" VPOS="2270" WIDTH="12"/>
            <String CONTENT="fact," HEIGHT="42" HPOS="757" ID="ST_283.18.4.15" STYLEREFS="Style_3" VPOS="2270" WIDTH="83" WC="0.92" CC="00000" TAGREFS=""/>
            <SP HPOS="840" ID="SP_283.18.4.16" VPOS="2271" WIDTH="12"/>
            <String CONTENT="the" HEIGHT="35" HPOS="852" ID="ST_283.18.4.17" STYLEREFS="Style_3" VPOS="2271" WIDTH="59" WC="1.00" CC="000" TAGREFS=""/>
            <SP HPOS="911" ID="SP_283.18.4.18" VPOS="2282" WIDTH="11"/>
            <String CONTENT="case" HEIGHT="24" HPOS="922" ID="ST_283.18.4.19" STYLEREFS="Style_3" VPOS="2282" WIDTH="80" WC="1.00" CC="0000" TAGREFS=""/>
            <SP HPOS="1002" ID="SP_283.18.4.20" VPOS="2272" WIDTH="11"/>
            <String CONTENT="should" HEIGHT="34" HPOS="1013" ID="ST_283.18.4.21" STYLEREFS="Style_3" VPOS="2272" WIDTH="123" WC="0.96" CC="000000" TAGREFS=""/>
            <SP HPOS="1136" ID="SP_283.18.4.22" VPOS="2272" WIDTH="11"/>
            <String CONTENT="have" HEIGHT="34" HPOS="1147" ID="ST_283.18.4.23" STYLEREFS="Style_3" VPOS="2272" WIDTH="87" WC="0.86" CC="0000" TAGREFS=""/>
            <SP HPOS="1234" ID="SP_283.18.4.24" VPOS="2272" WIDTH="11"/>
            <String CONTENT="been" HEIGHT="34" HPOS="1245" ID="ST_283.18.4.25" STYLEREFS="Style_3" VPOS="2272" WIDTH="87" WC="1.00" CC="0000" TAGREFS=""/>
          </TextLine>
          <TextLine HEIGHT="46" HPOS="116" ID="TL_283.18.5" VPOS="2319" WIDTH="1217">
            <String CONTENT="more" HEIGHT="24" HPOS="116" ID="ST_283.18.5.1" STYLEREFS="Style_3" VPOS="2329" WIDTH="97" WC="1.00" CC="0000" TAGREFS=""/>
            <SP HPOS="213" ID="SP_283.18.5.2" VPOS="2319" WIDTH="12"/>
            <String CONTENT="thoroughly" HEIGHT="44" HPOS="225" ID="ST_283.18.5.3" STYLEREFS="Style_3" VPOS="2319" WIDTH="208" WC="0.95" CC="0000000000" TAGREFS=""/>
            <SP HPOS="433" ID="SP_283.18.5.4" VPOS="2319" WIDTH="11"/>
            <String CONTENT="developed." HEIGHT="45" HPOS="444" ID="ST_283.18.5.5" STYLEREFS="Style_3" VPOS="2319" WIDTH="198" WC="0.96" CC="0000000000" TAGREFS=""/>
            <SP HPOS="642" ID="SP_283.18.5.6" VPOS="2348" WIDTH="29"/>
            <String CONTENT="." HEIGHT="7" HPOS="671" ID="ST_283.18.5.7" STYLEREFS="Style_3" VPOS="2348" WIDTH="6" WC="1.00" CC="9" TAGREFS=""/>
            <SP HPOS="677" ID="SP_283.18.5.8" VPOS="2348" WIDTH="28"/>
            <String CONTENT="." HEIGHT="7" HPOS="705" ID="ST_283.18.5.9" STYLEREFS="Style_3" VPOS="2348" WIDTH="7" WC="1.00" CC="9" TAGREFS=""/>
            <SP HPOS="712" ID="SP_283.18.5.10" VPOS="2348" WIDTH="28"/>
            <String CONTENT="." HEIGHT="7" HPOS="740" ID="ST_283.18.5.11" STYLEREFS="Style_3" VPOS="2348" WIDTH="6" WC="1.00" CC="9" TAGREFS=""/>
            <SP HPOS="746" ID="SP_283.18.5.12" VPOS="2321" WIDTH="15"/>
            <String CONTENT="My" HEIGHT="43" HPOS="761" ID="ST_283.18.5.13" STYLEREFS="Style_3" VPOS="2321" WIDTH="65" WC="0.89" CC="00" TAGREFS=""/>
            <SP HPOS="826" ID="SP_283.18.5.14" VPOS="2321" WIDTH="11"/>
            <String CONTENT="opinion" HEIGHT="44" HPOS="837" ID="ST_283.18.5.15" STYLEREFS="Style_3" VPOS="2321" WIDTH="140" WC="0.86" CC="0000000" TAGREFS=""/>
            <SP HPOS="977" ID="SP_283.18.5.16" VPOS="2321" WIDTH="12"/>
            <String CONTENT="of" HEIGHT="34" HPOS="989" ID="ST_283.18.5.17" STYLEREFS="Style_3" VPOS="2321" WIDTH="40" WC="1.00" CC="00" TAGREFS=""/>
            <SP HPOS="1029" ID="SP_283.18.5.18" VPOS="2322" WIDTH="9"/>
            <String CONTENT="Mr." HEIGHT="34" HPOS="1038" ID="ST_283.18.5.19" STYLEREFS="Style_3" VPOS="2322" WIDTH="71" WC="1.00" CC="000" TAGREFS=""/>
            <SP HPOS="1109" ID="SP_283.18.5.20" VPOS="2322" WIDTH="14"/>
            <String CONTENT="Goodrum’s" HEIGHT="34" HPOS="1123" ID="ST_283.18.5.21" STYLEREFS="Style_3" VPOS="2322" WIDTH="210" WC="1.00" CC="000000000" TAGREFS=""/>
          </TextLine>
          <TextLine HEIGHT="46" HPOS="116" ID="TL_283.18.6" VPOS="2369" WIDTH="1217">
            <String CONTENT="testimony" HEIGHT="44" HPOS="116" ID="ST_283.18.6.1" STYLEREFS="Style_3" VPOS="2369" WIDTH="187" WC="0.93" CC="000000000" TAGREFS=""/>
            <SP HPOS="303" ID="SP_283.18.6.2" VPOS="2369" WIDTH="16"/>
            <String CONTENT="does" HEIGHT="35" HPOS="319" ID="ST_283.18.6.3" STYLEREFS="Style_3" VPOS="2369" WIDTH="82" WC="1.00" CC="0000" TAGREFS=""/>
            <SP HPOS="401" ID="SP_283.18.6.4" VPOS="2375" WIDTH="16"/>
            <String CONTENT="not" HEIGHT="29" HPOS="417" ID="ST_283.18.6.5" STYLEREFS="Style_3" VPOS="2375" WIDTH="60" WC="0.82" CC="000" TAGREFS=""/>
            <SP HPOS="477" ID="SP_283.18.6.6" VPOS="2375" WIDTH="16"/>
            <String CONTENT="negate" HEIGHT="38" HPOS="493" ID="ST_283.18.6.7" STYLEREFS="Style_3" VPOS="2375" WIDTH="126" WC="0.93" CC="000000" TAGREFS=""/>
            <SP HPOS="619" ID="SP_283.18.6.8" VPOS="2370" WIDTH="15"/>
            <String CONTENT="culpability" HEIGHT="45" HPOS="634" ID="ST_283.18.6.9" STYLEREFS="Style_3" VPOS="2370" WIDTH="204" WC="0.94" CC="00000000000" TAGREFS=""/>
            <SP HPOS="838" ID="SP_283.18.6.10" VPOS="2370" WIDTH="15"/>
            <String CONTENT="of" HEIGHT="35" HPOS="853" ID="ST_283.18.6.11" STYLEREFS="Style_3" VPOS="2370" WIDTH="40" WC="1.00" CC="00" TAGREFS=""/>
            <SP HPOS="893" ID="SP_283.18.6.12" VPOS="2372" WIDTH="14"/>
            <String CONTENT="Mr." HEIGHT="34" HPOS="907" ID="ST_283.18.6.13" STYLEREFS="Style_3" VPOS="2372" WIDTH="70" WC="1.00" CC="000" TAGREFS=""/>
            <SP HPOS="977" ID="SP_283.18.6.14" VPOS="2372" WIDTH="19"/>
            <String CONTENT="Russell" HEIGHT="34" HPOS="996" ID="ST_283.18.6.15" STYLEREFS="Style_3" VPOS="2372" WIDTH="137" WC="0.85" CC="0000000" TAGREFS=""/>
            <SP HPOS="1133" ID="SP_283.18.6.16" VPOS="2372" WIDTH="16"/>
            <String CONTENT="absent" HEIGHT="34" HPOS="1149" ID="ST_283.18.6.17" STYLEREFS="Style_3" VPOS="2372" WIDTH="123" WC="1.00" CC="000000" TAGREFS=""/>
            <SP HPOS="1272" ID="SP_283.18.6.18" VPOS="2383" WIDTH="16"/>
            <String CONTENT="an" HEIGHT="23" HPOS="1288" ID="ST_283.18.6.19" STYLEREFS="Style_3" VPOS="2383" WIDTH="45" WC="1.00" CC="00" TAGREFS=""/>
          </TextLine>
          <TextLine HEIGHT="47" HPOS="116" ID="TL_283.18.7" VPOS="2419" WIDTH="1217">
            <String CONTENT="explanation." HEIGHT="44" HPOS="116" ID="ST_283.18.7.1" STYLEREFS="Style_3" VPOS="2419" WIDTH="233" WC="0.92" CC="000000000000" TAGREFS=""/>
            <SP HPOS="349" ID="SP_283.18.7.2" VPOS="2420" WIDTH="14"/>
            <String CONTENT="We" HEIGHT="34" HPOS="363" ID="ST_283.18.7.3" STYLEREFS="Style_3" VPOS="2420" WIDTH="65" WC="1.00" CC="00" TAGREFS=""/>
            <SP HPOS="428" ID="SP_283.18.7.4" VPOS="2420" WIDTH="10"/>
            <String CONTENT="used" HEIGHT="35" HPOS="438" ID="ST_283.18.7.5" STYLEREFS="Style_3" VPOS="2420" WIDTH="85" WC="0.98" CC="0000" TAGREFS=""/>
            <SP HPOS="523" ID="SP_283.18.7.6" VPOS="2426" WIDTH="11"/>
            <String CONTENT="to" HEIGHT="29" HPOS="534" ID="ST_283.18.7.7" STYLEREFS="Style_3" VPOS="2426" WIDTH="36" WC="1.00" CC="00" TAGREFS=""/>
            <SP HPOS="570" ID="SP_283.18.7.8" VPOS="2421" WIDTH="10"/>
            <String CONTENT="call" HEIGHT="34" HPOS="580" ID="ST_283.18.7.9" STYLEREFS="Style_3" VPOS="2421" WIDTH="67" WC="0.95" CC="0000" TAGREFS=""/>
            <SP HPOS="647" ID="SP_283.18.7.10" VPOS="2421" WIDTH="12"/>
            <String CONTENT="it" HEIGHT="34" HPOS="659" ID="ST_283.18.7.11" STYLEREFS="Style_3" VPOS="2421" WIDTH="26" WC="1.00" CC="00" TAGREFS=""/>
            <SP HPOS="685" ID="SP_283.18.7.12" VPOS="2421" WIDTH="11"/>
            <String CONTENT="possession" HEIGHT="44" HPOS="696" ID="ST_283.18.7.13" STYLEREFS="Style_3" VPOS="2421" WIDTH="192" WC="0.94" CC="0000000000" TAGREFS=""/>
            <SP HPOS="888" ID="SP_283.18.7.14" VPOS="2421" WIDTH="11"/>
            <String CONTENT="of" HEIGHT="35" HPOS="899" ID="ST_283.18.7.15" STYLEREFS="Style_3" VPOS="2421" WIDTH="39" WC="1.00" CC="00" TAGREFS=""/>
            <SP HPOS="938" ID="SP_283.18.7.16" VPOS="2422" WIDTH="8"/>
            <String CONTENT="stolen" HEIGHT="34" HPOS="946" ID="ST_283.18.7.17" STYLEREFS="Style_3" VPOS="2422" WIDTH="110" WC="0.95" CC="000000" TAGREFS=""/>
            <SP HPOS="1056" ID="SP_283.18.7.18" VPOS="2427" WIDTH="11"/>
            <String CONTENT="property." HEIGHT="39" HPOS="1067" ID="ST_283.18.7.19" STYLEREFS="Style_3" VPOS="2427" WIDTH="172" WC="0.95" CC="000000000" TAGREFS=""/>
            <SP HPOS="1239" ID="SP_283.18.7.20" VPOS="2422" WIDTH="12"/>
            <String CONTENT="And" HEIGHT="35" HPOS="1251" ID="ST_283.18.7.21" STYLEREFS="Style_3" VPOS="2422" WIDTH="82" WC="0.96" CC="000" TAGREFS=""/>
          </TextLine>
        </TextBlock>
      </PrintSpace>
    </Page>
  </Layout>
</alto>
