1661 2696
124 404 20 23 a
174 393 231 43 psychologist
433 404 37 24 or
499 394 221 44 psychiatrist
749 394 223 44 experienced
1001 395 34 33 in
1064 394 172 44 hypnosis,
1266 395 67 34 and

124 443 233 43 independent
372 443 38 34 of
423 444 109 34 either
548 443 59 34 the
623 449 90 29 state
728 454 37 23 or
780 444 60 34 the
854 444 152 41 defense,
1023 455 80 33 may
1119 445 43 34 be
1177 444 95 41 used;
1288 445 45 34 all

125 493 147 34 sessions
294 499 91 28 must
405 493 43 34 be
468 493 165 35 recorded
655 494 68 34 and
744 493 59 34 the
822 494 79 34 trial
922 499 98 29 court
1040 494 36 34 in
1096 505 20 23 a
1138 494 139 44 pretrial
1297 505 38 24 or

125 542 183 35 chambers
321 542 142 44 hearing
477 548 92 29 must
581 542 121 35 decide
715 553 20 24 a
748 543 145 35 number
906 543 39 35 of
954 543 107 35 issues
1074 543 262 35 determinative

125 592 40 34 of
173 593 154 34 whether
339 593 58 33 the
409 592 147 35 induced
568 593 186 43 testimony
765 593 122 34 should
899 594 43 34 be
953 593 166 41 received,
1132 593 84 35 such
1228 604 37 23 as
1277 594 59 34 the

125 652 164 33 presence
304 641 38 34 of
354 652 79 24 cues
448 653 38 23 or
501 642 215 43 suggestions
732 642 44 43 by
791 643 58 34 the
863 643 186 44 hypnotist.
1065 644 75 33 The
1154 643 131 34 burden
1300 643 38 35 of

126 692 102 43 proof
246 692 28 35 is
294 692 44 43 by
359 692 91 34 clear
471 691 68 36 and
559 692 203 42 convincing
783 692 170 35 evidence.

1267 255 65 33 575

312 769 39 33 In
373 769 86 43 light
480 768 39 35 of
537 769 60 34 the
617 768 238 45 questionable
876 769 178 44 probative
1074 770 101 34 value
1195 769 39 34 of
1252 770 84 34 such

126 818 104 43 proof
238 817 68 36 and
318 818 59 34 the
388 818 85 35 risks
486 818 158 35 inherent
655 819 35 34 in
701 818 59 35 the
771 830 119 23 means
901 820 46 43 by
957 819 113 35 which
1082 820 26 34 it
1119 820 27 34 is
1158 819 177 42 retrieved,

126 879 52 23 we
193 868 99 35 think
308 867 25 35 it
348 868 112 35 would
476 869 43 34 be
534 879 20 23 a
570 869 129 34 serious
716 869 146 35 mistake
877 874 35 30 to
928 868 135 36 further
1078 869 186 35 encumber
1278 870 59 34 the

128 918 141 43 pretrial
284 928 135 34 process
434 919 83 34 with
532 918 59 34 the
605 923 92 39 steps
712 919 153 34 outlined
880 919 34 34 in
928 918 115 35 Hurd.
1061 920 65 33 We
1140 930 102 32 agree
1256 920 81 34 with

127 968 60 34 the
207 973 175 29 comment
402 968 34 34 in
455 968 130 44 People
604 980 30 23 v.
655 968 152 43 Shirley,
827 980 118 33 supra:

253 1045 56 34 On
322 1044 58 35 the
391 1045 98 35 other
501 1045 104 41 hand,
619 1045 26 35 it
657 1046 97 34 takes
766 1045 87 35 little
865 1046 196 44 prescience
1072 1051 36 30 to
1119 1046 132 35 foresee
1262 1047 76 34 that

252 1095 97 34 these
358 1095 67 34 and
435 1095 131 35 related
575 1095 108 35 issues
692 1095 113 35 would
814 1096 139 43 provide
961 1106 20 24 a
991 1096 114 34 fertile
1114 1107 73 24 new
1197 1096 79 34 field
1285 1096 53 35 for

254 1144 180 42 litigation.
459 1145 113 34 There
595 1145 113 34 would
732 1145 74 34 first
829 1145 43 34 be
896 1145 176 35 elaborate
1095 1146 167 34 demands
1286 1146 53 34 for

254 1194 186 44 discovery,
451 1194 147 44 parades
609 1194 39 35 of
656 1200 118 39 expert
784 1195 185 41 witnesses,
981 1195 69 34 and
1061 1195 128 45 special
1199 1196 139 43 pretrial

254 1244 170 43 hearings,
435 1245 46 34 all
491 1244 82 35 with
583 1244 234 35 concomitant
827 1245 117 44 delays
954 1245 69 34 and
1033 1256 157 33 expense.
1201 1246 138 43 Among

254 1294 59 34 the
330 1294 174 43 questions
521 1304 63 24 our
602 1294 79 35 trial
699 1300 114 29 courts
831 1294 112 35 would
961 1295 83 34 then
1063 1295 42 35 be
1122 1295 164 44 expected
1304 1301 35 29 to

255 1354 132 24 answer
405 1355 59 23 are
482 1344 167 35 scientific
668 1345 107 34 issues
793 1355 37 24 so
849 1345 112 35 subtle
979 1356 38 23 as
1036 1350 36 29 to
1090 1345 173 35 confound
1282 1346 59 34 the

255 1398 145 38 experts.
413 1394 104 34 Their
528 1394 186 34 resolution
726 1394 112 34 would
850 1394 34 34 in
896 1400 79 29 turn
986 1400 164 37 generate
1161 1405 20 24 a
1192 1396 148 43 panoply

255 1443 39 34 of
310 1453 73 23 new
401 1444 120 34 claims
541 1443 76 35 that
636 1443 102 35 could
757 1444 42 33 be
817 1444 112 34 raised
948 1454 44 24 on
1011 1445 134 43 appeal,
1165 1444 175 43 including

255 1492 144 34 difficult
426 1492 175 44 questions
629 1492 39 35 of
692 1493 214 43 compliance
933 1493 82 34 with
1044 1494 59 34 the
1131 1494 114 34 clear
1272 1494 68 34 and

254 1542 224 43 convincing
498 1542 168 35 standard
684 1542 39 35 of
738 1542 110 44 proof.
867 1542 82 35 And
968 1542 149 35 because
1134 1543 60 34 the
1212 1543 128 44 hypno-

255 1591 91 35 tized
362 1592 134 43 subject
511 1591 114 35 would
642 1591 195 46 frequently
853 1592 42 35 be
911 1593 59 35 the
984 1593 130 41 victim,
1131 1593 59 35 the
1206 1593 134 44 eyewit-

255 1652 87 30 ness,
360 1652 37 24 or
413 1653 20 23 a
450 1641 131 36 similar
597 1653 121 24 source
734 1641 39 35 of
786 1642 128 35 crucial
930 1642 186 45 testimony
1132 1642 135 43 against
1283 1643 59 34 the

254 1691 200 42 defendant,
466 1703 68 32 any
544 1703 111 24 errors
666 1692 34 35 in
711 1692 113 43 ruling
835 1703 43 24 on
889 1693 59 34 the
958 1692 243 44 admissibility
1211 1693 39 34 of
1257 1694 84 34 such

255 1741 185 44 testimony
458 1741 102 35 could
580 1742 107 43 easily
702 1742 199 43 jeopardize
919 1742 182 35 otherwise
1118 1742 222 44 unimpeach-

256 1791 79 34 able
345 1791 201 43 judgments
560 1791 40 34 of
610 1792 203 34 conviction.
830 1793 39 33 In
884 1803 62 24 our
960 1792 151 44 opinion,
1126 1793 59 34 the
1198 1802 102 33 game
1314 1793 27 34 is

256 1845 60 30 not
335 1841 109 34 worth
464 1841 59 34 the
542 1841 134 35 candle.

405 1917 223 45 Appellants
652 1920 199 42 Testimony
870 1918 201 35 Restricted

224 1996 66 34 We
316 2000 79 30 turn
422 2001 35 29 to
483 1996 205 44 appellants
715 2001 183 38 argument
924 1996 76 35 that
1027 1996 59 35 the
1112 1996 78 35 trial
1216 1997 126 34 courts

132 2045 204 35 limitations
357 2056 43 24 on
421 2046 61 34 her
503 2046 186 44 testimony
710 2057 89 23 were
819 2051 57 30 too
896 2046 200 35 restrictive.
1119 2047 126 34 Courts
1267 2047 76 34 that

131 2094 136 35 decline
290 2101 35 28 to
349 2096 125 42 permit
498 2096 235 43 hypnotically
757 2095 175 35 refreshed
956 2096 186 43 testimony
1166 2107 59 22 are
1248 2096 94 34 often

132 2143 102 35 faced
244 2144 82 34 with
336 2144 59 34 the
405 2144 168 43 difficulty
582 2144 39 34 of
627 2144 138 42 dealing
775 2145 82 33 with
867 2156 20 23 a
897 2145 137 34 witness
1044 2145 77 34 who
1130 2145 62 34 has
1203 2145 140 43 already

131 2193 202 43 undergone
348 2193 172 43 hypnosis.
537 2193 76 34 The
629 2204 147 24 concern
793 2193 134 35 focuses
945 2204 43 23 on
1005 2193 230 43 determining
1252 2194 92 34 what

132 2242 60 34 the
206 2243 138 34 witness
359 2242 101 35 could
475 2243 194 34 remember
683 2242 92 45 prior
790 2248 35 29 to
839 2243 162 44 hypnosis
1016 2243 69 34 and
1100 2243 153 43 insuring
1268 2244 76 34 that

132 2292 60 34 the
201 2292 167 44 opposing
378 2298 100 38 party
487 2297 59 30 not
556 2292 43 35 be
608 2292 162 45 deprived
780 2292 39 35 of
825 2293 59 34 the
893 2293 222 44 opportunity
1125 2293 53 35 for
1188 2293 157 35 effective

132 2342 345 35 cross-examination
488 2343 148 34 because
645 2342 40 35 of
692 2343 58 35 the
760 2343 169 34 influence
938 2342 39 35 of
984 2343 172 44 hypnosis.
1169 2342 135 36 Collins
1312 2354 30 24 v.

132 2392 88 43 Sup.
244 2394 66 38 Ct.,
330 2403 119 33 supra.
