1664 2696
147 431 100 29 court
264 426 109 34 under
392 426 89 35 Rule
499 428 54 33 37.
573 426 91 35 Rule
683 428 54 39 37,
756 426 166 41 however,
940 438 71 23 was
1029 432 59 29 not
1106 427 162 34 intended
1287 438 37 23 as
1342 438 20 24 a

148 476 187 34 substitute
344 476 53 34 for
407 487 20 24 a
437 476 120 44 timely
567 476 131 35 motion
709 476 53 35 for
772 476 137 35 belated
920 477 124 43 appeal
1054 476 186 35 addressed
1249 482 36 29 to
1295 477 67 34 this

148 525 122 35 Court.
285 525 34 35 If
329 526 26 34 it
367 537 88 23 were
467 537 37 23 so
516 526 196 41 construed,
725 537 44 23 an
782 526 177 44 appellant
970 526 103 35 could
1085 527 125 43 simply
1222 527 141 43 by-pass

148 575 60 34 the
227 575 188 44 provisions
435 575 38 35 of
490 575 171 35 Criminal
681 575 194 37 Procedure
895 576 91 34 Rule
1006 577 79 33 36.9
1105 576 112 34 which
1236 587 126 32 govern

148 625 139 34 belated
301 626 139 42 appeals
454 625 35 34 in
502 625 98 34 favor
613 625 39 34 of
662 625 96 43 filing
771 636 20 24 a
805 626 143 43 petition
962 631 169 38 pursuant
1144 631 35 29 to
1193 626 170 34 Criminal

148 674 195 35 Procedure
360 675 90 34 Rule
467 676 54 33 37.
539 675 84 34 This
640 675 114 34 would
771 675 87 34 have
874 675 59 34 the
950 675 104 35 effect
1070 675 40 35 of
1123 675 165 44 doubling
1305 676 59 34 the

148 724 86 34 time
243 724 54 34 for
307 725 197 43 requesting
514 736 20 23 a
544 724 139 35 belated
693 725 124 44 appeal
827 725 94 34 since
930 725 91 34 Rule
1032 727 42 32 37
1086 725 161 44 petitions
1257 725 107 35 based

148 785 44 23 on
202 784 45 24 an
257 774 186 43 allegation
453 773 39 35 of
498 774 197 35 ineffective
703 775 189 34 assistance
900 774 40 35 of
946 775 140 34 counsel
1095 786 82 33 may
1186 776 43 34 be
1238 775 80 35 filed
1327 781 37 29 at

149 824 155 43 anytime
329 824 118 34 within
472 824 176 44 thirty-six
673 824 150 41 months,
848 825 101 34 while
974 825 149 34 motions
1148 825 53 35 for
1226 825 138 35 belated

149 874 125 43 appeal
292 873 109 35 under
420 874 90 35 Rule
529 875 79 34 36.9
627 879 94 30 must
739 874 43 35 be
799 874 80 35 filed
897 875 120 34 within
1036 875 160 44 eighteen
1214 876 149 34 months.

1295 286 65 34 315

243 952 101 34 From
356 963 20 24 a
388 952 121 35 review
521 952 40 35 of
569 953 60 34 the
640 952 120 35 record
772 953 68 35 and
852 953 106 35 briefs
970 953 120 35 before
1100 954 68 34 this
1181 954 120 41 Court,
1313 965 51 24 we

149 1001 71 35 find
247 1002 59 35 the
333 1003 122 43 appeal
482 1008 35 29 to
544 1003 43 34 be
613 1003 145 35 without
785 1003 111 35 merit.
924 1003 245 45 Accordingly,
1196 1004 168 35 counsel’s

150 1052 131 35 motion
299 1058 36 29 to
352 1053 43 35 be
412 1053 148 35 relieved
578 1053 28 35 is
623 1053 147 44 granted
788 1053 68 35 and
874 1054 59 35 the
946 1054 186 44 judgment
1149 1055 28 34 is
1195 1054 167 36 affirmed.

241 1131 180 35 Affirmed.

241 1210 159 40 Purtle,
422 1210 42 40 J.,
485 1215 60 29 not
565 1210 257 44 participating.

285 1489 127 43 Joseph
434 1489 319 36 BUMGARNER
774 1501 27 24 v.
824 1490 152 35 STATE
996 1491 39 34 of
1052 1491 178 35 Arkansas

150 1566 66 34 CR
237 1567 131 34 85-174

1068 1570 66 33 705
1157 1569 142 35 S.W.2d
1324 1571 41 33 10

479 1645 171 44 Supreme
671 1646 110 34 Court
800 1646 40 34 of
856 1646 179 35 Arkansas

415 1694 153 44 Opinion
588 1695 172 35 delivered
782 1696 127 34 March
934 1697 52 40 10,
1012 1697 87 34 1986
