1648 2680
304 258 67 34 390

388 1652 94 36 John
506 1655 46 33 W.
573 1653 125 42 Settle,
719 1653 55 44 by:
794 1655 32 33 J.
848 1653 93 35 Fred
958 1655 102 39 Hart,
1082 1656 63 39 Jr.,
1167 1654 53 35 for
1240 1655 186 43 appellant.

388 1735 104 34 Steve
505 1735 120 41 Clark,
636 1735 100 44 Att’y
747 1735 99 41 Gen.,
859 1735 55 44 by:
929 1735 147 35 Charles
1086 1738 42 32 R.
1141 1738 125 39 Lucas,
1278 1736 54 34 for
1343 1737 164 43 appellee.

389 1816 180 34 Darrell
593 1817 197 40 Hickman,
816 1817 141 34 Justice.

983 1817 74 34 The
1081 1817 158 44 question
1264 1828 44 24 on
1333 1818 123 43 appeal
1481 1818 27 34 is

298 1865 153 35 whether
468 1865 26 35 it
512 1866 27 34 is
557 1866 307 35 unconstitutional
882 1866 53 35 for
953 1866 58 35 the
1029 1872 90 29 state
1136 1872 35 29 to
1188 1878 61 23 use
1266 1878 21 24 a
1303 1867 205 44 videotaped

297 1914 191 44 deposition
502 1915 39 34 of
552 1926 20 24 a
585 1915 93 35 child
691 1916 76 34 who
781 1916 62 34 has
857 1916 87 35 been
957 1916 107 44 raped
1078 1916 69 35 and
1160 1917 81 44 play
1254 1917 26 34 it
1293 1917 54 34 for
1360 1917 58 35 the
1427 1918 81 43 jury

297 1964 116 35 rather
437 1965 85 34 than
546 1965 66 34 call
636 1965 60 34 the
719 1965 92 35 child
836 1977 37 23 as
898 1977 21 23 a
942 1966 137 34 witness
1104 1971 37 30 at
1165 1967 89 34 trial.
1280 1967 75 34 Our
1378 1973 130 29 statute

296 2014 201 43 permitting
509 2015 84 33 such
605 2015 205 43 videotaped
823 2015 209 44 depositions
1044 2016 28 34 is
1085 2016 270 41 constitutional,
1368 2017 68 34 and
1449 2017 59 34 the

296 2075 61 23 use
376 2063 40 35 of
433 2064 59 34 the
510 2064 205 44 videotaped
735 2064 192 44 deposition
948 2065 34 34 in
1002 2065 68 34 this
1090 2076 80 24 case
1189 2077 70 23 was
1279 2076 133 34 proper.

387 2145 126 43 Randy
527 2145 174 35 McGuire
713 2146 28 33 is
754 2146 59 34 the
826 2146 207 43 step-father
1046 2146 40 35 of
1095 2147 60 34 the
1166 2147 129 41 victim,
1309 2158 44 23 an
1371 2149 36 32 11
1425 2158 82 32 year

296 2194 56 34 old
366 2194 75 43 girl.
457 2195 115 34 While
585 2195 61 34 she
659 2195 88 34 lived
761 2195 83 35 with
858 2196 61 34 her
933 2196 135 34 mother
1081 2196 69 34 and
1165 2196 184 41 McGuire,
1363 2197 61 34 she
1436 2208 69 23 was

296 2243 116 44 raped.
428 2244 71 34 She
512 2244 82 34 then
608 2244 122 35 moved
744 2245 35 34 in
793 2245 82 34 with
889 2245 61 34 her
963 2245 262 44 grandparents.
1240 2246 102 34 After
1356 2246 115 43 seeing
1486 2257 20 24 a

295 2293 73 35 film
378 2299 36 29 at
423 2294 116 34 school
549 2305 44 23 on
602 2295 119 34 sexual
730 2295 118 41 abuse,
858 2295 59 34 the
926 2295 92 34 child
1028 2295 72 35 told
1110 2307 20 23 a
1139 2296 185 34 classmate
1332 2295 106 35 about
1447 2296 60 35 the

296 2343 117 35 sexual
423 2343 108 35 abuse
539 2344 61 34 she
609 2344 69 34 had
687 2344 235 44 experienced.
932 2345 75 34 The
1015 2345 186 35 classmate
1209 2345 72 35 told
1290 2346 60 34 her
1359 2346 146 41 mother,

295 2393 77 34 who
387 2393 111 35 called
514 2394 59 34 the
589 2394 145 34 school’s
750 2394 179 44 principal,
946 2395 76 34 who
1038 2395 35 34 in
1089 2400 79 29 turn
1184 2395 111 34 called
1311 2395 59 35 the
1385 2396 120 43 police.
