1659 2703
268 415 86 34 have
376 425 67 32 any
466 414 170 44 money?”
661 414 68 34 and
753 415 14 34 I
790 425 72 33 say,
886 414 92 42 “No,
1003 415 14 34 I
1040 415 45 34 do
1107 418 59 31 not
1188 414 87 35 have
1296 414 60 35 the

268 464 157 43 money,”
455 464 69 34 and
554 465 82 34 then
666 464 43 34 he
738 475 88 33 says,
857 464 120 35 “Then
1007 465 65 34 I’m
1101 469 59 29 not
1188 465 103 43 going
1320 469 36 29 to

268 519 174 39 represent
462 515 102 42 you.”

1286 273 66 34 243

271 596 120 34 Court:
409 595 113 35 When
539 596 54 34 his
609 606 104 23 name
729 595 28 35 is
773 606 45 24 on
834 595 68 34 this
919 595 101 42 book,
1037 595 45 35 he
1097 595 29 35 is
1143 595 102 43 going
1261 601 37 29 to
1313 594 45 35 be

270 645 91 34 here.
378 646 55 33 He
448 645 27 34 is
490 645 104 43 going
609 650 35 29 to
660 645 166 35 function.
842 645 82 34 And
939 645 83 36 both
1037 645 40 35 of
1088 656 67 32 you
1171 645 45 34 all
1231 644 126 45 agreed

270 695 147 34 because
438 695 14 33 I
473 695 106 34 asked
600 705 67 32 you
688 695 66 34 last
774 695 104 34 week.

269 775 208 45 Defendant:
502 776 81 34 And
608 786 66 33 you
698 775 115 35 refuse
835 780 36 29 to
895 776 142 43 appoint
1060 786 57 24 me
1139 787 21 23 a
1183 781 174 38 court-ap-

270 825 139 44 pointed
430 826 180 43 attorney?

273 908 120 34 Court:
412 908 81 40 Yes,
512 907 56 34 sir.
588 907 65 33 I’m
670 912 60 29 not
747 907 102 43 going
866 912 36 29 to
919 907 110 35 throw
1046 918 45 24 an
1109 912 158 39 attorney
1283 918 38 24 or
1338 918 21 23 a

271 956 155 35 member
437 956 40 35 of
486 957 59 34 the
558 958 68 33 Bar
638 957 35 34 in
685 957 82 34 here
778 968 44 24 on
834 961 67 30 two
913 957 85 44 days
1010 957 114 35 notice
1136 962 35 29 to
1183 968 144 33 prepare
1338 968 21 23 a

271 1017 80 24 case
372 1007 83 33 such
478 1018 37 23 as
537 1007 68 34 this
627 1007 99 34 when
748 1018 67 33 you
836 1006 87 35 have
944 1007 69 35 had
1035 1018 45 24 an
1101 1012 169 39 attorney,
1292 1017 67 34 you

271 1056 126 44 agreed
448 1057 77 34 that
575 1056 77 36 that
703 1062 159 39 attorney
912 1057 43 35 be
1006 1057 147 35 relieved
1203 1068 38 24 or
1291 1057 67 35 dis-

272 1106 151 44 charged
423 1106 43 44 —
466 1106 179 44 whatever
670 1107 94 35 word
789 1118 67 34 you
881 1118 81 24 care
986 1107 54 35 for
1064 1128 49 4 —
1137 1107 68 35 and
1230 1108 46 35 let
1301 1107 60 36 the

272 1162 127 30 matter
419 1167 43 33 go
482 1157 123 35 ahead.

239 1240 33 33 A
281 1239 81 43 jury
374 1250 69 23 was
456 1239 204 44 empaneled
672 1239 69 35 and
753 1240 60 34 the
824 1239 79 35 trial
916 1239 113 44 began
1041 1245 67 30 two
1120 1239 85 45 days
1217 1240 87 35 later
1315 1250 44 24 on

148 1288 154 35 October
334 1289 51 40 14,
419 1290 97 34 1981.
547 1289 135 43 During
710 1300 20 24 a
759 1289 140 44 pretrial
927 1289 215 41 conference,
1171 1290 59 34 the
1253 1290 108 43 judge

148 1339 153 34 restated
326 1338 52 36 his
404 1350 139 23 reasons
568 1339 54 35 for
648 1339 153 44 refusing
827 1344 35 29 to
887 1339 143 44 appoint
1055 1350 45 24 an
1125 1344 158 39 attorney
1308 1339 53 35 for

149 1388 187 44 appellant.
352 1389 55 33 He
420 1389 103 34 noted
537 1389 77 35 that
627 1389 59 34 the
699 1389 176 44 appellant
888 1388 69 35 had
971 1388 156 36 retained
1140 1390 139 34 counsel
1292 1388 69 36 and

149 1437 144 35 allowed
319 1437 73 35 him
416 1443 35 29 to
475 1438 180 35 withdraw
680 1438 92 34 from
796 1439 59 34 the
879 1449 90 30 case;
995 1439 60 34 the
1079 1439 175 43 appellant
1279 1439 82 34 then

149 1487 174 44 appeared
334 1487 144 35 without
489 1499 44 23 an
546 1492 159 39 attorney
716 1498 44 24 on
771 1488 60 34 the
840 1487 68 44 day
919 1493 52 29 set
982 1488 54 34 for
1047 1487 80 36 trial
1138 1488 69 34 and
1217 1488 145 35 without

148 1536 127 44 having
286 1536 80 36 filed
376 1548 44 23 an
430 1537 155 43 indigent
595 1537 166 41 affidavit;
772 1536 68 36 and
849 1537 60 34 the
918 1543 99 29 court
1026 1537 187 45 appointed
1222 1537 139 35 counsel

148 1591 37 30 to
195 1597 133 25 answer
336 1586 53 36 his
398 1587 90 43 legal
498 1587 177 44 questions
685 1587 124 44 during
819 1587 59 35 the
886 1587 90 35 trial.
986 1587 76 35 The
1071 1587 176 44 appellant
1256 1587 106 35 asked

149 1637 93 34 what
257 1648 45 24 an
317 1636 154 44 indigent
486 1637 155 35 affidavit
655 1648 70 24 was
741 1637 79 42 and,
835 1647 92 34 upon
942 1637 103 44 being
1059 1637 84 41 told,
1158 1637 105 35 asked
1278 1637 30 36 if
1319 1637 43 35 he

149 1687 102 35 could
265 1688 47 34 fill
326 1698 65 25 one
403 1693 70 29 out.
488 1688 75 35 The
572 1687 109 44 judge
693 1687 114 35 stated
820 1687 76 36 that
909 1687 43 35 he
965 1688 113 35 would
1092 1687 47 35 let
1151 1687 73 36 him
1237 1688 48 35 fill
1297 1699 65 24 one

148 1742 72 36 out,
235 1738 63 34 but
312 1738 76 34 that
402 1737 43 35 he
458 1738 114 34 would
587 1737 68 35 still
670 1738 87 34 have
771 1743 35 30 to
820 1737 146 45 proceed
980 1743 36 30 to
1030 1738 80 35 trial
1123 1738 77 34 that
1213 1738 77 44 day.
1306 1739 56 34 He

149 1787 83 34 then
246 1787 124 35 denied
385 1788 205 43 appellant’s
605 1788 131 34 motion
751 1787 53 35 for
818 1799 20 23 a
853 1788 230 35 continuance
1096 1793 36 29 to
1146 1798 144 34 prepare
1303 1787 59 35 the

149 1847 81 24 case
254 1837 83 34 with
361 1837 90 43 legal
476 1838 200 34 assistance.
703 1837 98 35 Once
825 1848 106 30 more,
957 1837 125 44 during
1106 1837 60 35 the
1189 1838 90 40 trial,
1304 1837 60 35 the

150 1887 178 43 appellant
352 1887 105 34 asked
482 1886 54 36 for
560 1898 21 24 a
606 1886 302 45 court-appointed
933 1887 127 44 lawyer
1084 1887 68 35 and
1177 1887 59 35 the
1256 1887 108 44 judge

150 1936 150 36 refused.

241 2019 50 34 At
305 2019 59 34 the
378 2019 89 33 Rule
482 2020 43 33 37
541 2018 155 43 hearing,
711 2019 59 34 the
783 2019 79 35 trial
872 2018 109 44 judge
994 2018 150 36 testified
1157 2019 77 35 that
1247 2019 44 35 he
1304 2018 59 35 did

150 2073 61 29 not
225 2068 142 44 appoint
381 2079 44 23 an
438 2073 159 39 attorney
611 2068 159 35 because:
785 2069 39 34 “I
838 2068 69 34 had
920 2068 61 35 the
993 2068 141 35 distinct
1147 2068 127 43 feeling
1287 2069 77 34 that

150 2117 69 34 this
233 2128 70 23 was
318 2128 44 23 an
376 2117 101 34 effort
491 2128 38 23 or
543 2117 203 43 subterfuge
759 2128 44 24 on
818 2118 69 34 Mr.
902 2117 183 44 Philyaw’s
1099 2123 78 37 part
1190 2123 36 29 to
1239 2117 125 35 extend

150 2166 61 34 the
223 2166 118 43 period
355 2176 37 24 or
405 2171 35 29 to
452 2166 120 35 obtain
585 2167 240 41 continuance,
839 2166 68 34 and
920 2167 77 34 that
1009 2167 28 34 is
1050 2171 60 30 not
1123 2167 59 34 the
1194 2167 74 34 first
1280 2167 85 34 time

150 2215 78 35 that
243 2216 63 34 has
322 2216 86 34 been
423 2216 89 34 tried
528 2221 35 29 to
579 2216 43 34 be
637 2216 151 43 pulled.”
804 2216 75 35 The
889 2216 109 43 judge
1013 2216 72 35 also
1101 2216 113 34 stated
1229 2216 77 34 that
1321 2215 44 35 he

150 2264 83 36 does
257 2270 60 30 not
341 2265 98 35 know
462 2265 155 35 whether
640 2265 44 35 he
707 2277 78 23 ever
808 2265 159 44 inquired
990 2266 73 35 into
1087 2266 70 34 Mr.
1182 2265 182 45 Philyaw’s

151 2315 164 35 financial
330 2320 110 30 status
454 2321 37 29 to
505 2315 73 35 find
593 2320 60 30 out
667 2315 30 35 if
708 2316 45 34 he
767 2315 102 36 could
884 2315 113 36 afford
1011 2321 36 30 to
1062 2315 75 36 hire
1151 2327 20 23 a
1185 2316 127 44 lawyer
1327 2326 38 23 or

151 2365 155 37 whether
315 2366 44 35 he
367 2365 163 45 provided
540 2366 73 35 him
621 2366 83 35 with
713 2377 45 24 an
768 2365 153 36 affidavit
930 2365 40 36 of
975 2366 194 44 indigency.
1179 2366 74 35 The
1258 2366 108 44 judge

151 2416 115 35 stated
281 2417 77 35 that
372 2416 30 35 if
414 2416 43 35 he
472 2417 69 35 had
556 2416 187 45 appointed
758 2417 139 35 counsel
912 2416 69 36 and
996 2416 190 46 postponed
1201 2417 59 35 the
1274 2427 91 31 case,
