1666 2691
318 413 76 27 own
407 403 136 43 lawyer,
555 402 77 35 who
643 402 124 44 opined
780 401 76 36 that
867 402 59 35 the
936 406 157 31 contract
1104 412 70 24 was
1186 406 57 30 too
1254 400 178 36 indefinite
1442 406 36 30 to
1489 400 43 35 be

319 452 220 36 enforceable
555 452 68 35 and
641 452 76 35 that
734 452 58 34 the
808 452 118 44 option
944 451 68 37 had
1029 451 140 44 expired
1185 451 99 35 when
1300 451 60 35 the
1376 455 156 30 contract

319 513 70 27 was
400 502 208 44 performed.
623 502 104 36 Later
738 512 44 24 on
794 512 96 24 some
901 502 127 42 lawyer
1041 501 146 43 thought
1199 500 40 35 of
1247 511 20 24 a
1280 500 92 35 third
1384 500 147 44 possible

319 562 134 34 escape,
480 551 59 35 the
564 551 73 34 rule
663 551 136 43 against
824 550 233 44 perpetuities.
1084 551 75 33 Not
1184 560 83 24 even
1293 550 59 34 the
1377 550 154 43 lawyers,

320 601 166 39 however,
501 611 78 24 ever
592 599 184 44 suggested
789 599 77 35 that
880 599 118 35 Carr’s
1012 600 100 34 letter
1125 604 36 30 to
1174 599 153 35 Johnson
1341 609 69 24 was
1425 604 59 29 not
1498 599 33 34 in

319 650 215 44 compliance
555 649 81 35 with
658 649 59 35 the
737 654 166 30 contract.
926 649 153 34 Johnson
1101 659 68 24 was
1191 648 118 35 forced
1331 653 35 29 to
1387 648 80 34 take
1487 659 44 23 an

320 700 123 43 appeal
455 704 35 30 to
501 698 68 36 this
580 703 99 31 court
690 704 36 30 to
737 698 164 37 establish
913 698 59 34 the
983 698 141 34 obvious
1135 698 73 36 fact
1219 697 77 35 that
1307 697 59 35 the
1376 702 155 30 contract

320 759 70 26 was
402 748 168 44 perfectly
581 747 100 44 good.
693 748 75 35 The
779 747 121 44 theory
912 747 77 35 that
1000 747 59 35 the
1071 747 89 34 Carr
1172 747 100 34 letter
1284 746 69 35 had
1361 746 73 43 just
1445 746 86 35 been

320 797 68 38 idle
401 798 72 35 talk
484 797 205 44 apparently
700 797 161 35 surfaced
873 797 55 34 for
939 796 59 35 the
1009 797 74 36 first
1095 796 84 35 time
1191 797 34 34 in
1238 796 58 34 the
1307 796 224 34 chancellor’s

320 847 135 35 written
475 846 150 45 opinion,
647 846 90 36 after
757 846 59 37 the
836 846 158 35 reversal.

319 262 67 34 468

412 924 96 37 With
521 925 59 35 the
593 924 211 41 affirmance,
817 924 59 35 the
889 923 127 45 parties
1029 934 60 25 are
1101 923 90 35 back
1202 928 36 30 to
1250 933 126 35 square
1387 933 74 25 one.
1475 923 57 35 On

320 975 59 35 the
390 976 74 35 first
477 975 123 44 appeal
612 985 52 24 we
676 974 79 37 held
768 974 76 35 that
856 974 59 35 the
927 979 157 30 contract
1096 973 28 35 is
1136 974 159 44 personal
1308 979 35 31 to
1355 973 59 35 the
1426 974 105 34 Carrs

320 1025 68 35 and
400 1030 35 30 to
446 1025 59 34 the
515 1025 182 40 Johnsons;
709 1035 38 24 so
757 1024 27 35 it
794 1024 113 35 would
917 1024 186 35 terminate
1113 1035 93 33 upon
1215 1023 61 35 the
1286 1023 105 35 death
1402 1023 39 35 of
1448 1023 84 35 both

321 1074 105 36 Carrs
441 1085 38 25 or
494 1074 83 36 both
593 1074 181 36 Johnsons.
790 1074 99 35 Until
904 1074 76 34 that
994 1074 166 44 happens,
1175 1073 223 44 presumably
1411 1073 59 35 the
1485 1073 47 34 lot

320 1124 67 36 will
398 1124 133 38 remain
540 1129 126 31 vacant
676 1124 69 35 and
755 1124 127 35 useless
893 1129 36 30 to
939 1134 167 33 everyone
1115 1134 44 24 on
1170 1123 110 35 earth.
1292 1123 107 35 What
1409 1122 122 36 should

321 1174 86 37 have
425 1174 87 35 been
530 1185 21 25 a
569 1174 123 44 simple
709 1185 90 29 case,
818 1174 107 43 easily
943 1173 159 45 disposed
1120 1173 55 41 of,,
1186 1174 63 34 has
1268 1172 86 36 been
1373 1184 37 23 so
1428 1172 104 44 badly

321 1224 134 36 messed
468 1234 47 33 up
527 1224 76 35 that
616 1234 84 24 even
713 1224 60 34 the
785 1224 127 43 parties
925 1229 93 29 must
1030 1223 72 35 find
1114 1224 60 34 the
1186 1223 165 35 situation
1365 1222 166 38 disheart-

320 1273 113 45 ening.
458 1274 15 34 I
497 1273 113 36 would
634 1284 133 26 reverse
790 1273 68 35 and
882 1278 102 38 grant
1006 1273 60 35 the
1089 1272 205 45 appellant’s
1317 1278 138 38 request
1478 1272 54 35 for

320 1323 139 47 specific
478 1323 250 44 performance.

615 1599 156 35 Barbara
792 1598 119 36 BELL
931 1609 28 23 v.
982 1597 113 37 David
1117 1598 118 35 BELL

322 1676 129 37 85-299

1211 1676 66 34 705
1299 1674 143 37 S.W.2d
1464 1675 62 35 891

647 1752 171 45 Supreme
838 1753 110 34 Court
968 1752 39 35 of
1024 1752 178 36 Arkansas

584 1802 152 44 Opinion
756 1801 172 36 delivered
949 1802 128 36 March
1099 1803 54 40 31,
1178 1802 88 35 1986
