1650 2699
435 432 75 34 well
535 443 38 23 as
598 433 59 33 the
681 432 169 43 Supreme
876 432 110 34 Court
1010 432 39 34 of
1070 433 59 34 the
1154 432 129 35 United
1308 432 128 41 States,
1462 433 62 34 has

435 482 187 43 uniformly
640 481 202 43 recognized
860 482 86 41 that,
965 492 43 23 on
1026 487 147 29 account
1190 482 39 34 of
1242 482 59 34 the
1317 482 207 43 fluctuating

435 531 68 34 and
516 531 179 34 uncertain
707 531 116 35 values
835 530 39 35 of
883 531 45 34 oil
941 530 67 36 and
1020 541 61 33 gas
1093 531 110 41 lands,
1216 531 127 44 parties
1355 531 169 44 asserting

435 581 75 34 title
519 580 134 35 thereto
663 586 92 29 must
764 586 57 30 act
830 591 97 24 more
935 581 174 44 promptly
1118 581 84 34 than
1212 581 35 35 in
1256 580 162 45 ordinary
1427 591 96 25 cases

434 630 34 35 in
489 630 112 35 which
621 631 59 34 the
699 631 117 34 values
837 631 132 34 remain
990 631 203 43 practically
1213 631 59 35 the
1291 642 106 23 same.

317 292 40 33 14

525 721 52 33 Of
594 731 131 30 course,
747 721 26 34 it
793 722 28 33 is
841 722 138 43 equally
1000 721 216 35 well-settled
1237 722 87 40 that,
1345 722 99 34 when
1465 722 59 34 the

433 770 158 43 question
609 770 40 34 of
663 770 115 35 laches
797 771 27 34 is
843 781 44 23 an
905 771 101 40 issue,
1025 771 59 34 the
1102 771 154 43 plaintiff
1270 771 27 34 is
1316 771 207 43 chargeable

433 820 83 34 with
540 820 85 34 such
648 820 201 44 knowledge
872 831 37 23 as
933 820 44 35 he
999 820 112 43 might
1134 820 88 35 have
1244 820 164 35 obtained
1430 831 93 33 upon

434 870 146 44 inquiry,
591 869 163 45 provided
764 871 58 34 the
831 870 90 35 facts
931 870 141 44 already
1081 871 123 34 known
1214 876 35 29 to
1259 870 72 35 him
1340 881 89 24 were
1438 871 84 34 such

433 931 38 24 as
494 925 35 30 to
551 925 62 39 put
635 921 59 34 the
716 920 85 44 duty
823 920 40 34 of
882 920 136 45 inquiry
1040 932 92 33 upon
1155 932 20 23 a
1198 932 82 24 man
1302 921 40 34 of
1361 920 162 45 ordinary

434 970 227 43 intelligence.

494 1063 103 39 Here,
610 1062 59 34 the
680 1061 104 35 deeds
797 1062 111 34 which
921 1062 187 44 purported
1119 1067 35 29 to
1166 1073 129 33 convey
1307 1063 58 34 the
1376 1062 146 35 mineral

309 1112 159 34 interests
480 1110 109 36 under
602 1112 60 34 the
675 1112 45 34 70
733 1123 96 24 acres
841 1123 91 23 were
944 1112 165 35 recorded
1121 1112 36 34 in
1174 1113 99 34 1965.
1287 1113 49 34 At
1348 1113 77 34 that
1437 1113 86 34 time

309 1172 44 23 no
365 1161 45 35 oil
423 1161 69 35 had
506 1162 86 34 been
605 1161 197 35 discovered
816 1162 34 34 in
863 1162 59 34 the
934 1162 139 43 drilling
1085 1162 85 35 unit.
1185 1163 74 34 The
1271 1162 111 35 initial
1395 1162 45 35 oil
1453 1163 69 34 and

308 1221 61 33 gas
380 1211 108 34 leases
500 1222 88 23 were
599 1211 166 35 executed
776 1212 34 34 in
826 1213 86 33 1968
924 1211 69 35 and
1004 1212 157 34 renewed
1172 1212 34 34 in
1222 1213 98 34 1970.
1332 1213 189 44 Appellant

308 1261 70 34 had
392 1261 116 34 actual
523 1261 68 34 and
605 1262 230 34 constructive
848 1262 114 34 notice
976 1261 38 34 of
1025 1262 97 34 these
1135 1262 120 35 leases.
1270 1263 178 43 Appellee,
1464 1263 59 34 the

308 1321 114 23 owner
433 1310 39 34 of
481 1311 58 34 the
550 1311 152 42 working
714 1310 152 41 interest,
878 1317 99 37 spent
989 1311 96 43 large
1095 1322 94 24 sums
1201 1312 39 34 of
1248 1322 125 33 money
1383 1312 138 43 drilling

308 1359 91 35 from
423 1360 152 34 October
599 1365 35 29 to
659 1361 193 34 December
881 1361 98 34 1971.
1005 1361 208 34 Production
1237 1361 224 35 commenced
1486 1361 34 35 in

308 1409 194 34 December
520 1410 98 33 1971.
634 1410 189 43 Appellant
837 1410 195 43 personally
1046 1410 165 34 observed
1226 1411 59 33 the
1298 1410 149 43 drilling,
1463 1411 59 34 the

308 1457 150 35 erection
471 1458 40 34 of
520 1458 59 34 the
591 1459 112 39 tanks,
717 1458 175 41 batteries,
906 1459 167 43 pumping
1086 1459 103 40 units,
1203 1459 68 35 and
1285 1460 59 33 the
1356 1459 116 44 laying
1485 1460 39 34 of

307 1507 59 34 the
380 1507 175 44 pipelines.
571 1507 90 42 Still,
676 1507 44 35 he
733 1508 137 43 silently
884 1508 98 35 stood
997 1508 45 44 by
1056 1508 69 35 and
1139 1508 104 35 made
1256 1519 44 24 no
1314 1509 104 35 claim
1432 1510 87 34 until

308 1557 193 35 December
521 1558 99 41 1981,
636 1557 149 36 thirteen
801 1569 99 33 years
917 1558 90 36 after
1022 1559 60 34 the
1097 1558 110 35 initial
1223 1559 109 35 leases
1348 1559 69 35 had
1433 1559 87 35 been

307 1607 177 41 executed,
503 1613 58 29 ten
579 1619 99 32 years
696 1608 90 35 after
804 1608 204 44 production
1027 1609 69 34 had
1115 1608 124 44 begun,
1258 1609 69 35 and
1345 1614 57 30 ten
1421 1620 98 32 years

307 1657 90 34 after
417 1657 59 34 the
496 1657 101 35 value
617 1658 39 34 of
673 1658 59 34 the
753 1658 108 35 leases
882 1659 69 34 had
973 1658 242 44 dramatically
1235 1659 188 34 increased.
1445 1659 75 34 The

308 1707 207 34 Chancellor
536 1707 216 44 sagaciously
772 1708 114 35 noted:

431 1799 77 34 Due
536 1803 35 30 to
598 1799 59 34 the
684 1798 86 35 risks
798 1799 154 34 involved
981 1799 34 34 in
1042 1799 59 35 the
1128 1800 214 44 exploration
1369 1800 53 35 for
1449 1800 69 35 and

430 1848 205 43 production
650 1848 38 35 of
700 1849 45 34 oil
761 1849 68 34 and
844 1859 72 32 gas,
933 1850 15 34 I
963 1849 72 35 find
1049 1850 77 34 that
1140 1849 60 35 the
1214 1849 157 35 Plaintiff
1388 1851 129 43 [appel-

430 1898 86 43 lant]
535 1898 123 34 should
673 1899 43 33 be
730 1898 123 35 barred
869 1899 44 43 by
927 1900 59 33 the
999 1899 156 35 doctrine
1169 1899 39 34 of
1218 1899 116 35 laches
1349 1911 37 23 as
1401 1906 35 29 to
1450 1911 69 32 any

429 1947 104 35 claim
562 1953 36 29 at
626 1948 68 34 this
723 1948 84 35 time
835 1953 35 29 to
900 1949 52 34 his
981 1948 170 44 allegedly
1179 1949 164 35 unleased
1371 1949 146 35 mineral

429 1997 152 34 interest.
596 1998 60 33 No
671 1997 108 35 doubt
793 1998 70 35 had
878 1998 204 43 production
1097 1999 123 34 ceased
1235 1998 119 36 before
1368 2000 59 33 the
1441 2000 76 33 well

429 2046 80 44 paid
524 2052 60 29 out
600 2047 58 34 the
673 2047 158 35 Plaintiff
842 2047 168 44 certainly
1025 2048 113 35 would
1153 2049 102 34 make
1269 2059 43 24 no
1327 2049 104 34 claim
1446 2054 35 29 to
1496 2060 20 24 a

428 2097 153 42 working
591 2097 142 34 interest
743 2097 68 34 and
821 2097 101 34 share
932 2098 34 34 in
977 2097 58 34 the
1045 2104 73 28 cost
1127 2098 40 33 of
1173 2098 148 43 drilling,
1332 2099 62 34 but
1403 2099 113 34 would

428 2146 80 43 only
528 2146 81 34 seek
628 2152 164 38 payment
813 2147 53 34 for
886 2147 52 34 his
960 2148 31 34 Vs
1013 2148 144 43 royalty.

303 2237 75 34 The
401 2236 208 35 Chancellor
632 2248 70 24 was
726 2243 142 29 correct.
893 2238 74 35 The
991 2239 176 43 appellant
1190 2239 27 34 is
1241 2239 124 35 barred
1389 2240 44 43 by
1457 2239 59 35 the

303 2286 156 35 doctrine
478 2287 39 34 of
535 2287 126 35 laches.

393 2378 75 34 The
479 2378 208 35 Chancellor
697 2378 227 44 additionally
934 2379 138 44 applied
1083 2380 58 34 the
1151 2380 155 35 doctrine
1315 2380 40 34 of
1362 2381 153 43 estoppel

303 2427 149 35 because
471 2428 177 43 appellant
668 2428 69 34 had
757 2429 174 43 expressly
951 2429 136 35 ratified
1107 2429 60 35 the
1186 2430 119 34 leases.
1327 2430 189 44 Appellant
