1670 2701
266 406 107 34 about
386 406 78 34 that
478 405 62 35 she
552 405 114 35 would
681 406 44 34 be
739 406 153 34 arrested
907 406 30 34 if
948 406 62 34 she
1024 417 100 24 come
1137 417 78 24 over
1230 406 92 35 here.
1338 406 16 34 I

267 455 130 35 believe
406 456 44 34 he
458 466 70 23 was
539 455 71 35 told
620 455 77 35 that
707 455 61 35 she
777 455 113 35 would
900 461 60 30 not
969 455 43 35 be
1022 456 154 34 arrested
1186 455 98 35 when
1294 456 61 34 she

266 516 100 23 came
384 516 78 24 over
480 505 82 34 here
580 505 69 35 and
668 505 181 43 explained
867 505 27 35 it
911 510 36 30 to
965 505 71 35 her.
1056 505 83 35 This
1157 516 70 24 was
1245 506 110 34 either

268 555 91 43 prior
378 560 35 29 to
432 565 38 24 or
489 554 124 44 during
633 555 60 34 the
711 555 85 34 time
814 555 77 35 that
910 555 44 35 he
972 566 70 24 was
1061 555 143 44 talking.
1226 556 15 33 I
1260 555 96 35 don’t

268 605 130 34 believe
414 605 98 34 there
528 615 71 24 was
617 615 20 24 a
655 605 78 34 deal
751 605 103 35 made
871 605 76 35 that
965 605 52 34 his
1035 605 80 35 wife
1132 605 164 35 wouldn’t
1313 606 43 34 be

269 654 163 35 arrested.
445 656 15 33 I
471 654 101 35 think
581 654 60 35 the
651 655 80 43 only
741 655 85 34 time
836 655 77 34 that
923 655 78 35 that
1010 666 71 24 was
1092 655 75 34 said
1179 655 106 35 about
1295 655 61 35 her

269 704 102 43 being
383 704 153 35 arrested
548 715 69 24 was
630 704 77 35 that
718 704 61 35 she
790 704 164 36 wouldn’t
966 704 43 35 be
1021 705 153 34 arrested
1186 704 98 35 when
1296 705 61 34 she

268 764 99 24 come
375 765 79 23 over
463 754 68 34 and
541 754 44 35 he
594 754 181 44 explained
784 755 27 34 it
819 760 36 29 to
864 754 60 35 her
933 765 38 24 or
980 754 118 35 talked
1107 759 36 30 to
1151 755 61 34 her
1221 754 91 44 prior
1320 759 36 29 to

269 804 114 43 giving
403 815 40 23 us
464 814 20 24 a
505 809 197 30 statement.

1284 264 68 35 459

236 911 132 35 Sheriff
377 913 105 34 Ball’s
493 913 187 43 testimony
691 923 44 24 on
746 912 59 35 the
815 913 91 34 issue
917 913 27 35 is
956 912 199 36 abstracted
1166 924 37 24 as
1214 912 142 36 follows:

361 995 15 34 I
397 995 95 35 don’t
514 995 105 35 recall
640 996 120 42 telling
781 995 89 35 Dale
891 996 127 44 Taylor
1038 996 77 35 that
1136 996 30 34 if
1183 996 44 35 he
1247 996 111 35 didn’t

270 1050 183 39 cooperate
465 1045 76 35 that
555 1046 52 34 his
620 1045 80 35 wife
712 1046 101 34 could
826 1046 43 34 be
882 1045 153 36 arrested
1049 1045 68 36 and
1131 1046 75 35 that
1219 1046 140 35 welfare

270 1094 113 36 would
392 1095 79 43 pick
478 1106 47 33 up
534 1095 52 35 his
596 1095 165 35 children.
772 1097 56 34 He
836 1096 106 34 asked
951 1107 40 23 us
1000 1096 107 35 about
1115 1096 53 34 his
1177 1095 79 36 wife
1264 1095 69 36 and
1342 1097 16 33 I

270 1145 73 34 told
358 1145 72 34 him
445 1144 53 36 his
512 1145 82 35 wife
608 1146 102 34 could
725 1145 44 35 be
783 1146 164 35 arrested.
964 1146 16 34 I
995 1146 73 35 told
1083 1146 74 34 him
1170 1157 52 24 we
1236 1146 87 35 have
1338 1157 20 23 a

270 1200 151 29 warrant
430 1195 53 34 for
492 1195 197 43 smuggling
698 1195 215 35 contraband
922 1196 72 34 into
1003 1196 60 34 the
1067 1196 64 43 jail
1140 1196 62 35 but
1211 1207 37 23 as
1257 1196 55 35 far
1321 1206 37 25 as

271 1245 119 42 telling
414 1245 73 34 him
513 1245 76 34 that
614 1244 31 35 if
667 1245 44 34 he
735 1245 110 34 didn’t
870 1250 184 39 cooperate
1079 1245 69 34 and
1173 1246 75 43 give
1273 1257 39 23 us
1338 1256 20 23 a

271 1299 197 36 statement,
481 1305 54 24 no.
549 1295 15 34 I
576 1293 59 36 did
647 1294 87 35 have
746 1305 20 24 a
777 1294 118 35 lawful
906 1300 152 30 warrant
1069 1295 53 35 for
1134 1295 59 35 the
1204 1300 109 30 arrest
1323 1295 40 34 of

271 1343 52 35 his
333 1343 89 35 wife.
434 1345 15 33 I
458 1343 72 36 told
541 1344 73 35 him
623 1344 61 35 she
693 1344 113 35 would
816 1349 59 30 not
884 1344 44 36 be
937 1344 154 36 arrested
1101 1345 76 35 that
1186 1345 68 44 day
1262 1345 31 35 if
1299 1345 61 35 she

271 1404 99 24 come
389 1393 100 35 down
509 1394 109 34 there.
641 1394 71 35 She
731 1393 113 36 would
865 1400 60 29 not
945 1395 44 35 be
1009 1395 154 35 arrested
1183 1395 77 35 that
1280 1395 79 44 day,

271 1444 172 34 whatever
453 1443 68 44 day
532 1444 26 35 it
568 1455 70 23 was
649 1444 77 35 that
736 1444 44 35 he
789 1455 70 24 was
869 1444 134 42 visited,
1013 1444 113 36 which
1137 1445 65 35 I’m
1212 1450 59 30 not
1281 1456 79 24 sure

271 1494 92 35 what
374 1493 68 45 day
452 1494 26 35 it
489 1505 81 24 was.
582 1494 83 35 This
676 1505 71 24 was
758 1494 89 35 after
858 1494 79 35 he’d
948 1494 142 45 already
1100 1494 117 36 talked
1228 1500 35 30 to
1273 1506 40 24 us
1324 1495 35 35 in

271 1544 176 35 reference
457 1550 36 29 to
504 1544 68 34 this
584 1544 129 41 before,
726 1544 72 41 but,
810 1545 93 40 then,
915 1545 44 35 he
969 1555 100 25 come
1078 1545 91 34 back
1178 1545 68 35 and
1257 1544 103 36 made

271 1593 145 35 another
431 1598 198 30 statement.
646 1594 59 44 Up
720 1594 87 34 until
822 1605 51 23 we
888 1594 104 35 made
1007 1595 67 34 this
1091 1600 209 37 agreement,
1316 1596 44 34 he

271 1643 70 34 had
350 1643 118 34 talked
477 1648 37 29 to
523 1654 41 23 us
575 1643 108 34 about
692 1644 37 34 it.
741 1644 15 33 I
767 1643 111 35 didn’t
887 1645 103 33 make
1000 1655 68 33 any
1078 1643 95 35 deals
1182 1644 83 34 with
1275 1645 84 34 him.

272 1693 56 34 He
341 1692 74 34 said
428 1693 44 34 he
484 1692 138 35 wanted
635 1697 36 30 to
684 1692 74 35 talk
770 1698 35 29 to
818 1693 52 34 his
883 1693 80 35 wife
976 1693 119 35 before
1107 1693 44 35 he
1163 1693 117 35 talked
1293 1704 68 33 any

271 1753 96 24 more
377 1742 106 35 about
492 1742 60 35 the
562 1742 109 44 thing,
682 1743 77 35 that
768 1743 44 35 he
821 1743 136 35 wanted
968 1748 35 30 to
1013 1743 137 45 explain
1160 1744 200 44 everything

272 1797 35 30 to
319 1792 71 35 her.
404 1793 15 34 I
431 1792 110 35 didn’t
553 1793 104 35 make
668 1804 68 32 any
748 1793 105 41 deals,
867 1805 37 23 as
916 1793 55 36 far
983 1805 37 23 as
1033 1794 141 43 making
1186 1805 68 33 any
1265 1793 95 36 deals

271 1847 36 30 to
327 1843 102 34 make
449 1854 20 24 a
489 1848 198 30 statement.

238 1925 75 35 The
337 1926 79 34 trial
440 1931 98 30 court
563 1926 130 44 plainly
717 1926 109 35 found
850 1927 76 34 that
950 1926 60 35 the
1033 1927 133 34 officers
1190 1927 103 35 made
1317 1938 44 24 no

146 1975 161 43 promise.
329 1975 74 34 The
422 1975 131 43 finding
574 1975 39 35 of
630 1975 73 35 fact
723 1976 28 33 is
772 1987 37 23 as
829 1975 142 36 follows:

272 2058 75 34 The
359 2057 90 35 issue
460 2068 44 24 on
517 2058 71 35 Mr.
602 2058 127 44 Taylor
741 2058 28 34 is
781 2058 59 35 did
852 2058 59 35 the
923 2059 255 35 conversations
1190 2058 106 36 about
1308 2059 53 35 his

272 2107 80 36 wife
364 2107 67 35 and
444 2107 155 36 children
611 2113 145 30 amount
767 2113 36 30 to
815 2120 20 23 a
847 2109 150 43 promise
1008 2108 76 35 that
1096 2108 44 35 he
1151 2108 106 35 relied
1268 2120 93 33 upon

273 2162 35 30 to
317 2157 76 44 give
403 2158 51 35 his
464 2162 204 31 statements
678 2163 35 30 to
722 2158 138 35 Trellon
871 2159 75 34 Ball
956 2158 69 36 and
1034 2159 59 35 the
1102 2158 100 36 State
1211 2159 123 35 Police.
1346 2159 15 34 I

273 2207 104 36 recall
395 2208 59 35 the
472 2208 158 35 Sheriff’s
649 2208 186 45 testimony
852 2208 76 36 that
946 2208 60 36 the
1023 2209 80 35 wife
1120 2209 69 35 and
1207 2209 154 35 children

272 2268 91 25 were
378 2263 60 29 not
454 2258 199 35 mentioned
670 2258 89 35 until
776 2259 89 35 after
882 2259 71 34 Mr.
970 2259 129 43 Taylor
1114 2259 71 35 had
1201 2259 99 44 given
1317 2270 45 24 an

273 2308 73 34 oral
360 2313 187 29 statement
560 2313 36 30 to
609 2308 97 35 them
718 2308 77 35 that
809 2309 81 43 they
902 2319 90 24 were
1005 2309 133 43 getting
1151 2308 106 44 ready
1270 2314 36 29 to
1318 2319 44 33 go

272 2363 61 29 out
348 2362 36 29 to
397 2358 84 34 view
497 2358 59 34 the
570 2368 102 24 scene
686 2358 114 34 where
814 2359 60 33 the
888 2358 91 44 body
993 2369 70 23 was
1078 2357 109 35 found
1202 2358 68 35 and
1285 2358 77 35 that

273 2417 70 24 was
367 2407 91 42 prior
480 2412 36 28 to
539 2407 73 34 him
634 2407 143 42 making
800 2408 59 33 the
881 2412 187 30 statement
1091 2407 76 34 that
1190 2418 69 23 was
1282 2413 81 38 tape
