1641 2702
1282 289 43 33 43

217 1271 149 39 Hardin,
379 1273 125 33 Jesson
517 1272 31 33 &
561 1272 163 39 Dawson,
735 1271 55 43 by:
802 1271 78 33 Rex
890 1271 52 33 M.
959 1271 115 42 Terry,
1086 1269 53 35 for
1150 1269 186 44 appellant.

217 1342 116 43 Daily,
362 1343 98 38 West,
485 1343 99 38 Core,
610 1342 164 42 Coffman
797 1342 31 34 &
854 1340 170 44 Canfield,
1048 1341 54 43 by:
1130 1342 142 41 Wyman
1292 1342 42 33 R.

130 1392 116 39 Wade,
268 1393 63 39 Jr.,
352 1391 53 35 for
425 1392 155 44 appellee
600 1391 83 43 City
702 1391 39 35 of
760 1392 80 33 Fort
859 1390 126 35 Smith.

218 1465 149 42 Harper,
383 1464 129 42 Young,
523 1462 119 35 Smith
656 1463 31 34 &
700 1464 180 38 Maurras,
891 1462 55 43 by:
956 1462 38 34 S.
1011 1461 136 35 Walton
1157 1462 179 40 Maurras,

127 1513 54 35 for
201 1513 156 44 appellee
377 1512 50 36 St.
449 1512 148 35 Edward
618 1512 125 44 Mercy
764 1511 154 35 Medical
939 1511 139 35 Center.

220 1586 126 34 David
376 1585 208 41 Newbern,
616 1584 142 36 Justice.

789 1584 74 35 The
894 1584 187 44 appellant,
1113 1583 60 35 Dr.
1206 1582 133 36 Harold

128 1636 131 43 Mings,
271 1635 130 44 objects
412 1641 36 30 to
458 1636 60 35 the
528 1646 62 24 use
600 1646 38 24 as
649 1645 21 25 a
681 1635 146 45 parking
838 1635 48 34 lot
896 1634 41 35 of
944 1640 78 38 part
1031 1634 41 35 of
1079 1645 20 24 a
1110 1639 90 30 tract
1210 1633 40 35 of
1257 1633 81 36 land

127 1686 121 35 owned
264 1686 45 43 by
324 1686 59 34 the
398 1686 155 44 appellee
567 1685 52 35 St.
636 1685 149 35 Edward
801 1685 123 43 Mercy
940 1684 155 35 Medical
1111 1684 138 35 Center.
1265 1684 75 35 The

127 1741 91 29 tract
240 1736 28 34 is
290 1746 114 24 across
425 1736 59 34 the
506 1740 105 29 street
633 1734 91 35 from
746 1735 60 34 Dr.
830 1734 129 43 Mings’
982 1735 103 34 home
1106 1733 69 35 and
1196 1733 144 44 directly

128 1785 163 43 adjacent
310 1790 36 29 to
366 1795 20 24 a
405 1790 126 29 vacant
550 1785 48 34 lot
619 1784 44 34 he
681 1795 104 24 owns.
806 1784 61 34 Dr.
889 1783 119 44 Mings
1028 1784 63 34 has
1111 1783 86 34 been
1216 1782 124 36 denied

128 1835 218 43 declaratory
363 1835 68 34 and
447 1834 189 44 injunctive
652 1833 101 36 relief
766 1833 136 44 against
918 1833 59 35 the
993 1833 148 44 hospital
1158 1843 37 24 as
1211 1833 76 34 well
1303 1843 38 24 as

129 1885 189 43 injunctive
341 1884 100 35 relief
462 1885 43 34 he
528 1884 126 43 sought
677 1884 137 44 against
836 1884 59 34 the
918 1884 156 44 appellee
1097 1883 81 43 City
1201 1882 39 35 of
1261 1884 80 33 Fort

129 1935 127 35 Smith.
269 1935 75 34 The
356 1934 103 36 claim
472 1934 137 44 against
621 1934 60 34 the
693 1934 148 44 hospital
853 1934 28 34 is
893 1933 77 35 that
982 1934 60 34 the
1054 1933 149 44 hospital
1215 1932 126 44 agreed

130 1991 60 29 not
206 1991 36 28 to
259 1995 61 24 use
336 1984 59 35 the
411 1984 81 36 land
509 1984 54 35 for
579 1995 20 24 a
617 1984 146 44 parking
779 1984 48 34 lot
844 1983 68 35 and
929 1983 80 35 thus
1025 1983 28 35 is
1071 1982 164 45 estopped
1251 1983 91 34 from

131 2036 104 42 doing
263 2046 47 23 so.
338 2035 74 34 The
438 2035 104 34 claim
569 2034 137 43 against
732 2034 59 34 the
817 2034 70 43 city
913 2033 28 34 is
968 2034 77 34 that
1071 2033 27 34 it
1123 2033 149 34 violated
1299 2033 43 34 its

131 2084 205 44 procedural
346 2085 248 43 requirements
604 2084 35 34 in
648 2084 160 42 allowing
817 2083 59 35 the
884 2083 146 43 parking
1040 2083 48 34 lot
1097 2082 34 34 in
1140 2082 203 34 connection

131 2135 84 33 with
227 2145 20 23 a
259 2133 210 35 conditional
481 2144 61 23 use
553 2133 146 43 granted
711 2144 43 23 on
766 2133 59 34 the
835 2137 90 30 tract
937 2132 35 34 in
983 2132 169 43 question.
1165 2132 66 33 We
1241 2142 103 32 agree

131 2183 83 34 with
226 2183 60 34 the
297 2182 223 35 chancellor’s
531 2182 132 42 finding
674 2182 77 34 that
761 2182 61 33 Dr.
835 2181 131 42 Mings’
978 2181 103 44 proof
1088 2180 40 34 of
1135 2181 153 42 estoppel
1299 2180 45 43 by

131 2244 45 23 an
200 2238 200 37 agreement
422 2232 45 44 by
489 2231 113 35 which
625 2231 60 35 the
707 2231 148 44 hospital
878 2230 173 44 promised
1074 2235 60 29 not
1156 2235 36 29 to
1214 2229 87 35 have
1323 2240 20 24 a

131 2282 148 45 parking
305 2282 48 35 lot
379 2293 43 24 on
448 2282 59 35 the
533 2281 82 35 land
641 2280 60 36 fell
727 2281 105 35 short.
860 2280 65 35 We
951 2281 73 35 also
1050 2290 102 34 agree
1178 2279 82 35 with
1286 2279 59 35 the

132 2333 198 35 chancellor
352 2332 76 36 that
449 2333 59 34 the
530 2332 99 44 city’s
651 2331 149 36 conduct
822 2342 70 24 was
915 2331 34 35 in
972 2336 36 30 at
1030 2331 87 35 least
1139 2330 205 35 substantial

133 2383 217 44 compliance
375 2383 83 35 with
484 2383 43 34 its
554 2381 215 36 ordinances.
796 2382 95 34 Thus
918 2392 52 24 we
996 2381 113 35 affirm
1136 2391 37 24 as
1200 2385 36 29 to
1261 2380 84 35 both

134 2433 183 44 appellees.
