1632 2696
116 422 208 28 assessment
342 416 44 43 by
403 416 58 34 the
478 416 272 34 Commissioner
767 416 136 42 against
920 415 90 35 Gulf
1024 415 58 34 Oil
1100 415 229 44 Corporation

116 465 69 35 and
207 466 84 34 Paul
313 466 139 34 Collum
473 466 223 40 Distributor,
719 466 69 33 Inc.

1265 274 62 33 183

209 530 134 43 During
354 530 59 34 the
427 530 117 34 1970â€™s
555 530 178 43 shortages
744 529 39 35 of
791 529 105 35 diesel
907 529 71 34 fuel
989 528 183 45 prompted
1182 529 147 44 Depart-

117 586 95 28 ment
231 580 39 34 of
287 581 135 43 Energy
441 580 210 43 regulations
670 580 165 42 affecting
854 580 59 34 the
931 579 221 34 distribution
1171 579 39 34 of
1224 578 106 35 diesel

118 630 82 35 fuel.
223 631 51 33 To
296 630 135 43 comply
453 630 83 34 with
559 630 98 34 those
679 630 209 43 regulations
911 629 90 35 Gulf
1020 629 58 35 Oil
1102 629 229 44 Corporation

118 679 159 45 required
301 680 42 34 its
366 679 219 35 distributors
608 685 35 29 to
666 680 61 34 sell
750 679 105 35 diesel
878 679 71 35 fuel
972 679 80 44 only
1075 684 35 30 to
1133 690 198 24 consumers

118 730 141 43 holding
276 741 19 23 a
312 731 229 42 Department
556 729 39 35 of
608 730 136 43 Energy
760 730 194 34 allocation.
971 729 75 35 The
1061 729 271 35 Commissioner

117 780 40 34 of
168 781 164 33 Revenue
345 780 192 34 conducted
552 791 20 23 a
586 785 113 29 motor
712 779 71 35 fuel
797 785 59 29 tax
869 779 98 35 audit
980 779 39 35 of
1030 779 89 35 Gulf
1130 779 53 35 for
1197 779 134 44 periods

118 830 188 43 beginning
318 840 44 24 on
375 830 193 34 December
585 831 133 40 1,1976
732 830 68 34 and
813 829 126 44 ending
953 830 193 34 December
1160 830 170 40 31,1980.

117 880 76 34 The
219 880 114 34 audits
360 880 209 34 established
596 880 77 34 that
699 880 115 34 Gulfs
840 879 213 42 distributor,
1080 880 86 34 Paul
1193 880 139 34 Collum

119 930 224 40 Distributor,
355 931 68 33 Inc.
435 930 69 34 had
513 930 190 34 submitted
714 930 147 34 invoices
871 935 35 29 to
916 929 90 35 Gulf
1012 930 178 43 reflecting
1199 930 88 34 sales
1296 929 40 35 of

119 981 150 39 734,428
281 980 131 43 gallons
422 979 39 35 of
467 979 106 35 diesel
583 979 72 35 fuel
665 980 45 43 by
720 980 140 34 Collum
869 985 35 29 to
914 980 163 34 Coonrod
1087 980 245 35 Construction

119 1030 195 43 Company,
333 1030 81 40 Inc.,
431 1030 112 34 which
561 1029 69 35 had
647 1041 20 23 a
685 1031 229 42 Department
930 1029 40 35 of
984 1031 136 42 Energy
1137 1030 194 34 allocation.

118 1079 75 35 The
209 1079 271 34 Commissioner
495 1079 216 35 determined
726 1080 77 34 that
818 1079 162 35 Coonrod
996 1079 69 35 had
1081 1080 192 43 purchased
1288 1090 44 24 no

120 1129 71 34 fuel
220 1129 90 34 from
339 1129 149 40 Collum,
516 1129 77 34 that
622 1129 140 34 Collum
789 1129 69 34 had
886 1129 73 34 sold
987 1129 60 34 the
1074 1129 71 34 fuel
1172 1134 36 29 to
1235 1129 98 34 other

119 1189 200 24 consumers
332 1178 68 35 and
412 1179 34 33 in
459 1179 43 34 its
515 1184 132 38 reports
660 1184 36 29 to
708 1178 90 35 Gulf
807 1178 69 35 had
889 1178 123 44 falsely
1024 1178 155 35 invoiced
1191 1178 59 35 the
1262 1178 71 35 fuel

119 1233 36 29 to
175 1228 172 34 Coonrod.
367 1228 74 34 The
460 1228 272 34 Commissioner
750 1228 153 34 credited
923 1228 140 34 Collum
1081 1228 83 34 with
1184 1229 149 39 363,116

119 1278 134 43 gallons
269 1277 112 35 which
397 1289 89 23 were
502 1283 60 29 not
578 1278 134 43 subject
728 1283 36 29 to
779 1278 178 34 Arkansas
974 1283 112 29 motor
1102 1277 72 35 fuel
1190 1283 59 29 tax
1265 1277 68 35 and

120 1327 155 35 assessed
289 1338 20 24 a
322 1332 59 30 tax
394 1327 146 44 liability
553 1338 44 24 on
610 1328 60 34 the
683 1327 191 44 remaining
889 1329 150 40 370,312
1053 1327 132 44 gallons
1199 1327 135 44 against

120 1377 91 35 Gulf
225 1377 68 34 and
311 1377 138 35 Collum
467 1377 34 34 in
518 1377 60 35 the
594 1383 145 29 amount
755 1377 39 35 of
809 1378 221 41 $38,882.97,
1047 1377 76 44 plus
1141 1377 141 35 interest
1298 1377 39 35 of

121 1428 198 40 $8,980.06.

212 1492 141 34 Collum
375 1491 68 35 and
465 1491 90 35 Gulf
575 1492 174 43 protested
773 1492 68 34 and
863 1492 99 35 when
984 1492 60 35 the
1067 1492 114 35 Board
1203 1492 39 35 of
1260 1493 74 33 Tax

122 1542 173 42 Hearings
307 1541 68 35 and
386 1542 153 43 Appeals
550 1541 178 35 sustained
739 1542 58 34 the
808 1547 218 36 assessment,
1038 1542 82 44 they
1130 1542 80 34 filed
1221 1542 68 34 suit
1300 1542 34 34 in

120 1592 173 43 chancery
314 1596 98 29 court
432 1597 35 28 to
488 1591 105 34 abate
613 1592 60 34 the
693 1597 69 29 tax.
784 1593 49 33 At
853 1592 59 34 the
933 1592 66 34 end
1020 1591 40 35 of
1078 1592 59 34 the
1157 1591 102 45 proof
1276 1592 59 34 the

120 1641 198 34 chancellor
339 1641 78 34 held
439 1641 76 34 that
536 1641 60 35 the
617 1641 271 35 Commissioner
909 1641 69 35 had
1000 1641 107 35 failed
1128 1646 35 30 to
1184 1641 151 44 produce

120 1691 172 34 sufficient
303 1691 162 34 evidence
475 1696 36 30 to
522 1691 232 35 substantiate
764 1691 59 35 the
834 1692 146 34 number
991 1691 40 35 of
1038 1692 133 43 gallons
1182 1691 39 35 of
1229 1691 106 36 diesel

121 1741 71 35 fuel
208 1741 134 44 subject
357 1747 35 29 to
407 1742 59 34 the
481 1747 209 29 assessment
705 1741 69 36 and
789 1741 144 36 ordered
948 1742 60 35 the
1022 1742 201 35 abatement
1238 1741 39 36 of
1288 1742 46 35 all

120 1797 60 29 tax
190 1791 69 35 and
269 1792 151 34 interest.
431 1792 75 34 The
515 1792 272 35 Commissioner
797 1792 61 35 has
869 1792 179 44 appealed.
1060 1793 65 34 We
1134 1803 133 24 reverse
1276 1792 59 35 the

120 1841 207 35 chancellor.

305 1906 85 34 Ark.
410 1906 89 34 Stat.
520 1907 92 32 Ann.
636 1906 17 42 Â§
676 1907 149 33 84-4721
834 1905 53 43 (b)
912 1906 116 43 (Repl.
1053 1905 104 43 1980)
1179 1905 155 44 provides

120 1955 78 34 that
207 1955 100 34 when
317 1966 44 23 an
372 1955 122 44 appeal
505 1955 28 35 is
543 1956 105 34 taken
659 1955 91 35 from
759 1956 59 34 the
829 1955 113 35 Board
952 1955 39 35 of
998 1956 75 34 Tax
1083 1956 173 43 Hearings
1266 1955 68 35 and

120 2005 155 43 Appeals
294 2005 59 34 the
371 2016 79 24 case
468 2005 68 35 will
555 2005 43 35 be
616 2005 89 35 tried
724 2005 43 35 de
785 2016 86 24 novo
890 2006 34 34 in
943 2006 173 44 chancery
1133 2011 108 30 court.
1261 2006 75 34 The

121 2054 103 44 proof
230 2055 120 34 before
359 2055 59 35 the
427 2055 197 35 chancellor
633 2055 138 35 showed
782 2056 76 34 that
868 2056 140 34 Collum
1018 2061 60 29 not
1087 2056 80 44 only
1176 2055 159 45 reported

121 2104 124 44 falsely
256 2110 36 29 to
303 2105 90 34 Gulf
401 2105 38 34 of
448 2106 88 33 sales
548 2111 36 28 to
596 2105 162 34 Coonrod
770 2106 111 34 which
893 2117 102 23 never
1007 2106 176 40 occurred,
1196 2106 140 34 Collum

121 2154 83 35 then
216 2154 182 44 destroyed
410 2155 42 34 its
465 2166 76 23 own
553 2155 139 34 records
703 2155 39 34 of
751 2155 116 35 actual
879 2155 89 34 sales
979 2160 36 29 to
1027 2155 99 34 other
1137 2166 198 24 consumers

121 2204 150 34 because
288 2204 98 34 those
403 2204 137 34 records
557 2204 59 34 did
634 2210 60 28 not
711 2204 157 35 conform
885 2210 36 29 to
938 2205 59 34 the
1014 2205 163 34 fictitious
1195 2205 88 34 sales
1300 2210 36 29 to

122 2253 173 34 Coonrod.

213 2317 114 34 When
337 2317 59 34 the
406 2317 273 35 Commissioner
688 2317 124 41 rested,
824 2317 89 35 Gulf
920 2317 69 35 and
1000 2318 140 34 Collum
1150 2318 123 34 moved
1282 2318 54 34 for

121 2378 21 23 a
165 2367 178 35 â€œdirected
364 2367 165 41 verdict,â€
553 2367 147 44 arguing
721 2367 77 35 that
820 2367 98 35 there
939 2378 70 24 was
1032 2378 44 24 no
1098 2367 103 45 proof
1220 2367 39 35 of
1278 2368 59 34 the

121 2417 184 44 gallonage
315 2417 165 35 involved.
491 2418 92 34 That
593 2418 132 34 motion
735 2417 122 35 should
868 2423 59 30 not
937 2418 88 35 have
1034 2418 87 34 been
1131 2418 157 43 granted,
1299 2429 37 23 as
