1678 2698
308 407 203 45 appellants’
525 412 169 39 attorney,
708 406 193 41 Crawford,
915 405 113 36 stated
1041 405 76 35 that
1130 405 192 45 appellants
1336 404 134 35 desired
1483 409 35 29 to

307 459 61 34 sell
380 458 88 35 their
478 458 108 34 stock.
597 458 97 43 They
705 457 124 44 simply
840 456 181 45 requested
1033 467 95 24 more
1139 455 223 35 information
1374 455 34 34 in
1419 454 100 35 order

308 514 35 29 to
363 508 190 35 determine
573 507 30 34 if
620 508 59 34 the
699 507 93 43 price
811 517 70 24 was
902 506 76 35 fair.

309 269 65 33 618

491 589 74 33 The
586 588 193 43 appellants
801 592 81 29 next
904 586 148 35 contend
1074 587 77 33 that
1172 586 82 42 they
1275 597 86 31 gave
1383 586 134 33 written

308 638 123 38 notice,
452 648 44 23 on
516 638 88 41 May
624 638 55 38 21,
700 642 36 28 at
760 638 73 32 T.13
855 646 81 32 p.m.
957 635 69 34 and
1045 635 77 34 that
1141 646 20 22 a
1186 635 50 33 IV2
1258 636 86 32 hour
1364 634 101 43 delay
1484 634 34 33 in

307 685 196 43 complying
515 685 83 34 with
609 685 59 34 the
680 689 171 38 statutory
862 684 249 43 requirements
1124 683 122 34 should
1259 688 59 29 not
1329 683 43 34 be
1384 682 87 34 fatal
1482 688 35 27 to

308 735 89 34 their
422 734 157 44 position.
607 734 74 34 The
705 738 194 38 argument,
926 732 30 35 if
978 732 170 40 followed,
1175 732 113 34 would
1313 731 206 44 completely

308 784 137 44 destroy
456 784 59 35 the
525 789 189 39 symmetry
725 783 39 35 of
772 783 58 35 the
841 788 130 30 statute
982 788 36 30 at
1029 782 100 35 issue.
1141 782 75 35 The
1226 786 130 31 statute
1366 781 82 35 does
1459 786 60 29 not

308 835 56 35 aid
381 834 189 44 dissenting
585 833 238 36 shareholders
840 834 110 40 alone,
968 833 61 35 but
1046 834 73 34 also
1133 832 74 35 aids
1224 832 163 44 majority
1402 831 115 36 share­

308 885 136 35 holders
460 884 68 36 and
544 885 59 34 the
618 884 228 44 corporation.
865 884 39 34 In
918 883 174 35 National
1105 882 138 45 Supply
1261 884 60 33 Co.
1338 894 30 23 v.
1386 881 134 36 Leland

306 934 175 44 Stanford
492 936 127 33 Junior
634 936 204 41 University,
859 935 63 33 134
938 933 83 34 F.2d
1037 934 79 39 689,
1132 933 68 35 692
1216 932 77 43 (9th
1309 932 71 35 Cir.
1400 931 116 43 1943),

308 984 59 34 the
386 989 99 29 court
505 983 215 44 sagaciously
740 988 115 30 wrote:

521 1065 74 34 The
618 1069 171 38 statutory
812 1063 218 44 imperatives
1053 1063 39 35 of
1111 1063 120 43 timely
1254 1063 172 43 objection
1450 1062 67 35 and

430 1114 151 35 demand
610 1125 59 24 are
697 1115 59 34 the
783 1125 80 32 very
892 1113 185 35 substance
1105 1112 40 35 of
1169 1113 59 34 the
1256 1112 260 35 consolidation.

431 1164 245 35 Stockholders
690 1175 59 24 are
761 1164 142 34 entitled
917 1169 35 29 to
966 1164 71 43 rely
1050 1174 44 23 on
1107 1163 59 35 the
1179 1168 111 30 status
1303 1162 39 35 of
1352 1162 114 44 things
1480 1173 38 23 as

431 1215 81 42 they
534 1225 128 33 appear
684 1224 44 24 on
750 1214 59 35 the
830 1213 81 35 date
933 1213 39 34 of
990 1213 59 35 the
1070 1213 151 43 meeting
1244 1212 68 35 and
1334 1218 36 29 to
1392 1223 125 32 govern

431 1264 204 35 themselves
648 1263 231 44 accordingly.
892 1263 97 43 They
1001 1263 87 34 have
1100 1263 59 34 the
1171 1262 92 43 right
1275 1268 36 29 to
1323 1262 43 35 be
1378 1261 140 35 advised

431 1313 38 35 of
476 1313 58 34 the
543 1313 146 34 number
698 1313 39 34 of
743 1313 117 34 shares
869 1313 174 42 objecting
1052 1317 36 29 to
1097 1312 58 34 the
1165 1323 145 32 merger,
1320 1313 93 33 since
1421 1312 97 34 these

431 1362 189 42 objections
637 1362 216 34 foreshadow
870 1372 124 32 money
1011 1361 167 34 demands
1196 1366 35 29 to
1248 1362 43 33 be
1307 1360 103 35 made
1426 1371 92 33 upon

431 1412 59 33 the
502 1422 73 23 new
587 1421 181 33 company.
781 1411 75 33 The
868 1416 117 28 extent
996 1410 39 34 of
1045 1410 84 34 such
1142 1409 156 35 foreseen
1310 1409 167 35 demands
1490 1409 27 34 is

431 1460 206 44 necessarily
646 1459 40 35 of
691 1459 170 35 influence
871 1459 81 35 with
962 1458 236 36 stockholders
1207 1459 35 34 in
1252 1459 198 43 appraising
1460 1458 59 35 the

431 1509 143 36 wisdom
587 1510 39 35 of
637 1509 250 35 consolidation
901 1508 69 36 and
984 1509 34 35 in
1033 1509 208 44 persuading
1255 1509 96 34 them
1365 1508 153 35 whether

431 1572 37 24 or
479 1566 59 29 not
547 1560 82 44 they
639 1559 122 36 should
773 1560 203 35 themselves
986 1559 115 44 object
1111 1559 68 35 and
1189 1559 105 35 claim
1305 1558 58 36 the
1373 1558 100 35 value
1482 1558 40 35 of

431 1611 89 35 their
540 1610 168 44 holdings.
728 1610 75 35 The
822 1610 186 44 governing
1029 1609 125 36 boards
1174 1609 39 35 of
1230 1610 59 34 the
1308 1609 211 35 constituent

431 1660 233 44 corporations
674 1665 93 30 must
775 1660 167 43 similarly
951 1660 72 44 rely
1031 1670 44 24 on
1085 1660 59 34 the
1153 1670 162 34 presence
1323 1670 38 24 or
1371 1659 147 35 absence

431 1711 39 34 of
477 1710 206 35 substantial
694 1710 129 34 dissent
834 1710 34 34 in
879 1709 230 44 determining
1120 1710 153 34 whether
1284 1709 59 35 the
1353 1709 166 35 tentative

431 1765 198 38 agreement
649 1759 123 35 should
792 1760 43 34 be
855 1759 152 35 adhered
1027 1764 36 29 to
1083 1770 37 24 or
1141 1759 216 35 abandoned.

306 1842 74 33 The
400 1845 129 30 statute
549 1841 151 43 requires
721 1841 119 43 timely
860 1840 216 44 compliance
1094 1840 83 35 with
1198 1841 43 33 its
1261 1840 74 34 first
1355 1845 85 38 step.

491 1921 133 44 During
641 1921 59 35 the
715 1921 73 35 oral
805 1926 184 38 argument
1005 1920 40 35 of
1058 1921 67 34 this
1141 1931 90 30 case,
1250 1921 58 34 the
1324 1920 192 44 appellants

306 1971 193 34 contended
523 1971 77 34 that
623 1971 75 34 The
721 1971 128 43 Strong
874 1971 194 43 Company,
1094 1971 70 34 Inc.
1190 1971 27 33 is
1243 1982 20 23 a
1287 1970 126 43 closely
1438 1970 79 34 held

306 2020 229 43 corporation,
551 2020 68 34 and
634 2021 97 33 there
745 2030 70 24 was
831 2030 44 24 no
891 2020 71 34 real
977 2020 108 34 doubt
1101 2020 34 33 in
1150 2020 59 34 the
1224 2020 162 43 majority
1401 2020 115 34 share­

307 2069 146 34 holders’
465 2069 112 34 minds
587 2069 76 34 that
672 2069 59 34 the
740 2069 193 44 appellants
943 2068 59 35 did
1012 2075 59 28 not
1080 2075 93 28 want
1182 2074 35 29 to
1227 2069 43 34 be
1279 2069 169 43 squeezed
1457 2073 60 30 out

306 2118 39 34 of
355 2119 58 33 the
425 2118 227 43 corporation.
667 2119 103 33 From
782 2119 87 39 that,
882 2119 81 42 they
976 2129 107 32 argue
1094 2129 51 23 we
1157 2118 122 34 should
1292 2118 71 34 find
1375 2118 141 43 compli­

307 2179 96 23 ance.
421 2168 84 34 This
523 2173 81 38 type
621 2167 39 35 of
675 2172 183 39 argument
876 2178 69 24 was
965 2167 185 35 addressed
1168 2167 35 35 in
1220 2167 104 35 Klein
1339 2178 31 23 v.
1393 2167 126 34 United

310 2218 166 34 Theaters
492 2218 73 40 Co.,
580 2218 45 34 74
638 2217 138 35 N.E.2d
792 2218 66 34 319
875 2217 109 43 (Ohio
1002 2217 117 43 1947),
1134 2217 68 35 and
1216 2216 59 36 the
1288 2222 99 29 court
1400 2222 115 29 wrote:

520 2299 74 34 The
611 2303 183 39 argument
812 2299 27 34 is
858 2298 103 35 made
980 2326 5 7 .
1014 2326 6 7 .
1049 2326 6 6 .
1074 2299 76 34 that
1167 2298 190 35 defendant
1374 2298 28 35 is
1420 2303 59 30 not
1497 2309 20 24 a

431 2349 95 42 large
534 2349 218 43 corporation
762 2349 82 34 with
854 2359 20 23 a
884 2349 143 42 floating
1037 2348 123 44 supply
1169 2348 39 35 of
1215 2348 97 35 stock
1321 2348 35 35 in
1366 2348 150 34 brokers’

431 2409 130 30 names,
586 2425 6 7 .
620 2426 6 7 .
655 2425 6 7 .
685 2398 62 34 but
769 2408 44 24 on
835 2398 60 34 the
917 2403 161 38 contrary
1099 2397 191 35 defendant
1312 2398 27 34 is
1362 2409 20 23 a
1405 2397 111 42 small,
