1640 2688
299 421 93 35 “Mr.
407 421 152 43 Philyaw
572 419 112 35 would
698 420 86 34 have
798 418 177 45 probably,
989 418 34 34 in
1037 418 45 34 all
1096 416 195 42 likelihood,
1305 416 112 35 stated
1431 416 76 34 that

298 472 44 34 he
361 471 69 35 had
451 471 193 35 ineffective
664 470 189 35 assistance
872 468 39 36 of
928 468 173 35 counsel.”

299 282 67 33 244

388 553 74 35 The
484 558 158 38 attorney
663 553 76 33 who
761 563 69 23 was
853 550 185 45 appointed
1061 556 35 29 to
1117 550 101 34 assist
1240 550 58 34 the
1320 549 186 44 appellant,

298 603 148 35 testified
457 603 43 34 he
510 614 70 23 was
591 602 185 44 appointed
787 607 35 29 to
834 601 97 43 “[sit]
947 606 36 29 at
993 600 139 35 counsel
1143 600 94 34 table
1247 599 124 43 during
1382 599 78 34 trial
1471 598 39 35 of

298 653 59 34 the
365 663 80 24 case
454 652 68 34 and
537 652 158 43 [answer]
710 663 67 32 any
786 652 64 33 law
861 651 174 43 questions
1045 650 76 34 that
1131 650 58 34 the
1198 649 189 34 defendant
1397 648 110 43 might

299 703 120 34 have.”

523 784 64 33 We
601 783 87 34 have
703 783 79 42 long
797 781 203 43 recognized
1015 781 77 34 that
1106 780 59 34 the
1179 780 90 34 sixth
1285 779 222 34 amendment

299 839 35 29 to
343 834 59 33 the
411 832 130 36 United
551 833 116 33 States
678 831 234 35 Constitution
922 835 206 38 guarantees
1138 841 44 23 an
1192 829 147 34 accused
1349 829 58 33 the
1416 828 91 43 right

299 888 35 29 to
344 883 87 33 have
441 883 59 33 the
510 882 188 34 assistance
707 881 39 34 of
753 881 139 34 counsel
903 880 53 34 for
967 880 51 34 his
1029 879 151 34 defense.
1191 879 83 34 This
1285 878 223 34 amendment

299 932 27 34 is
337 931 102 34 made
447 931 193 43 obligatory
649 941 92 33 upon
751 930 59 34 the
819 935 106 29 states
935 930 44 42 by
989 930 59 33 the
1057 929 67 34 due
1133 939 136 33 process
1279 928 116 34 clause
1404 927 39 34 of
1449 927 59 34 the

299 980 197 35 fourteenth
518 980 233 35 amendment.
775 979 135 34 Gideon
930 990 30 22 v.
988 978 232 43 Wainwright,
1244 979 67 32 372
1333 977 83 34 U.S.
1441 977 65 33 335

301 1030 137 43 (1963);
453 1029 194 44 Slaughter
663 1031 31 32 &
710 1030 102 33 Scott
825 1040 30 22 v.
871 1029 112 39 State,
1001 1029 67 32 240
1083 1028 85 33 Ark.
1185 1028 80 39 471,
1281 1027 68 33 400
1365 1025 143 35 S.W.2d

300 1081 66 33 267
398 1079 137 43 (1966).
565 1079 133 34 Article
727 1080 32 39 2,
791 1078 17 43 §
843 1079 41 33 10
912 1077 40 35 of
977 1078 59 34 the
1064 1077 178 34 Arkansas
1273 1076 234 36 Constitution

299 1130 208 44 specifically
526 1129 155 44 provides
700 1129 75 34 that
793 1139 44 24 an
856 1127 147 35 accused
1022 1127 34 34 in
1075 1138 20 24 a
1114 1127 158 34 criminal
1290 1126 217 44 prosecution

299 1180 87 35 shall
408 1180 100 44 enjoy
529 1179 59 35 the
609 1179 90 44 right
720 1184 35 30 to
776 1179 43 34 be
840 1178 107 35 heard
968 1178 45 44 by
1034 1177 142 35 himself
1193 1177 69 35 and
1284 1177 52 34 his
1357 1176 149 35 counsel.

299 1233 132 32 Barnes
451 1242 30 23 v.
504 1231 112 39 State,
640 1230 65 34 258
729 1230 84 33 Ark.
839 1230 78 39 565,
942 1229 65 34 528
1031 1228 143 34 S.W.2d
1198 1229 67 33 370
1289 1226 136 44 (1975).
1449 1227 59 34 No

299 1285 161 30 sentence
471 1280 170 42 involving
654 1280 66 33 loss
732 1279 38 34 of
779 1279 124 43 liberty
915 1290 64 23 can
992 1279 43 33 be
1046 1278 154 43 imposed
1212 1278 114 33 where
1337 1277 97 34 there
1446 1277 62 34 has

300 1330 85 34 been
408 1340 20 23 a
450 1329 113 34 denial
586 1328 39 35 of
643 1329 149 34 counsel.
820 1328 111 34 White
951 1339 30 22 v.
1003 1328 113 39 State,
1140 1328 66 33 277
1229 1327 84 34 Ark.
1337 1327 79 39 429,
1440 1327 68 33 642

299 1378 142 35 S.W.2d
455 1379 67 33 304
536 1378 137 42 (1982).
688 1378 253 39 Furthermore,
954 1388 44 23 an
1010 1376 147 35 accused
1169 1377 27 33 is
1209 1375 143 35 entitled
1363 1381 35 29 to
1410 1375 101 34 relief

300 1428 89 34 from
403 1439 20 23 a
436 1428 192 34 conviction
642 1427 178 34 whenever
833 1427 59 34 the
905 1426 223 44 proceedings
1142 1426 151 34 indicate
1305 1426 59 33 the
1377 1425 130 34 unfair­

299 1488 77 24 ness
388 1477 39 34 of
437 1477 78 34 trial
528 1477 144 34 without
685 1477 59 34 the
756 1477 78 43 help
847 1476 39 34 of
896 1487 20 23 a
929 1476 136 43 lawyer.
1079 1477 180 41 McIntyre
1270 1486 30 22 v.
1313 1475 112 40 State,
1440 1475 67 33 242

299 1528 85 33 Ark.
406 1528 79 39 229,
506 1528 68 33 412
594 1526 143 35 S.W.2d
759 1527 65 33 826
848 1525 136 43 (1967).

482 1608 74 34 The
566 1608 91 42 right
668 1613 35 29 to
714 1607 149 40 counsel,
875 1607 142 42 though,
1029 1607 28 33 is
1069 1617 20 23 a
1100 1606 157 43 personal
1268 1606 92 42 right
1370 1605 68 34 and
1450 1605 59 34 the

300 1657 147 35 accused
456 1669 80 31 may
545 1657 194 43 knowingly
748 1656 67 35 and
825 1656 228 43 intelligently
1061 1656 108 33 waive
1177 1655 138 34 counsel
1324 1655 109 34 either
1442 1660 36 29 at
1487 1666 21 22 a

300 1707 140 43 pretrial
458 1712 97 37 stage
573 1717 37 23 or
629 1712 36 28 at
682 1706 59 34 the
759 1706 89 40 trial,
867 1705 160 34 Johnson
1043 1716 30 22 v.
1093 1704 137 41 Zerbst,
1250 1705 67 33 304
1336 1704 82 34 U.S.
1438 1705 67 33 458

302 1755 137 43 (1938);
456 1757 131 32 Barnes
602 1766 30 23 v.
648 1756 111 38 State,
777 1766 120 32 supra,
915 1754 166 40 however,
1099 1765 100 32 every
1215 1753 201 34 reasonable
1432 1764 75 33 pre­

299 1805 174 44 sumption
491 1810 92 29 must
601 1805 42 34 be
660 1804 163 44 indulged
842 1804 136 43 against
996 1804 59 34 the
1071 1804 124 34 waiver
1213 1803 39 35 of
1266 1803 241 34 fundamental

299 1855 258 35 constitutional
566 1855 118 43 rights.
694 1854 170 35 Franklin
875 1856 31 33 &
916 1853 94 35 Reid
1015 1865 31 23 v.
1055 1854 112 40 State,
1178 1855 63 33 251
1254 1854 84 33 Ark.
1349 1854 154 40 223, 471

299 1905 142 35 S.W.2d
462 1906 68 34 760
553 1904 136 44 (1971).

521 1987 112 34 There
653 1998 60 23 are
732 1987 131 34 certain
884 1986 249 43 requirements
1153 1986 76 34 that
1249 1990 93 29 must
1361 1985 43 34 be
1424 1990 82 35 met,

299 2036 118 34 before
432 2047 20 23 a
467 2036 79 34 trial
561 2041 98 29 court
673 2047 65 23 can
753 2036 71 34 find
839 2036 77 34 that
931 2046 44 23 an
990 2035 147 34 accused
1153 2035 61 34 has
1229 2035 194 43 knowingly
1438 2034 69 34 and

299 2086 227 43 intelligently
536 2085 130 35 waived
676 2085 139 35 counsel
826 2085 68 34 and
906 2085 99 34 allow
1016 2085 59 34 the
1084 2084 147 35 accused
1241 2089 36 29 to
1287 2084 146 44 proceed
1439 2094 68 33 pro

298 2147 48 23 se.
360 2137 38 33 In
408 2138 132 32 Barnes
550 2147 30 23 v.
591 2136 111 38 State,
714 2146 120 32 supra,
846 2146 51 23 we
907 2134 150 44 adopted
1068 2145 20 23 a
1099 2139 66 29 test
1176 2133 206 35 enunciated
1393 2134 45 43 by
1448 2133 59 34 the

299 2186 88 33 New
403 2185 97 34 York
515 2185 110 34 Court
640 2185 39 34 of
690 2185 153 43 Appeals
859 2185 35 34 in
909 2184 129 44 People
1051 2195 31 23 v.
1098 2185 189 42 McIntyre,
1304 2184 43 34 36
1363 2183 144 35 N.Y.2d

303 2236 52 39 10,
378 2236 67 33 324
465 2235 137 34 N.E.2d
624 2236 67 33 322
714 2234 123 43 (1974)
860 2234 112 34 which
992 2233 166 44 provides:

422 2317 33 32 A
474 2315 189 35 defendant
681 2316 34 33 in
735 2326 20 23 a
773 2315 158 35 criminal
950 2326 80 23 case
1047 2326 81 32 may
1146 2315 122 34 invoke
1285 2314 60 34 the
1362 2314 92 43 right
1472 2319 36 29 to

422 2365 127 34 defend
562 2376 61 33 pro
635 2376 36 23 se
683 2365 173 44 provided:
872 2364 53 43 (1)
940 2365 59 34 the
1011 2369 137 39 request
1160 2364 28 34 is
1200 2364 226 43 unequivocal
1439 2363 69 35 and

422 2415 120 43 timely
556 2415 163 40 asserted,
736 2414 53 43 (2)
806 2415 97 34 there
917 2415 61 33 has
993 2414 87 34 been
1094 2425 20 23 a
1128 2414 159 43 knowing
1301 2413 69 35 and
1384 2413 123 35 intelli-
