1662 2688
311 407 67 37 406
398 406 83 36 U.S.
503 407 78 40 205,
602 406 129 37 215-16
753 405 136 44 (1972).
909 406 75 34 The
1001 404 267 37 determination
1287 403 39 36 of
1341 404 92 35 what
1453 404 27 34 is
1499 414 19 24 a

310 457 184 45 “religious
510 456 127 39 belief’
654 456 27 35 is
697 467 20 24 a
733 456 147 36 delicate
896 461 127 30 matter
1039 454 67 36 and
1123 460 90 30 state
1228 459 114 30 courts
1359 465 64 24 can
1439 453 80 45 only

310 507 143 38 become
464 506 155 37 involved
631 506 34 35 in
677 506 130 36 church
819 506 153 44 disputes
984 505 98 35 when
1095 505 158 35 “neutral
1265 504 205 47 principles”
1483 503 39 36 of

310 557 65 34 law
389 568 65 25 can
469 557 43 34 be
526 556 138 45 applied
678 561 36 31 to
728 556 129 35 resolve
871 556 59 34 the
944 556 146 43 dispute.
1105 555 167 43 Synanon
1285 554 231 39 Foundation,

310 608 68 34 Inc.
400 618 30 23 v.
453 606 208 43 California,
682 606 69 34 444
772 605 83 36 U.S.
880 606 87 34 1307
991 604 137 44 (1979).

310 268 66 35 428

499 682 179 43 Although
702 687 115 30 courts
841 682 87 35 have
951 692 44 24 no
1018 691 114 34 power
1156 686 35 32 to
1214 680 121 35 decide
1359 680 159 43 religious

309 733 186 44 questions,
524 733 76 34 that
627 731 82 35 does
737 737 59 30 not
824 742 101 24 mean
953 731 77 35 that
1057 736 115 29 courts
1199 730 68 35 will
1295 736 60 29 not
1382 740 137 24 assume

307 782 217 45 jurisdiction
540 793 79 25 over
634 781 160 43 religious
811 781 221 35 institutions.
1049 781 200 43 “Religious
1265 780 253 43 organizations

309 831 45 36 do
365 832 87 35 have
463 832 168 44 temporal
642 831 109 43 rights
762 831 69 35 and
842 831 112 34 duties
967 831 81 35 with
1060 836 133 38 respect
1204 836 36 28 to
1250 830 188 44 properties
1450 829 67 35 and

309 886 173 33 contracts
494 880 111 35 which
616 885 115 29 courts
743 881 67 33 will
822 881 180 41 recognize
1013 879 68 35 and
1093 880 158 34 enforce.
1279 906 6 7 .
1313 906 7 7 .
1333 880 92 42 Only
1436 878 81 34 with

310 935 133 38 respect
453 935 36 28 to
499 929 96 35 these
605 929 247 43 temporalities
862 929 123 34 should
995 933 115 29 courts
1121 928 180 43 recognize
1310 928 90 42 legal
1410 927 108 43 rights

310 978 69 34 and
393 978 112 35 duties
519 978 68 34 and
602 977 235 36 enforcement
851 988 38 23 as
904 977 132 35 limited
1050 982 36 29 to
1100 977 230 42 nonreligious
1344 976 173 44 policies.”

310 1029 130 33 Mount
448 1029 92 33 Zion
548 1029 140 42 Baptist
699 1026 139 35 Church
849 1032 34 29 et
892 1025 46 36 al.
949 1038 30 23 v.
989 1026 142 35 Second
1137 1028 140 42 Baptist
1288 1025 150 41 Church,
1451 1026 67 33 432

310 1077 84 39 P.2d
416 1078 65 34 328
505 1076 104 43 (Nev.
635 1075 117 43 1967).

401 1153 185 37 Louisiana
604 1158 116 32 courts
738 1154 87 35 have
842 1152 201 36 considered
1061 1153 68 35 this
1147 1153 157 44 question
1323 1152 69 36 and
1410 1151 108 38 found

310 1204 76 36 that
403 1204 151 35 lawsuits
571 1215 65 24 can
653 1204 43 35 be
712 1203 213 36 maintained
942 1203 136 44 against
1094 1203 240 45 incorporated
1350 1202 167 36 churches

310 1253 53 36 for
375 1254 235 37 enforcement
621 1254 40 35 of
670 1265 20 23 a
702 1254 116 43 voting
831 1254 183 35 member’s
1026 1258 171 39 statutory
1209 1253 91 43 right
1312 1258 36 30 to
1360 1253 158 35 examine

310 1304 58 34 the
380 1303 136 36 records
527 1304 39 34 of
575 1304 59 37 the
644 1303 227 45 corporation.
884 1305 193 42 Bourgeois
1086 1314 31 22 v.
1129 1302 190 40 Landrum,
1333 1304 66 33 396
1411 1302 107 35 So.2d

314 1354 86 34 1275
414 1353 78 42 (La.
509 1352 117 43 1981);
641 1352 233 36 Wilkerson v.
886 1354 160 39 Battiste,
1060 1353 65 33 393
1138 1351 106 36 So.2d
1259 1353 63 33 195
1336 1352 78 43 (La.
1426 1352 90 43 App.

314 1402 117 43 1980),
449 1401 186 45 rehearing
650 1401 134 36 denied.
805 1402 39 35 In
862 1412 37 24 so
917 1401 151 44 holding,
1087 1401 59 36 the
1164 1401 186 35 Louisiana
1368 1406 97 30 court
1484 1401 34 34 in

308 1453 204 43 Bourgeois,
532 1451 105 40 relied
656 1462 44 24 on
718 1452 59 35 the
795 1451 73 35 fact
886 1451 77 35 that
977 1451 145 43 judicial
1141 1451 236 35 enforcement
1395 1450 39 35 of
1449 1450 68 35 this

309 1501 92 44 right
427 1501 59 35 did
513 1507 59 31 not
599 1502 161 42 entangle
785 1501 78 35 civil
890 1507 115 29 courts
1031 1501 35 34 in
1093 1501 174 43 questions
1294 1501 40 34 of
1357 1501 160 42 religious

309 1550 166 41 doctrine,
496 1551 107 45 polity
622 1561 38 25 or
680 1551 161 43 practice.
862 1551 74 34 The
956 1556 98 29 court
1074 1550 267 43 acknowledged
1360 1551 87 34 that:

435 1627 87 35 First
545 1626 235 36 Amendment
801 1627 117 37 values
942 1638 60 23 are
1024 1627 130 44 plainly
1173 1626 223 44 jeopardized
1419 1627 97 35 when

432 1677 130 34 church
573 1681 160 40 property
742 1676 189 44 litigation.
960 1704 6 7 .
994 1704 6 6 .
1012 1681 79 30 turn
1098 1676 42 43 [s]
1155 1687 44 24 on
1208 1676 60 34 the
1277 1676 185 35 resolution
1473 1676 44 43 by

432 1726 78 35 civil
531 1731 114 30 courts
667 1725 39 35 of
724 1725 245 37 controversies
990 1737 79 23 over
1091 1726 160 43 religious
1273 1725 155 36 doctrine
1449 1725 67 35 and

433 1776 161 44 practice.
621 1803 7 8 .
656 1803 6 7 .
690 1776 91 35 .The
791 1776 89 36 First
889 1776 236 35 Amendment
1134 1775 173 36 therefore
1315 1774 202 40 commands

431 1825 77 36 civil
530 1831 114 32 courts
666 1831 36 29 to
722 1825 121 36 decide
864 1825 130 36 church
1016 1831 162 39 property
1198 1825 153 45 disputes
1372 1825 144 36 without

432 1875 167 45 resolving
614 1875 204 45 underlying
833 1875 246 36 controversies
1093 1886 80 25 over
1188 1875 160 43 religious
1362 1875 155 35 doctrine

434 1953 6 7 .
468 1953 6 7 .
502 1952 7 8 .
533 1925 83 39 This
639 1925 166 45 principle
828 1925 131 45 applies
981 1925 83 35 with
1088 1926 101 44 equal
1212 1925 95 35 force
1329 1931 35 30 to
1387 1925 129 35 church

432 1975 152 44 disputes
604 1986 79 24 over
703 1975 130 36 church
854 1975 107 44 polity
981 1975 68 35 and
1069 1975 130 35 church
1220 1975 287 35 administration.

498 2052 104 40 Here,
615 2051 192 44 appellants
819 2056 110 30 assert
940 2052 59 34 the
1009 2062 81 33 very
1102 2051 257 43 entanglement
1371 2051 34 34 in
1416 2061 99 34 ques­

308 2100 89 37 tions
418 2100 39 36 of
476 2100 160 45 religious
657 2100 155 36 doctrine
833 2101 77 35 that
931 2101 59 35 the
1010 2105 99 31 court
1130 2100 108 35 found
1260 2100 121 36 absent
1402 2101 34 34 in
1457 2100 60 35 the

309 2151 185 35 Louisiana
507 2161 106 25 cases.
626 2150 105 37 Their
742 2151 104 36 claim
858 2150 40 35 of
906 2150 74 36 first
992 2150 224 35 amendment
1228 2151 190 43 protection
1430 2155 85 30 rests

307 2210 44 25 on
370 2201 59 34 the
445 2200 73 37 fact
536 2201 75 35 that
629 2200 109 37 under
756 2200 141 35 Church
916 2201 39 34 of
970 2200 118 35 Christ
1106 2201 165 40 doctrine,
1290 2200 59 35 the
1366 2200 149 35 decision

308 2250 152 35 whether
477 2255 36 29 to
529 2250 145 37 disclose
689 2250 130 35 church
836 2250 162 35 financial
1016 2249 224 36 information
1257 2255 85 30 rests
1358 2250 82 35 with
1457 2250 59 34 the

308 2299 120 35 elders.
443 2299 139 44 Clearly
594 2299 67 37 this
674 2299 149 37 reliance
834 2310 45 24 on
891 2299 130 35 church
1033 2299 156 35 doctrine
1200 2299 28 35 is
1237 2299 222 44 jeopardized
1471 2299 45 43 by

308 2348 59 36 the
375 2354 181 39 corporate
565 2354 110 33 status
684 2348 40 37 of
730 2349 59 35 the
797 2349 141 38 church.
949 2349 180 43 Although
1139 2349 59 35 the
1207 2348 79 35 trial
1292 2348 107 44 judge
1409 2348 107 35 found

308 2398 76 36 that
398 2404 181 39 corporate
594 2399 66 35 law
675 2399 68 35 and
759 2404 60 30 not
834 2399 161 43 religious
1011 2398 156 36 doctrine
1181 2398 148 45 applied,
1346 2399 45 34 he
1405 2398 58 35 did
1479 2409 38 24 so
