1656 2688
305 284 66 34 316

397 998 88 35 Chet
504 998 154 44 Dunlap,
679 997 53 35 for
753 998 186 44 appellant.

394 1081 104 34 Steve
510 1080 120 41 Clark,
641 1080 99 43 Att’y
751 1080 100 41 Gen.,
863 1080 55 44 by:
929 1081 141 34 Jerome
1084 1081 35 33 T.
1131 1081 170 41 Kearney,
1312 1081 94 33 Asst.
1417 1080 99 43 Att’y

304 1130 100 40 Gen.,
426 1129 53 35 for
499 1130 165 43 appellee.

395 1212 98 34 Jack
511 1212 119 40 Holt,
647 1212 68 40 Jr.,
732 1211 108 34 Chief
852 1211 141 34 Justice.

1009 1211 189 43 Appellant
1214 1211 80 34 filed
1310 1221 44 24 an
1370 1211 85 34 Ark.
1472 1211 43 34 R.

304 1261 108 34 Crim.
431 1262 35 33 P.
485 1261 90 34 Rule
592 1262 42 33 37
652 1261 129 34 motion
798 1265 36 30 to
849 1266 122 29 vacate
987 1260 52 35 his
1055 1260 109 44 guilty
1181 1260 77 44 plea
1274 1260 69 35 and
1359 1265 157 39 ten-year

303 1316 161 29 sentence
478 1321 44 24 on
537 1322 20 23 a
572 1311 128 43 charge
713 1310 40 35 of
764 1310 90 35 theft
868 1310 45 44 by
927 1310 181 44 receiving,
1125 1310 148 44 alleging
1287 1310 136 35 various
1439 1310 76 44 plea

304 1361 144 43 bargain
490 1366 216 38 agreements
747 1361 82 34 with
870 1361 59 34 the
970 1360 218 45 prosecuting
1229 1366 158 39 attorney
1427 1372 89 23 were

304 1410 183 41 breached;
503 1422 19 23 a
537 1411 209 43 psychiatric
760 1416 114 39 report
889 1411 177 34 favorable
1079 1416 36 29 to
1129 1422 20 23 a
1163 1411 148 44 possible
1325 1410 141 35 defense
1479 1410 40 35 of

304 1461 150 43 insanity
474 1472 69 23 was
564 1461 204 43 suppressed
789 1461 45 43 by
854 1461 59 34 the
933 1461 229 43 prosecution;
1183 1472 20 23 a
1224 1461 120 34 search
1365 1466 150 29 warrant

304 1510 111 34 which
432 1510 150 34 resulted
598 1510 34 34 in
648 1510 52 34 his
717 1516 109 29 arrest
841 1521 70 24 was
927 1510 180 41 defective;
1124 1510 68 35 and
1208 1511 59 34 the
1281 1516 90 29 state
1386 1510 69 35 had
1471 1521 44 24 no

304 1559 162 35 evidence
487 1560 131 43 linking
640 1560 72 34 him
734 1565 36 29 to
791 1560 59 34 the
872 1560 134 43 alleged
1028 1560 133 34 crimes.
1184 1560 75 34 The
1279 1560 144 43 petition
1445 1570 69 24 was

303 1609 134 34 denied.
453 1610 217 43 Appellant’s
684 1609 109 43 single
806 1615 184 38 argument
1004 1609 53 35 for
1071 1610 147 34 reversal
1232 1610 28 34 is
1274 1610 76 34 that
1363 1610 59 34 the
1435 1609 79 35 trial

303 1664 98 29 court
412 1659 97 34 erred
520 1659 34 34 in
565 1664 59 29 not
635 1659 141 43 making
786 1659 139 44 specific
935 1659 148 43 findings
1093 1659 39 35 of
1139 1659 72 35 fact
1221 1659 68 35 and
1299 1659 215 35 conclusions

303 1709 39 34 of
351 1709 75 41 law,
440 1720 37 23 as
489 1709 159 44 required
660 1709 45 43 by
717 1709 90 34 Rule
820 1708 150 44 37.3(a),
982 1709 183 43 regarding
1177 1708 52 35 his
1241 1709 184 43 allegation
1438 1709 77 34 that

304 1759 43 34 he
361 1770 70 23 was
447 1758 123 35 denied
586 1769 116 24 access
718 1764 35 29 to
768 1770 20 23 a
805 1759 209 43 psychiatric
1029 1764 114 38 report
1158 1758 118 35 before
1291 1759 155 43 entering
1462 1759 52 34 his

303 1809 88 42 plea.
413 1809 65 33 We
497 1819 103 32 agree
619 1808 69 34 and
708 1819 133 23 reverse
861 1808 68 34 and
949 1808 144 34 remand
1113 1808 53 34 for
1186 1808 58 34 the
1263 1808 79 34 trial
1361 1813 98 29 court
1478 1813 36 29 to

303 1863 132 28 correct
445 1858 68 33 this
523 1868 103 24 error.
638 1857 223 35 Jurisdiction
871 1858 28 33 is
909 1858 35 33 in
954 1858 67 33 this
1031 1863 99 29 court
1139 1863 167 38 pursuant
1315 1863 36 28 to
1360 1858 84 43 Sup.
1456 1857 56 34 Ct.

304 1907 42 34 R.
369 1906 171 43 29(l)(e).

395 1988 124 35 Before
538 1989 59 34 the
617 1988 212 44 evidentiary
848 1989 143 43 hearing
1011 1999 44 24 on
1075 1989 59 34 the
1153 1989 141 40 motion,
1314 1989 60 34 the
1392 1989 122 34 circuit

303 2043 98 30 court
417 2038 96 35 ruled
529 2039 76 34 that
620 2038 59 35 the
694 2039 121 34 search
830 2044 151 29 warrant
997 2038 185 43 allegation
1197 2049 69 24 was
1282 2043 59 30 not
1356 2049 20 23 a
1392 2049 123 33 proper

304 2088 90 34 Rule
410 2090 42 32 37
469 2088 100 35 issue.
586 2088 74 34 The
675 2093 98 30 court
788 2089 73 34 also
876 2088 113 35 stated
1005 2088 76 35 that
1096 2088 27 35 it
1137 2088 59 34 did
1211 2093 60 29 not
1285 2088 156 34 consider
1456 2088 59 34 the

303 2138 209 43 psychiatric
527 2143 126 39 report,
669 2138 112 34 which
798 2149 69 23 was
883 2138 107 34 based
1005 2148 44 24 on
1065 2149 21 23 a
1102 2138 222 44 preliminary
1339 2138 175 34 examina-

303 2188 72 34 tion
397 2188 118 34 before
536 2188 176 43 appellant
732 2199 70 23 was
824 2193 75 29 sent
920 2193 36 29 to
977 2188 59 34 the
1056 2193 90 29 state
1166 2187 148 44 hospital
1335 2187 54 35 for
1410 2198 19 24 a
1451 2187 63 35 full

303 2238 207 40 evaluation,
531 2243 36 29 to
587 2238 43 34 be
650 2238 224 43 particularly
894 2238 206 43 significant.

393 2320 180 43 Although
585 2320 26 34 it
622 2331 70 23 was
703 2320 59 34 the
772 2318 161 36 declared
944 2320 169 34 intention
1124 2320 40 34 of
1171 2320 59 34 the
1240 2320 80 34 trial
1330 2325 98 29 court
1439 2320 77 34 that

303 2370 59 34 the
376 2370 77 44 plea
468 2370 144 43 bargain
628 2375 216 38 agreements
859 2369 113 35 would
986 2370 44 34 be
1043 2370 59 34 the
1116 2370 80 43 only
1209 2370 91 34 issue
1314 2370 152 34 relevant
1480 2374 36 30 to

303 2420 59 34 the
384 2420 90 34 Rule
497 2421 42 33 37
563 2419 235 44 proceedings,
820 2420 59 34 the
901 2425 98 29 court
1020 2419 185 44 permitted
1228 2419 59 34 the
1308 2419 208 44 psychiatric
