1665 2701
1286 255 67 34 299

235 396 155 34 Barbara
404 397 99 43 Kaye
516 396 153 41 Farmer,
683 396 60 35 the
756 396 165 45 appellee,
935 407 70 24 was
1018 395 209 36 terminated
1239 396 46 43 by
1297 396 60 35 the

143 446 188 44 appellant,
344 447 161 34 Peterson
518 446 199 35 Industries.
730 447 75 34 The
816 457 121 24 reason
949 446 100 43 given
1060 446 45 44 by
1116 447 59 33 the
1186 456 171 34 company

142 506 71 24 was
235 495 77 34 that
335 496 140 34 Farmer
497 495 69 35 had
588 496 87 34 been
698 496 122 34 absent
841 495 54 34 for
916 506 80 24 over
1017 501 68 29 two
1106 496 85 43 days
1212 496 145 34 without

144 545 214 35 notification
377 545 34 35 in
429 545 164 35 violation
611 545 40 35 of
666 546 60 34 the
744 546 112 43 policy
874 550 52 29 set
944 545 94 35 forth
1056 546 35 34 in
1109 546 60 34 the
1186 555 171 34 company

144 594 196 35 handbook.
365 596 48 33 At
436 596 59 34 the
518 595 85 34 time
626 595 39 34 of
686 595 61 35 her
770 596 159 40 absence,
953 595 62 34 she
1037 606 70 24 was
1131 595 226 43 hospitalized

144 645 150 34 because
302 644 40 34 of
348 645 176 43 recurring
534 644 81 44 pain
626 644 91 35 from
727 656 20 23 a
757 644 193 45 previously
959 645 177 34 sustained
1145 645 91 34 back
1244 645 113 43 injury

145 694 53 35 for
224 694 114 34 which
364 694 60 35 she
450 694 70 35 had
546 694 157 35 received
728 694 159 35 workers’
914 695 262 43 compensation
1201 694 156 35 benefits.

147 745 142 34 Farmer
303 744 84 34 sued
400 744 59 35 the
473 744 177 45 appellant
664 744 149 44 alleging
826 744 171 43 wrongful
1010 744 192 43 discharge.
1216 745 50 34 At
1278 744 80 35 trial

145 795 60 33 the
225 793 175 44 following
420 794 204 35 instruction
644 805 70 24 was
735 795 109 43 given:

362 887 34 35 If
410 898 67 34 you
493 887 72 35 find
583 887 77 35 that
677 888 155 35 Barbara
850 888 99 43 Kaye
967 888 142 35 Farmer
1125 898 70 25 was
1212 887 85 36 fired
1314 888 46 44 by

271 938 202 41 Peterson’s,
490 939 83 39 Inc.,
590 937 35 35 in
640 937 110 36 direct
764 938 163 36 violation
943 938 40 35 of
995 938 59 35 the
1069 938 199 44 company’s
1283 949 76 24 own

271 987 139 44 policies
421 998 37 24 or
470 988 53 35 for
533 987 60 35 the
604 999 121 24 reason
736 988 76 35 that
823 988 61 35 she
894 987 69 35 had
974 988 81 35 filed
1065 999 38 24 or
1114 999 69 24 was
1194 988 165 44 pursuing

272 1048 20 24 a
307 1038 173 35 Workers’
495 1038 272 44 Compensation
781 1038 114 41 claim,
909 1038 84 35 then
1006 1049 68 33 you
1087 1038 123 35 should
1223 1038 70 35 find
1307 1038 53 35 for

272 1088 59 34 the
351 1088 161 44 plaintiff,
534 1088 156 35 Barbara
711 1089 99 44 Kaye
830 1089 152 34 Farmer.

147 1182 75 34 The
245 1181 80 35 trial
348 1187 98 29 court
469 1192 86 33 gave
578 1181 60 35 the
661 1182 203 35 instruction
888 1182 149 35 because
1060 1182 39 35 of
1119 1193 62 24 our
1204 1182 156 44 previous

148 1230 207 36 indications
367 1232 76 34 that
454 1243 51 24 we
516 1231 114 35 would
641 1232 158 35 consider
810 1231 193 44 modifying
1014 1243 63 24 our
1089 1232 147 44 position
1247 1243 44 24 on
1302 1232 60 35 the

148 1281 373 43 employment-at-will
537 1281 166 35 doctrine.
720 1282 66 34 See
802 1281 162 36 Gaulden
978 1293 30 23 v.
1024 1284 172 33 Emerson
1210 1281 152 37 Electric

150 1332 73 37 Co.,
238 1341 120 33 supra;
371 1331 156 35 Jackson
538 1342 31 23 v.
583 1331 136 35 Kinark
733 1332 116 43 Corp.,
863 1332 69 33 282
944 1332 86 34 Ark.
1046 1333 78 39 548,
1138 1332 67 34 669
1219 1331 143 35 S.W.2d

150 1381 66 34 898
233 1380 138 42 (1984).
384 1381 74 35 The
467 1381 80 43 jury
560 1381 163 34 returned
737 1392 20 23 a
768 1380 131 35 verdict
912 1380 53 35 for
979 1382 142 33 Farmer
1133 1381 54 34 for
1201 1381 160 40 $10,000.

148 1430 76 34 The
236 1430 176 43 appellant
426 1441 123 32 argues
565 1429 54 43 (1)
634 1430 77 35 that
724 1430 59 35 the
796 1430 204 35 instruction
1014 1442 70 23 was
1097 1441 105 30 error;
1217 1430 53 43 (2)
1286 1430 77 35 that

149 1480 98 34 there
262 1490 70 24 was
349 1479 207 36 insufficient
572 1479 163 36 evidence
750 1485 36 30 to
802 1480 70 35 find
889 1480 77 35 that
983 1481 142 34 Farmer
1140 1491 70 24 was
1226 1480 84 35 fired
1327 1480 35 35 in

148 1529 198 35 retaliation
361 1529 53 35 for
428 1529 166 45 pursuing
608 1541 20 23 a
643 1531 159 34 workers’
818 1531 260 43 compensation
1092 1530 115 41 claim;
1222 1530 68 34 and
1305 1530 54 43 (3)

148 1579 77 35 that
245 1579 60 34 the
324 1579 165 43 damages
509 1590 91 24 were
619 1580 186 43 computed
826 1580 229 43 erroneously.

335 1672 31 33 It
385 1672 28 34 is
433 1672 59 34 the
511 1671 86 43 duty
616 1671 40 35 of
673 1672 59 34 the
752 1672 175 44 appellant
947 1677 36 29 to
1002 1672 135 34 furnish
1157 1683 40 23 us
1216 1672 82 34 with
1318 1683 44 23 an

149 1720 241 43 abridgement
407 1721 39 34 of
460 1721 59 34 the
536 1721 121 34 record
674 1721 170 35 sufficient
861 1726 36 29 to
913 1721 214 35 understand
1144 1721 59 34 the
1219 1726 143 30 matters

149 1769 193 44 presented.
354 1770 101 42 Dyke
464 1769 207 40 Industries,
683 1772 70 32 Inc.
765 1781 30 23 v.
807 1769 159 36 Johnson
979 1771 118 34 Const.
1112 1772 73 38 Co.,
1198 1771 63 33 261
1276 1771 85 34 Ark.

149 1819 80 40 790,
247 1820 63 33 551
330 1819 142 35 S.W.2d
488 1820 67 34 217
574 1818 138 44 (1977);
730 1819 135 36 Collins
878 1830 31 24 v.
924 1821 158 40 Duncan,
1099 1821 67 34 257
1181 1820 85 34 Ark.
1283 1821 79 41 722,

150 1870 68 34 520
242 1869 144 35 S.W.2d
412 1871 65 34 192
503 1869 138 45 (1975).
666 1870 75 35 Our
764 1870 74 36 rule
861 1871 20 34 9
907 1869 54 45 (d)
987 1871 153 44 requires
1163 1870 200 36 affirmance

149 1920 150 36 because
312 1920 60 35 the
385 1921 177 44 appellant
576 1920 106 36 failed
697 1926 35 31 to
747 1921 153 36 abstract
914 1921 60 35 the
987 1922 179 44 employee
1179 1921 185 36 handbook

150 1982 38 23 or
199 1971 43 34 its
252 1971 172 43 objection
435 1977 35 29 to
480 1972 60 34 the
550 1971 205 35 instruction
765 1972 217 43 complained
992 1972 47 41 of,
1051 1972 69 35 and
1130 1972 72 35 also
1212 1971 107 35 failed
1328 1977 36 30 to

150 2021 156 34 abstract
316 2021 104 34 much
430 2021 39 34 of
477 2021 59 34 the
546 2021 186 44 testimony
742 2021 159 44 required
911 2026 36 29 to
958 2022 122 33 review
1090 2022 60 35 the
1159 2021 126 34 second
1296 2022 68 34 and

150 2069 94 35 third
264 2070 112 43 points
397 2070 39 34 of
453 2070 43 34 its
517 2075 194 37 argument.

241 2162 181 35 Affirmed.

241 2255 160 41 Purtle,
423 2256 42 40 J.,
486 2259 60 31 not
566 2255 256 44 participating.
