<?xml version='1.0' encoding='utf-8'?>
<alto xmlns="http://www.loc.gov/standards/alto/ns-v3#">
  <!--Created by Innodata R.E.D. RLI tool: 2017-04-25 06:27:12.715030-->
  <Description>
    <MeasurementUnit>pixel</MeasurementUnit>
    <sourceImageInformation>
      <fileName>32044078577194_00022_1.tif</fileName>
    </sourceImageInformation>
    <OCRProcessing ID="OP_1">
      <ocrProcessingStep>
        <processingStepDescription>Alto coordinates refer to the deskewed TIFF file. 
		To convert point (x, y) to original image (TIFF or JP2) apply transformation matrix T=(m00, m01, m10, m11, b0, b1) using the rule:
			T * (x,y) = (m00 * x + m01 * y + b0), (m10 * x + m11 * y + b1)</processingStepDescription>
        <processingStepSettings>RED.transform=(1.0, -0.0, 0.0, 1.0, 0.0, -0.0)</processingStepSettings>
      </ocrProcessingStep>
    </OCRProcessing>
  </Description>
  <Styles>
    <TextStyle FONTFAMILY="Times New Roman" FONTSIZE="8.50" FONTTYPE="serif" FONTWIDTH="proportional" ID="Style_2"/>
    <TextStyle FONTFAMILY="Times New Roman" FONTSIZE="10.50" FONTTYPE="serif" FONTWIDTH="proportional" ID="Style_5"/>
  </Styles>
  <Tags>
    <StructureTag ID="A7i" LABEL="p"/>
    <StructureTag ID="b44-1" LABEL="pagelabel"/>
    <StructureTag ID="b44-6" LABEL="p"/>
    <StructureTag ID="b44-7" LABEL="name"/>
    <StructureTag ID="b44-8" LABEL="docketnum"/>
    <StructureTag ID="b44-9" LABEL="citation"/>
    <StructureTag ID="b44-10" LABEL="court"/>
    <StructureTag ID="A6B" LABEL="decisiondate"/>
    <StructureTag ID="AMY" LABEL="otherdate"/>
    <RoleTag ID="footnotemark0001" LABEL="footnotemark"/>
    <StructureTag ID="b44-13" LABEL="footnote"/>
  </Tags>
  <Layout>
    <Page HEIGHT="2688" ID="PG_44" PHYSICAL_IMG_NR="44" WIDTH="1632">
      <PrintSpace HEIGHT="2688" HPOS="0" ID="PS_44" VPOS="0" WIDTH="1632">
        <TextBlock HEIGHT="185.0" HPOS="298.0" ID="BL_44.1" TAGREFS="A7i" VPOS="411.0" WIDTH="1212.0">
          <TextLine HEIGHT="45" HPOS="298" ID="TL_44.1.1" VPOS="411" WIDTH="1212">
            <String CONTENT="value" HEIGHT="34" HPOS="298" ID="ST_44.1.1.1" STYLEREFS="Style_5" VPOS="412" WIDTH="101" WC="0.83" CC="00000" TAGREFS=""/>
            <SP HPOS="399" ID="SP_44.1.1.2" VPOS="411" WIDTH="13"/>
            <String CONTENT="derived" HEIGHT="35" HPOS="412" ID="ST_44.1.1.3" STYLEREFS="Style_5" VPOS="411" WIDTH="138" WC="0.90" CC="0000000" TAGREFS=""/>
            <SP HPOS="550" ID="SP_44.1.1.4" VPOS="411" WIDTH="15"/>
            <String CONTENT="from" HEIGHT="35" HPOS="565" ID="ST_44.1.1.5" STYLEREFS="Style_5" VPOS="411" WIDTH="89" WC="1.00" CC="0000" TAGREFS=""/>
            <SP HPOS="654" ID="SP_44.1.1.6" VPOS="412" WIDTH="14"/>
            <String CONTENT="giving" HEIGHT="43" HPOS="668" ID="ST_44.1.1.7" STYLEREFS="Style_5" VPOS="412" WIDTH="114" WC="0.86" CC="000000" TAGREFS=""/>
            <SP HPOS="782" ID="SP_44.1.1.8" VPOS="423" WIDTH="14"/>
            <String CONTENT="away" HEIGHT="33" HPOS="796" ID="ST_44.1.1.9" STYLEREFS="Style_5" VPOS="423" WIDTH="98" WC="1.00" CC="0000" TAGREFS=""/>
            <SP HPOS="894" ID="SP_44.1.1.10" VPOS="412" WIDTH="14"/>
            <String CONTENT="the" HEIGHT="35" HPOS="908" ID="ST_44.1.1.11" STYLEREFS="Style_5" VPOS="412" WIDTH="59" WC="1.00" CC="000" TAGREFS=""/>
            <SP HPOS="967" ID="SP_44.1.1.12" VPOS="413" WIDTH="13"/>
            <String CONTENT="samples" HEIGHT="43" HPOS="980" ID="ST_44.1.1.13" STYLEREFS="Style_5" VPOS="413" WIDTH="149" WC="0.98" CC="0000000" TAGREFS=""/>
            <SP HPOS="1129" ID="SP_44.1.1.14" VPOS="412" WIDTH="14"/>
            <String CONTENT="in" HEIGHT="35" HPOS="1143" ID="ST_44.1.1.15" STYLEREFS="Style_5" VPOS="412" WIDTH="34" WC="0.85" CC="00" TAGREFS=""/>
            <SP HPOS="1177" ID="SP_44.1.1.16" VPOS="412" WIDTH="14"/>
            <String CONTENT="question?" HEIGHT="44" HPOS="1191" ID="ST_44.1.1.17" STYLEREFS="Style_5" VPOS="412" WIDTH="179" WC="0.99" CC="000000099" TAGREFS=""/>
            <SP HPOS="1370" ID="SP_44.1.1.18" VPOS="412" WIDTH="16"/>
            <String CONTENT="Surely" HEIGHT="44" HPOS="1386" ID="ST_44.1.1.19" STYLEREFS="Style_5" VPOS="412" WIDTH="124" WC="0.91" CC="000000" TAGREFS=""/>
          </TextLine>
          <TextLine HEIGHT="35" HPOS="299" ID="TL_44.1.2" VPOS="462" WIDTH="1210">
            <String CONTENT="that" HEIGHT="34" HPOS="299" ID="ST_44.1.2.1" STYLEREFS="Style_5" VPOS="462" WIDTH="76" WC="0.96" CC="0000" TAGREFS=""/>
            <SP HPOS="375" ID="SP_44.1.2.2" VPOS="462" WIDTH="17"/>
            <String CONTENT="value" HEIGHT="34" HPOS="392" ID="ST_44.1.2.3" STYLEREFS="Style_5" VPOS="462" WIDTH="100" WC="0.93" CC="00000" TAGREFS=""/>
            <SP HPOS="492" ID="SP_44.1.2.4" VPOS="462" WIDTH="18"/>
            <String CONTENT="is" HEIGHT="34" HPOS="510" ID="ST_44.1.2.5" STYLEREFS="Style_5" VPOS="462" WIDTH="27" WC="0.89" CC="00" TAGREFS=""/>
            <SP HPOS="537" ID="SP_44.1.2.6" VPOS="467" WIDTH="19"/>
            <String CONTENT="too" HEIGHT="30" HPOS="556" ID="ST_44.1.2.7" STYLEREFS="Style_5" VPOS="467" WIDTH="57" WC="0.98" CC="000" TAGREFS=""/>
            <SP HPOS="613" ID="SP_44.1.2.8" VPOS="462" WIDTH="18"/>
            <String CONTENT="nebulous" HEIGHT="35" HPOS="631" ID="ST_44.1.2.9" STYLEREFS="Style_5" VPOS="462" WIDTH="167" WC="0.94" CC="00000000" TAGREFS=""/>
            <SP HPOS="798" ID="SP_44.1.2.10" VPOS="467" WIDTH="18"/>
            <String CONTENT="to" HEIGHT="30" HPOS="816" ID="ST_44.1.2.11" STYLEREFS="Style_5" VPOS="467" WIDTH="35" WC="1.00" CC="00" TAGREFS=""/>
            <SP HPOS="851" ID="SP_44.1.2.12" VPOS="462" WIDTH="18"/>
            <String CONTENT="be" HEIGHT="35" HPOS="869" ID="ST_44.1.2.13" STYLEREFS="Style_5" VPOS="462" WIDTH="43" WC="1.00" CC="00" TAGREFS=""/>
            <SP HPOS="912" ID="SP_44.1.2.14" VPOS="462" WIDTH="18"/>
            <String CONTENT="measured" HEIGHT="35" HPOS="930" ID="ST_44.1.2.15" STYLEREFS="Style_5" VPOS="462" WIDTH="181" WC="0.90" CC="00000000" TAGREFS=""/>
            <SP HPOS="1111" ID="SP_44.1.2.16" VPOS="462" WIDTH="19"/>
            <String CONTENT="in" HEIGHT="34" HPOS="1130" ID="ST_44.1.2.17" STYLEREFS="Style_5" VPOS="462" WIDTH="34" WC="0.77" CC="00" TAGREFS=""/>
            <SP HPOS="1164" ID="SP_44.1.2.18" VPOS="462" WIDTH="18"/>
            <String CONTENT="dollars" HEIGHT="35" HPOS="1182" ID="ST_44.1.2.19" STYLEREFS="Style_5" VPOS="462" WIDTH="126" WC="0.97" CC="0000000" TAGREFS=""/>
            <SP HPOS="1308" ID="SP_44.1.2.20" VPOS="462" WIDTH="19"/>
            <String CONTENT="and" HEIGHT="35" HPOS="1327" ID="ST_44.1.2.21" STYLEREFS="Style_5" VPOS="462" WIDTH="68" WC="0.66" CC="000" TAGREFS=""/>
            <SP HPOS="1395" ID="SP_44.1.2.22" VPOS="468" WIDTH="18"/>
            <String CONTENT="cents" HEIGHT="29" HPOS="1413" ID="ST_44.1.2.23" STYLEREFS="Style_5" VPOS="468" WIDTH="96" WC="0.99" CC="00000" TAGREFS=""/>
          </TextLine>
          <TextLine HEIGHT="45" HPOS="299" ID="TL_44.1.3" VPOS="511" WIDTH="1210">
            <String CONTENT="when" HEIGHT="34" HPOS="299" ID="ST_44.1.3.1" STYLEREFS="Style_5" VPOS="512" WIDTH="98" WC="0.97" CC="0000" TAGREFS=""/>
            <SP HPOS="397" ID="SP_44.1.3.2" VPOS="523" WIDTH="13"/>
            <String CONTENT="a" HEIGHT="23" HPOS="410" ID="ST_44.1.3.3" STYLEREFS="Style_5" VPOS="523" WIDTH="20" WC="1.00" CC="0" TAGREFS=""/>
            <SP HPOS="430" ID="SP_44.1.3.4" VPOS="511" WIDTH="14"/>
            <String CONTENT="dentist" HEIGHT="35" HPOS="444" ID="ST_44.1.3.5" STYLEREFS="Style_5" VPOS="511" WIDTH="128" WC="0.98" CC="0000000" TAGREFS=""/>
            <SP HPOS="572" ID="SP_44.1.3.6" VPOS="512" WIDTH="12"/>
            <String CONTENT="is" HEIGHT="34" HPOS="584" ID="ST_44.1.3.7" STYLEREFS="Style_5" VPOS="512" WIDTH="28" WC="1.00" CC="00" TAGREFS=""/>
            <SP HPOS="612" ID="SP_44.1.3.8" VPOS="512" WIDTH="14"/>
            <String CONTENT="free" HEIGHT="35" HPOS="626" ID="ST_44.1.3.9" STYLEREFS="Style_5" VPOS="512" WIDTH="72" WC="0.99" CC="0000" TAGREFS=""/>
            <SP HPOS="698" ID="SP_44.1.3.10" VPOS="517" WIDTH="13"/>
            <String CONTENT="to" HEIGHT="31" HPOS="711" ID="ST_44.1.3.11" STYLEREFS="Style_5" VPOS="517" WIDTH="35" WC="0.87" CC="00" TAGREFS=""/>
            <SP HPOS="746" ID="SP_44.1.3.12" VPOS="512" WIDTH="13"/>
            <String CONTENT="discard" HEIGHT="35" HPOS="759" ID="ST_44.1.3.13" STYLEREFS="Style_5" VPOS="512" WIDTH="137" WC="0.97" CC="0000000" TAGREFS=""/>
            <SP HPOS="896" ID="SP_44.1.3.14" VPOS="513" WIDTH="12"/>
            <String CONTENT="the" HEIGHT="34" HPOS="908" ID="ST_44.1.3.15" STYLEREFS="Style_5" VPOS="513" WIDTH="60" WC="1.00" CC="000" TAGREFS=""/>
            <SP HPOS="968" ID="SP_44.1.3.16" VPOS="513" WIDTH="12"/>
            <String CONTENT="sample" HEIGHT="43" HPOS="980" ID="ST_44.1.3.17" STYLEREFS="Style_5" VPOS="513" WIDTH="132" WC="0.88" CC="000000" TAGREFS=""/>
            <SP HPOS="1112" ID="SP_44.1.3.18" VPOS="512" WIDTH="14"/>
            <String CONTENT="if" HEIGHT="34" HPOS="1126" ID="ST_44.1.3.19" STYLEREFS="Style_5" VPOS="512" WIDTH="29" WC="1.00" CC="00" TAGREFS=""/>
            <SP HPOS="1155" ID="SP_44.1.3.20" VPOS="512" WIDTH="10"/>
            <String CONTENT="he" HEIGHT="35" HPOS="1165" ID="ST_44.1.3.21" STYLEREFS="Style_5" VPOS="512" WIDTH="43" WC="0.74" CC="00" TAGREFS=""/>
            <SP HPOS="1208" ID="SP_44.1.3.22" VPOS="512" WIDTH="12"/>
            <String CONTENT="prefers" HEIGHT="44" HPOS="1220" ID="ST_44.1.3.23" STYLEREFS="Style_5" VPOS="512" WIDTH="130" WC="1.00" CC="0000000" TAGREFS=""/>
            <SP HPOS="1350" ID="SP_44.1.3.24" VPOS="513" WIDTH="14"/>
            <String CONTENT="another" HEIGHT="34" HPOS="1364" ID="ST_44.1.3.25" STYLEREFS="Style_5" VPOS="513" WIDTH="145" WC="0.93" CC="0000000" TAGREFS=""/>
          </TextLine>
          <TextLine HEIGHT="35" HPOS="299" ID="TL_44.1.4" VPOS="561" WIDTH="120">
            <String CONTENT="brand." HEIGHT="35" HPOS="299" ID="ST_44.1.4.1" STYLEREFS="Style_5" VPOS="561" WIDTH="120" WC="0.93" CC="000000" TAGREFS=""/>
          </TextLine>
        </TextBlock>
        <TextBlock HEIGHT="33.0" HPOS="305.0" ID="BL_44.2" TAGREFS="b44-1" VPOS="271.0" WIDTH="38.0">
          <TextLine HEIGHT="33" HPOS="305" ID="TL_44.2.1" VPOS="271" WIDTH="38">
            <String CONTENT="18" HEIGHT="33" HPOS="305" ID="ST_44.2.1.1" STYLEREFS="Style_5" VPOS="271" WIDTH="38" WC="1.00" CC="00" TAGREFS=""/>
          </TextLine>
        </TextBlock>
        <TextBlock HEIGHT="340.0" HPOS="297.0" ID="BL_44.4" TAGREFS="b44-6" VPOS="639.0" WIDTH="1211.0">
          <TextLine HEIGHT="43" HPOS="389" ID="TL_44.4.1" VPOS="639" WIDTH="1118">
            <String CONTENT="The" HEIGHT="34" HPOS="389" ID="ST_44.4.1.1" STYLEREFS="Style_5" VPOS="639" WIDTH="74" WC="1.00" CC="000" TAGREFS=""/>
            <SP HPOS="463" ID="SP_44.4.1.2" VPOS="639" WIDTH="13"/>
            <String CONTENT="legislature" HEIGHT="43" HPOS="476" ID="ST_44.4.1.3" STYLEREFS="Style_5" VPOS="639" WIDTH="198" WC="0.92" CC="00000000000" TAGREFS=""/>
            <SP HPOS="674" ID="SP_44.4.1.4" VPOS="640" WIDTH="12"/>
            <String CONTENT="knows" HEIGHT="34" HPOS="686" ID="ST_44.4.1.5" STYLEREFS="Style_5" VPOS="640" WIDTH="116" WC="0.98" CC="00000" TAGREFS=""/>
            <SP HPOS="802" ID="SP_44.4.1.6" VPOS="640" WIDTH="14"/>
            <String CONTENT="how" HEIGHT="34" HPOS="816" ID="ST_44.4.1.7" STYLEREFS="Style_5" VPOS="640" WIDTH="75" WC="0.99" CC="000" TAGREFS=""/>
            <SP HPOS="891" ID="SP_44.4.1.8" VPOS="645" WIDTH="14"/>
            <String CONTENT="to" HEIGHT="29" HPOS="905" ID="ST_44.4.1.9" STYLEREFS="Style_5" VPOS="645" WIDTH="35" WC="1.00" CC="00" TAGREFS=""/>
            <SP HPOS="940" ID="SP_44.4.1.10" VPOS="645" WIDTH="13"/>
            <String CONTENT="tax" HEIGHT="29" HPOS="953" ID="ST_44.4.1.11" STYLEREFS="Style_5" VPOS="645" WIDTH="59" WC="0.91" CC="000" TAGREFS=""/>
            <SP HPOS="1012" ID="SP_44.4.1.12" VPOS="651" WIDTH="13"/>
            <String CONTENT="a" HEIGHT="23" HPOS="1025" ID="ST_44.4.1.13" STYLEREFS="Style_5" VPOS="651" WIDTH="20" WC="1.00" CC="0" TAGREFS=""/>
            <SP HPOS="1045" ID="SP_44.4.1.14" VPOS="640" WIDTH="15"/>
            <String CONTENT="transaction" HEIGHT="34" HPOS="1060" ID="ST_44.4.1.15" STYLEREFS="Style_5" VPOS="640" WIDTH="211" WC="0.90" CC="00000000000" TAGREFS=""/>
            <SP HPOS="1271" ID="SP_44.4.1.16" VPOS="640" WIDTH="13"/>
            <String CONTENT="of" HEIGHT="34" HPOS="1284" ID="ST_44.4.1.17" STYLEREFS="Style_5" VPOS="640" WIDTH="39" WC="1.00" CC="00" TAGREFS=""/>
            <SP HPOS="1323" ID="SP_44.4.1.18" VPOS="640" WIDTH="10"/>
            <String CONTENT="this" HEIGHT="34" HPOS="1333" ID="ST_44.4.1.19" STYLEREFS="Style_5" VPOS="640" WIDTH="67" WC="1.00" CC="0000" TAGREFS=""/>
            <SP HPOS="1400" ID="SP_44.4.1.20" VPOS="640" WIDTH="14"/>
            <String CONTENT="kind." HEIGHT="34" HPOS="1414" ID="ST_44.4.1.21" STYLEREFS="Style_5" VPOS="640" WIDTH="93" WC="0.89" CC="00000" TAGREFS=""/>
          </TextLine>
          <TextLine HEIGHT="43" HPOS="298" ID="TL_44.4.2" VPOS="689" WIDTH="1210">
            <String CONTENT="The" HEIGHT="33" HPOS="298" ID="ST_44.4.2.1" STYLEREFS="Style_5" VPOS="689" WIDTH="74" WC="1.00" CC="000" TAGREFS=""/>
            <SP HPOS="372" ID="SP_44.4.2.2" VPOS="689" WIDTH="9"/>
            <String CONTENT="sales" HEIGHT="34" HPOS="381" ID="ST_44.4.2.3" STYLEREFS="Style_5" VPOS="689" WIDTH="87" WC="1.00" CC="00000" TAGREFS=""/>
            <SP HPOS="468" ID="SP_44.4.2.4" VPOS="694" WIDTH="11"/>
            <String CONTENT="tax" HEIGHT="29" HPOS="479" ID="ST_44.4.2.5" STYLEREFS="Style_5" VPOS="694" WIDTH="58" WC="0.92" CC="000" TAGREFS=""/>
            <SP HPOS="537" ID="SP_44.4.2.6" VPOS="689" WIDTH="10"/>
            <String CONTENT="expressly" HEIGHT="43" HPOS="547" ID="ST_44.4.2.7" STYLEREFS="Style_5" VPOS="689" WIDTH="173" WC="0.94" CC="000000000" TAGREFS=""/>
            <SP HPOS="720" ID="SP_44.4.2.8" VPOS="689" WIDTH="9"/>
            <String CONTENT="applies" HEIGHT="43" HPOS="729" ID="ST_44.4.2.9" STYLEREFS="Style_5" VPOS="689" WIDTH="130" WC="1.00" CC="0000000" TAGREFS=""/>
            <SP HPOS="859" ID="SP_44.4.2.10" VPOS="694" WIDTH="10"/>
            <String CONTENT="to" HEIGHT="29" HPOS="869" ID="ST_44.4.2.11" STYLEREFS="Style_5" VPOS="694" WIDTH="35" WC="1.00" CC="00" TAGREFS=""/>
            <SP HPOS="904" ID="SP_44.4.2.12" VPOS="689" WIDTH="10"/>
            <String CONTENT="free" HEIGHT="34" HPOS="914" ID="ST_44.4.2.13" STYLEREFS="Style_5" VPOS="689" WIDTH="72" WC="1.00" CC="0000" TAGREFS=""/>
            <SP HPOS="986" ID="SP_44.4.2.14" VPOS="700" WIDTH="9"/>
            <String CONTENT="or" HEIGHT="23" HPOS="995" ID="ST_44.4.2.15" STYLEREFS="Style_5" VPOS="700" WIDTH="38" WC="1.00" CC="00" TAGREFS=""/>
            <SP HPOS="1033" ID="SP_44.4.2.16" VPOS="689" WIDTH="9"/>
            <String CONTENT="complimentary" HEIGHT="43" HPOS="1042" ID="ST_44.4.2.17" STYLEREFS="Style_5" VPOS="689" WIDTH="287" WC="0.95" CC="0000000000000" TAGREFS=""/>
            <SP HPOS="1329" ID="SP_44.4.2.18" VPOS="689" WIDTH="9"/>
            <String CONTENT="tickets" HEIGHT="34" HPOS="1338" ID="ST_44.4.2.19" STYLEREFS="Style_5" VPOS="689" WIDTH="123" WC="1.00" CC="0000000" TAGREFS=""/>
            <SP HPOS="1461" ID="SP_44.4.2.20" VPOS="700" WIDTH="10"/>
            <String CONTENT="or" HEIGHT="24" HPOS="1471" ID="ST_44.4.2.21" STYLEREFS="Style_5" VPOS="700" WIDTH="37" WC="0.72" CC="00" TAGREFS=""/>
          </TextLine>
          <TextLine HEIGHT="43" HPOS="298" ID="TL_44.4.3" VPOS="738" WIDTH="1210">
            <String CONTENT="passes" HEIGHT="33" HPOS="298" ID="ST_44.4.3.1" STYLEREFS="Style_5" VPOS="748" WIDTH="116" WC="0.96" CC="000000" TAGREFS=""/>
            <SP HPOS="414" ID="SP_44.4.3.2" VPOS="743" WIDTH="21"/>
            <String CONTENT="to" HEIGHT="29" HPOS="435" ID="ST_44.4.3.3" STYLEREFS="Style_5" VPOS="743" WIDTH="35" WC="1.00" CC="00" TAGREFS=""/>
            <SP HPOS="470" ID="SP_44.4.3.4" VPOS="738" WIDTH="20"/>
            <String CONTENT="places" HEIGHT="43" HPOS="490" ID="ST_44.4.3.5" STYLEREFS="Style_5" VPOS="738" WIDTH="114" WC="0.93" CC="000000" TAGREFS=""/>
            <SP HPOS="604" ID="SP_44.4.3.6" VPOS="738" WIDTH="20"/>
            <String CONTENT="of" HEIGHT="34" HPOS="624" ID="ST_44.4.3.7" STYLEREFS="Style_5" VPOS="738" WIDTH="39" WC="1.00" CC="00" TAGREFS=""/>
            <SP HPOS="663" ID="SP_44.4.3.8" VPOS="744" WIDTH="17"/>
            <String CONTENT="amusement" HEIGHT="28" HPOS="680" ID="ST_44.4.3.9" STYLEREFS="Style_5" VPOS="744" WIDTH="217" WC="0.98" CC="000000000" TAGREFS=""/>
            <SP HPOS="897" ID="SP_44.4.3.10" VPOS="738" WIDTH="20"/>
            <String CONTENT="and" HEIGHT="34" HPOS="917" ID="ST_44.4.3.11" STYLEREFS="Style_5" VPOS="738" WIDTH="68" WC="0.92" CC="000" TAGREFS=""/>
            <SP HPOS="985" ID="SP_44.4.3.12" VPOS="739" WIDTH="21"/>
            <String CONTENT="the" HEIGHT="33" HPOS="1006" ID="ST_44.4.3.13" STYLEREFS="Style_5" VPOS="739" WIDTH="59" WC="1.00" CC="000" TAGREFS=""/>
            <SP HPOS="1065" ID="SP_44.4.3.14" VPOS="739" WIDTH="20"/>
            <String CONTENT="like." HEIGHT="33" HPOS="1085" ID="ST_44.4.3.15" STYLEREFS="Style_5" VPOS="739" WIDTH="77" WC="0.98" CC="00000" TAGREFS=""/>
            <SP HPOS="1162" ID="SP_44.4.3.16" VPOS="738" WIDTH="21"/>
            <String CONTENT="The" HEIGHT="34" HPOS="1183" ID="ST_44.4.3.17" STYLEREFS="Style_5" VPOS="738" WIDTH="74" WC="0.96" CC="000" TAGREFS=""/>
            <SP HPOS="1257" ID="SP_44.4.3.18" VPOS="744" WIDTH="20"/>
            <String CONTENT="statute" HEIGHT="29" HPOS="1277" ID="ST_44.4.3.19" STYLEREFS="Style_5" VPOS="744" WIDTH="129" WC="1.00" CC="0000000" TAGREFS=""/>
            <SP HPOS="1406" ID="SP_44.4.3.20" VPOS="739" WIDTH="20"/>
            <String CONTENT="then" HEIGHT="34" HPOS="1426" ID="ST_44.4.3.21" STYLEREFS="Style_5" VPOS="739" WIDTH="82" WC="0.90" CC="0000" TAGREFS=""/>
          </TextLine>
          <TextLine HEIGHT="45" HPOS="298" ID="TL_44.4.4" VPOS="787" WIDTH="1210">
            <String CONTENT="declares" HEIGHT="34" HPOS="298" ID="ST_44.4.4.1" STYLEREFS="Style_5" VPOS="787" WIDTH="153" WC="0.93" CC="00000000" TAGREFS=""/>
            <SP HPOS="451" ID="SP_44.4.4.2" VPOS="787" WIDTH="12"/>
            <String CONTENT="that" HEIGHT="34" HPOS="463" ID="ST_44.4.4.3" STYLEREFS="Style_5" VPOS="787" WIDTH="76" WC="1.00" CC="0000" TAGREFS=""/>
            <SP HPOS="539" ID="SP_44.4.4.4" VPOS="787" WIDTH="13"/>
            <String CONTENT="such" HEIGHT="35" HPOS="552" ID="ST_44.4.4.5" STYLEREFS="Style_5" VPOS="787" WIDTH="84" WC="0.85" CC="0000" TAGREFS=""/>
            <SP HPOS="636" ID="SP_44.4.4.6" VPOS="788" WIDTH="12"/>
            <String CONTENT="tickets" HEIGHT="34" HPOS="648" ID="ST_44.4.4.7" STYLEREFS="Style_5" VPOS="788" WIDTH="123" WC="0.93" CC="0000000" TAGREFS=""/>
            <SP HPOS="771" ID="SP_44.4.4.8" VPOS="798" WIDTH="12"/>
            <String CONTENT="or" HEIGHT="24" HPOS="783" ID="ST_44.4.4.9" STYLEREFS="Style_5" VPOS="798" WIDTH="38" WC="0.94" CC="00" TAGREFS=""/>
            <SP HPOS="821" ID="SP_44.4.4.10" VPOS="798" WIDTH="12"/>
            <String CONTENT="passes" HEIGHT="34" HPOS="833" ID="ST_44.4.4.11" STYLEREFS="Style_5" VPOS="798" WIDTH="116" WC="1.00" CC="000000" TAGREFS=""/>
            <SP HPOS="949" ID="SP_44.4.4.12" VPOS="788" WIDTH="12"/>
            <String CONTENT="have" HEIGHT="34" HPOS="961" ID="ST_44.4.4.13" STYLEREFS="Style_5" VPOS="788" WIDTH="88" WC="0.84" CC="0000" TAGREFS=""/>
            <SP HPOS="1049" ID="SP_44.4.4.14" VPOS="799" WIDTH="12"/>
            <String CONTENT="a" HEIGHT="23" HPOS="1061" ID="ST_44.4.4.15" STYLEREFS="Style_5" VPOS="799" WIDTH="20" WC="1.00" CC="0" TAGREFS=""/>
            <SP HPOS="1081" ID="SP_44.4.4.16" VPOS="788" WIDTH="12"/>
            <String CONTENT="value" HEIGHT="34" HPOS="1093" ID="ST_44.4.4.17" STYLEREFS="Style_5" VPOS="788" WIDTH="101" WC="0.96" CC="00000" TAGREFS=""/>
            <SP HPOS="1194" ID="SP_44.4.4.18" VPOS="788" WIDTH="11"/>
            <String CONTENT="equal" HEIGHT="43" HPOS="1205" ID="ST_44.4.4.19" STYLEREFS="Style_5" VPOS="788" WIDTH="101" WC="0.88" CC="00000" TAGREFS=""/>
            <SP HPOS="1306" ID="SP_44.4.4.20" VPOS="793" WIDTH="14"/>
            <String CONTENT="to" HEIGHT="29" HPOS="1320" ID="ST_44.4.4.21" STYLEREFS="Style_5" VPOS="793" WIDTH="34" WC="1.00" CC="00" TAGREFS=""/>
            <SP HPOS="1354" ID="SP_44.4.4.22" VPOS="788" WIDTH="13"/>
            <String CONTENT="the" HEIGHT="34" HPOS="1367" ID="ST_44.4.4.23" STYLEREFS="Style_5" VPOS="788" WIDTH="58" WC="0.88" CC="000" TAGREFS=""/>
            <SP HPOS="1425" ID="SP_44.4.4.24" VPOS="788" WIDTH="11"/>
            <String CONTENT="sale" HEIGHT="34" HPOS="1436" ID="ST_44.4.4.25" STYLEREFS="Style_5" VPOS="788" WIDTH="72" WC="0.98" CC="0000" TAGREFS=""/>
          </TextLine>
          <TextLine HEIGHT="44" HPOS="298" ID="TL_44.4.5" VPOS="836" WIDTH="1208">
            <String CONTENT="price" HEIGHT="43" HPOS="298" ID="ST_44.4.5.1" STYLEREFS="Style_5" VPOS="837" WIDTH="93" WC="0.98" CC="00000" TAGREFS=""/>
            <SP HPOS="391" ID="SP_44.4.5.2" VPOS="836" WIDTH="13"/>
            <String CONTENT="of" HEIGHT="34" HPOS="404" ID="ST_44.4.5.3" STYLEREFS="Style_5" VPOS="836" WIDTH="39" WC="1.00" CC="00" TAGREFS=""/>
            <SP HPOS="443" ID="SP_44.4.5.4" VPOS="837" WIDTH="10"/>
            <String CONTENT="similar" HEIGHT="34" HPOS="453" ID="ST_44.4.5.5" STYLEREFS="Style_5" VPOS="837" WIDTH="131" WC="0.86" CC="0000000" TAGREFS=""/>
            <SP HPOS="584" ID="SP_44.4.5.6" VPOS="836" WIDTH="14"/>
            <String CONTENT="tickets" HEIGHT="35" HPOS="598" ID="ST_44.4.5.7" STYLEREFS="Style_5" VPOS="836" WIDTH="122" WC="1.00" CC="0000000" TAGREFS=""/>
            <SP HPOS="720" ID="SP_44.4.5.8" VPOS="848" WIDTH="14"/>
            <String CONTENT="or" HEIGHT="23" HPOS="734" ID="ST_44.4.5.9" STYLEREFS="Style_5" VPOS="848" WIDTH="38" WC="1.00" CC="00" TAGREFS=""/>
            <SP HPOS="772" ID="SP_44.4.5.10" VPOS="848" WIDTH="14"/>
            <String CONTENT="passes." HEIGHT="32" HPOS="786" ID="ST_44.4.5.11" STYLEREFS="Style_5" VPOS="848" WIDTH="126" WC="1.00" CC="0000000" TAGREFS=""/>
            <SP HPOS="912" ID="SP_44.4.5.12" VPOS="837" WIDTH="18"/>
            <String CONTENT="ยง" HEIGHT="42" HPOS="930" ID="ST_44.4.5.13" STYLEREFS="Style_5" VPOS="837" WIDTH="17" WC="1.00" CC="0" TAGREFS=""/>
            <SP HPOS="947" ID="SP_44.4.5.14" VPOS="838" WIDTH="17"/>
            <String CONTENT="84-1903" HEIGHT="33" HPOS="964" ID="ST_44.4.5.15" STYLEREFS="Style_5" VPOS="838" WIDTH="152" WC="0.91" CC="0099900" TAGREFS=""/>
            <SP HPOS="1116" ID="SP_44.4.5.16" VPOS="837" WIDTH="17"/>
            <String CONTENT="(e)." HEIGHT="42" HPOS="1133" ID="ST_44.4.5.17" STYLEREFS="Style_5" VPOS="837" WIDTH="63" WC="1.00" CC="0000" TAGREFS=""/>
            <SP HPOS="1196" ID="SP_44.4.5.18" VPOS="837" WIDTH="15"/>
            <String CONTENT="The" HEIGHT="34" HPOS="1211" ID="ST_44.4.5.19" STYLEREFS="Style_5" VPOS="837" WIDTH="75" WC="0.96" CC="000" TAGREFS=""/>
            <SP HPOS="1286" ID="SP_44.4.5.20" VPOS="837" WIDTH="13"/>
            <String CONTENT="legislature," HEIGHT="43" HPOS="1299" ID="ST_44.4.5.21" STYLEREFS="Style_5" VPOS="837" WIDTH="207" WC="0.96" CC="000000000000" TAGREFS=""/>
          </TextLine>
          <TextLine HEIGHT="44" HPOS="298" ID="TL_44.4.6" VPOS="886" WIDTH="1209">
            <String CONTENT="however," HEIGHT="40" HPOS="298" ID="ST_44.4.6.1" STYLEREFS="Style_5" VPOS="886" WIDTH="165" WC="1.00" CC="00000000" TAGREFS=""/>
            <SP HPOS="463" ID="SP_44.4.6.2" VPOS="886" WIDTH="12"/>
            <String CONTENT="has" HEIGHT="34" HPOS="475" ID="ST_44.4.6.3" STYLEREFS="Style_5" VPOS="886" WIDTH="61" WC="1.00" CC="000" TAGREFS=""/>
            <SP HPOS="536" ID="SP_44.4.6.4" VPOS="891" WIDTH="11"/>
            <String CONTENT="not" HEIGHT="29" HPOS="547" ID="ST_44.4.6.5" STYLEREFS="Style_5" VPOS="891" WIDTH="59" WC="0.83" CC="000" TAGREFS=""/>
            <SP HPOS="606" ID="SP_44.4.6.6" VPOS="897" WIDTH="9"/>
            <String CONTENT="seen" HEIGHT="23" HPOS="615" ID="ST_44.4.6.7" STYLEREFS="Style_5" VPOS="897" WIDTH="80" WC="0.93" CC="0000" TAGREFS=""/>
            <SP HPOS="695" ID="SP_44.4.6.8" VPOS="886" WIDTH="10"/>
            <String CONTENT="fit" HEIGHT="34" HPOS="705" ID="ST_44.4.6.9" STYLEREFS="Style_5" VPOS="886" WIDTH="38" WC="1.00" CC="000" TAGREFS=""/>
            <SP HPOS="743" ID="SP_44.4.6.10" VPOS="891" WIDTH="10"/>
            <String CONTENT="to" HEIGHT="29" HPOS="753" ID="ST_44.4.6.11" STYLEREFS="Style_5" VPOS="891" WIDTH="35" WC="1.00" CC="00" TAGREFS=""/>
            <SP HPOS="788" ID="SP_44.4.6.12" VPOS="891" WIDTH="10"/>
            <String CONTENT="tax" HEIGHT="29" HPOS="798" ID="ST_44.4.6.13" STYLEREFS="Style_5" VPOS="891" WIDTH="59" WC="0.96" CC="000" TAGREFS=""/>
            <SP HPOS="857" ID="SP_44.4.6.14" VPOS="886" WIDTH="9"/>
            <String CONTENT="the" HEIGHT="34" HPOS="866" ID="ST_44.4.6.15" STYLEREFS="Style_5" VPOS="886" WIDTH="60" WC="0.82" CC="000" TAGREFS=""/>
            <SP HPOS="926" ID="SP_44.4.6.16" VPOS="887" WIDTH="8"/>
            <String CONTENT="giving" HEIGHT="42" HPOS="934" ID="ST_44.4.6.17" STYLEREFS="Style_5" VPOS="887" WIDTH="115" WC="1.00" CC="000000" TAGREFS=""/>
            <SP HPOS="1049" ID="SP_44.4.6.18" VPOS="897" WIDTH="10"/>
            <String CONTENT="away" HEIGHT="33" HPOS="1059" ID="ST_44.4.6.19" STYLEREFS="Style_5" VPOS="897" WIDTH="98" WC="1.00" CC="0000" TAGREFS=""/>
            <SP HPOS="1157" ID="SP_44.4.6.20" VPOS="886" WIDTH="10"/>
            <String CONTENT="of" HEIGHT="34" HPOS="1167" ID="ST_44.4.6.21" STYLEREFS="Style_5" VPOS="886" WIDTH="39" WC="1.00" CC="00" TAGREFS=""/>
            <SP HPOS="1206" ID="SP_44.4.6.22" VPOS="887" WIDTH="7"/>
            <String CONTENT="pharmaceutical" HEIGHT="43" HPOS="1213" ID="ST_44.4.6.23" STYLEREFS="Style_5" VPOS="887" WIDTH="294" WC="0.94" CC="00000000000000" TAGREFS=""/>
          </TextLine>
          <TextLine HEIGHT="44" HPOS="297" ID="TL_44.4.7" VPOS="935" WIDTH="1095">
            <String CONTENT="samples." HEIGHT="44" HPOS="297" ID="ST_44.4.7.1" STYLEREFS="Style_5" VPOS="935" WIDTH="159" WC="1.00" CC="00000000" TAGREFS=""/>
            <SP HPOS="456" ID="SP_44.4.7.2" VPOS="936" WIDTH="23"/>
            <String CONTENT="I" HEIGHT="33" HPOS="479" ID="ST_44.4.7.3" STYLEREFS="Style_5" VPOS="936" WIDTH="14" WC="1.00" CC="9" TAGREFS=""/>
            <SP HPOS="493" ID="SP_44.4.7.4" VPOS="935" WIDTH="21"/>
            <String CONTENT="do" HEIGHT="34" HPOS="514" ID="ST_44.4.7.5" STYLEREFS="Style_5" VPOS="935" WIDTH="44" WC="1.00" CC="00" TAGREFS=""/>
            <SP HPOS="558" ID="SP_44.4.7.6" VPOS="940" WIDTH="21"/>
            <String CONTENT="not" HEIGHT="29" HPOS="579" ID="ST_44.4.7.7" STYLEREFS="Style_5" VPOS="940" WIDTH="59" WC="1.00" CC="000" TAGREFS=""/>
            <SP HPOS="638" ID="SP_44.4.7.8" VPOS="935" WIDTH="20"/>
            <String CONTENT="think" HEIGHT="35" HPOS="658" ID="ST_44.4.7.9" STYLEREFS="Style_5" VPOS="935" WIDTH="99" WC="0.80" CC="00000" TAGREFS=""/>
            <SP HPOS="757" ID="SP_44.4.7.10" VPOS="936" WIDTH="19"/>
            <String CONTENT="the" HEIGHT="34" HPOS="776" ID="ST_44.4.7.11" STYLEREFS="Style_5" VPOS="936" WIDTH="59" WC="0.86" CC="000" TAGREFS=""/>
            <SP HPOS="835" ID="SP_44.4.7.12" VPOS="941" WIDTH="19"/>
            <String CONTENT="courts" HEIGHT="29" HPOS="854" ID="ST_44.4.7.13" STYLEREFS="Style_5" VPOS="941" WIDTH="115" WC="1.00" CC="000000" TAGREFS=""/>
            <SP HPOS="969" ID="SP_44.4.7.14" VPOS="936" WIDTH="20"/>
            <String CONTENT="should" HEIGHT="34" HPOS="989" ID="ST_44.4.7.15" STYLEREFS="Style_5" VPOS="936" WIDTH="123" WC="0.95" CC="000000" TAGREFS=""/>
            <SP HPOS="1112" ID="SP_44.4.7.16" VPOS="936" WIDTH="21"/>
            <String CONTENT="levy" HEIGHT="43" HPOS="1133" ID="ST_44.4.7.17" STYLEREFS="Style_5" VPOS="936" WIDTH="75" WC="1.00" CC="0000" TAGREFS=""/>
            <SP HPOS="1208" ID="SP_44.4.7.18" VPOS="936" WIDTH="20"/>
            <String CONTENT="that" HEIGHT="34" HPOS="1228" ID="ST_44.4.7.19" STYLEREFS="Style_5" VPOS="936" WIDTH="76" WC="0.87" CC="0000" TAGREFS=""/>
            <SP HPOS="1304" ID="SP_44.4.7.20" VPOS="941" WIDTH="20"/>
            <String CONTENT="tax." HEIGHT="29" HPOS="1324" ID="ST_44.4.7.21" STYLEREFS="Style_5" VPOS="941" WIDTH="68" WC="0.93" CC="0000" TAGREFS=""/>
          </TextLine>
        </TextBlock>
        <TextBlock HEIGHT="289.0" HPOS="300.0" ID="BL_44.6" TAGREFS="b44-7" VPOS="1116.0" WIDTH="1203.0">
          <TextLine HEIGHT="45" HPOS="300" ID="TL_44.6.1" VPOS="1116" WIDTH="1203">
            <String CONTENT="Lula" HEIGHT="34" HPOS="300" ID="ST_44.6.1.1" STYLEREFS="Style_5" VPOS="1116" WIDTH="87" WC="0.91" CC="0000" TAGREFS=""/>
            <SP HPOS="387" ID="SP_44.6.1.2" VPOS="1117" WIDTH="20"/>
            <String CONTENT="Anna" HEIGHT="34" HPOS="407" ID="ST_44.6.1.3" STYLEREFS="Style_5" VPOS="1117" WIDTH="104" WC="0.96" CC="0000" TAGREFS=""/>
            <SP HPOS="511" ID="SP_44.6.1.4" VPOS="1116" WIDTH="20"/>
            <String CONTENT="DOPP," HEIGHT="41" HPOS="531" ID="ST_44.6.1.5" STYLEREFS="Style_5" VPOS="1116" WIDTH="134" WC="0.83" CC="00000" TAGREFS=""/>
            <SP HPOS="665" ID="SP_44.6.1.6" VPOS="1116" WIDTH="22"/>
            <String CONTENT="Individually" HEIGHT="44" HPOS="687" ID="ST_44.6.1.7" STYLEREFS="Style_5" VPOS="1116" WIDTH="229" WC="0.93" CC="000000000000" TAGREFS=""/>
            <SP HPOS="916" ID="SP_44.6.1.8" VPOS="1116" WIDTH="20"/>
            <String CONTENT="and" HEIGHT="35" HPOS="936" ID="ST_44.6.1.9" STYLEREFS="Style_5" VPOS="1116" WIDTH="68" WC="0.89" CC="000" TAGREFS=""/>
            <SP HPOS="1004" ID="SP_44.6.1.10" VPOS="1128" WIDTH="21"/>
            <String CONTENT="as" HEIGHT="24" HPOS="1025" ID="ST_44.6.1.11" STYLEREFS="Style_5" VPOS="1128" WIDTH="37" WC="1.00" CC="00" TAGREFS=""/>
            <SP HPOS="1062" ID="SP_44.6.1.12" VPOS="1118" WIDTH="21"/>
            <String CONTENT="Trustee" HEIGHT="34" HPOS="1083" ID="ST_44.6.1.13" STYLEREFS="Style_5" VPOS="1118" WIDTH="145" WC="1.00" CC="0000000" TAGREFS=""/>
            <SP HPOS="1228" ID="SP_44.6.1.14" VPOS="1117" WIDTH="20"/>
            <String CONTENT="for" HEIGHT="35" HPOS="1248" ID="ST_44.6.1.15" STYLEREFS="Style_5" VPOS="1117" WIDTH="53" WC="1.00" CC="000" TAGREFS=""/>
            <SP HPOS="1301" ID="SP_44.6.1.16" VPOS="1118" WIDTH="21"/>
            <String CONTENT="Margaret" HEIGHT="43" HPOS="1322" ID="ST_44.6.1.17" STYLEREFS="Style_5" VPOS="1118" WIDTH="181" WC="1.00" CC="00000000" TAGREFS=""/>
          </TextLine>
          <TextLine HEIGHT="45" HPOS="369" ID="TL_44.6.2" VPOS="1166" WIDTH="1063">
            <String CONTENT="T." HEIGHT="34" HPOS="369" ID="ST_44.6.2.1" STYLEREFS="Style_5" VPOS="1166" WIDTH="39" WC="1.00" CC="00" TAGREFS=""/>
            <SP HPOS="408" ID="SP_44.6.2.2" VPOS="1166" WIDTH="22"/>
            <String CONTENT="Piper;" HEIGHT="43" HPOS="430" ID="ST_44.6.2.3" STYLEREFS="Style_5" VPOS="1166" WIDTH="111" WC="0.87" CC="000000" TAGREFS=""/>
            <SP HPOS="541" ID="SP_44.6.2.4" VPOS="1166" WIDTH="22"/>
            <String CONTENT="Margaret" HEIGHT="43" HPOS="563" ID="ST_44.6.2.5" STYLEREFS="Style_5" VPOS="1166" WIDTH="181" WC="1.00" CC="00000000" TAGREFS=""/>
            <SP HPOS="744" ID="SP_44.6.2.6" VPOS="1167" WIDTH="20"/>
            <String CONTENT="T." HEIGHT="34" HPOS="764" ID="ST_44.6.2.7" STYLEREFS="Style_5" VPOS="1167" WIDTH="39" WC="1.00" CC="00" TAGREFS=""/>
            <SP HPOS="803" ID="SP_44.6.2.8" VPOS="1167" WIDTH="22"/>
            <String CONTENT="PIPER," HEIGHT="40" HPOS="825" ID="ST_44.6.2.9" STYLEREFS="Style_5" VPOS="1167" WIDTH="147" WC="0.92" CC="000000" TAGREFS=""/>
            <SP HPOS="972" ID="SP_44.6.2.10" VPOS="1167" WIDTH="22"/>
            <String CONTENT="Individually;" HEIGHT="44" HPOS="994" ID="ST_44.6.2.11" STYLEREFS="Style_5" VPOS="1167" WIDTH="240" WC="0.93" CC="0000000000000" TAGREFS=""/>
            <SP HPOS="1234" ID="SP_44.6.2.12" VPOS="1167" WIDTH="21"/>
            <String CONTENT="and" HEIGHT="34" HPOS="1255" ID="ST_44.6.2.13" STYLEREFS="Style_5" VPOS="1167" WIDTH="69" WC="0.90" CC="000" TAGREFS=""/>
            <SP HPOS="1324" ID="SP_44.6.2.14" VPOS="1168" WIDTH="21"/>
            <String CONTENT="Lula" HEIGHT="34" HPOS="1345" ID="ST_44.6.2.15" STYLEREFS="Style_5" VPOS="1168" WIDTH="87" WC="0.90" CC="0000" TAGREFS=""/>
          </TextLine>
          <TextLine HEIGHT="43" HPOS="334" ID="TL_44.6.3" VPOS="1215" WIDTH="1133">
            <String CONTENT="M." HEIGHT="33" HPOS="334" ID="ST_44.6.3.1" STYLEREFS="Style_5" VPOS="1216" WIDTH="52" WC="0.86" CC="00" TAGREFS=""/>
            <SP HPOS="386" ID="SP_44.6.3.2" VPOS="1215" WIDTH="23"/>
            <String CONTENT="HOOVER" HEIGHT="35" HPOS="409" ID="ST_44.6.3.3" STYLEREFS="Style_5" VPOS="1215" WIDTH="202" WC="0.89" CC="000000" TAGREFS=""/>
            <SP HPOS="611" ID="SP_44.6.3.4" VPOS="1226" WIDTH="21"/>
            <String CONTENT="v." HEIGHT="24" HPOS="632" ID="ST_44.6.3.5" STYLEREFS="Style_5" VPOS="1226" WIDTH="27" WC="0.53" CC="00" TAGREFS=""/>
            <SP HPOS="659" ID="SP_44.6.3.6" VPOS="1216" WIDTH="23"/>
            <String CONTENT="SUGARLOAF" HEIGHT="35" HPOS="682" ID="ST_44.6.3.7" STYLEREFS="Style_5" VPOS="1216" WIDTH="296" WC="0.96" CC="000000000" TAGREFS=""/>
            <SP HPOS="978" ID="SP_44.6.3.8" VPOS="1217" WIDTH="20"/>
            <String CONTENT="MINING" HEIGHT="34" HPOS="998" ID="ST_44.6.3.9" STYLEREFS="Style_5" VPOS="1217" WIDTH="191" WC="0.95" CC="000000" TAGREFS=""/>
            <SP HPOS="1189" ID="SP_44.6.3.10" VPOS="1217" WIDTH="21"/>
            <String CONTENT="COMPANY," HEIGHT="41" HPOS="1210" ID="ST_44.6.3.11" STYLEREFS="Style_5" VPOS="1217" WIDTH="257" WC="0.90" CC="00000000" TAGREFS=""/>
          </TextLine>
          <TextLine HEIGHT="45" HPOS="315" ID="TL_44.6.4" VPOS="1265" WIDTH="1172">
            <String CONTENT="An" HEIGHT="33" HPOS="315" ID="ST_44.6.4.1" STYLEREFS="Style_5" VPOS="1265" WIDTH="56" WC="0.88" CC="00" TAGREFS=""/>
            <SP HPOS="371" ID="SP_44.6.4.2" VPOS="1265" WIDTH="21"/>
            <String CONTENT="Arkansas" HEIGHT="34" HPOS="392" ID="ST_44.6.4.3" STYLEREFS="Style_5" VPOS="1265" WIDTH="177" WC="0.91" CC="00000000" TAGREFS=""/>
            <SP HPOS="569" ID="SP_44.6.4.4" VPOS="1265" WIDTH="22"/>
            <String CONTENT="Corporation;" HEIGHT="44" HPOS="591" ID="ST_44.6.4.5" STYLEREFS="Style_5" VPOS="1265" WIDTH="240" WC="0.87" CC="000000000000" TAGREFS=""/>
            <SP HPOS="831" ID="SP_44.6.4.6" VPOS="1266" WIDTH="21"/>
            <String CONTENT="Spencer" HEIGHT="43" HPOS="852" ID="ST_44.6.4.7" STYLEREFS="Style_5" VPOS="1266" WIDTH="152" WC="0.98" CC="0000000" TAGREFS=""/>
            <SP HPOS="1004" ID="SP_44.6.4.8" VPOS="1266" WIDTH="21"/>
            <String CONTENT="BOVARD," HEIGHT="41" HPOS="1025" ID="ST_44.6.4.9" STYLEREFS="Style_5" VPOS="1266" WIDTH="211" WC="0.82" CC="0000000" TAGREFS=""/>
            <SP HPOS="1236" ID="SP_44.6.4.10" VPOS="1266" WIDTH="22"/>
            <String CONTENT="Individually" HEIGHT="44" HPOS="1258" ID="ST_44.6.4.11" STYLEREFS="Style_5" VPOS="1266" WIDTH="229" WC="0.92" CC="000000000000" TAGREFS=""/>
          </TextLine>
          <TextLine HEIGHT="36" HPOS="390" ID="TL_44.6.5" VPOS="1314" WIDTH="1019">
            <String CONTENT="and" HEIGHT="34" HPOS="390" ID="ST_44.6.5.1" STYLEREFS="Style_5" VPOS="1314" WIDTH="69" WC="0.86" CC="000" TAGREFS=""/>
            <SP HPOS="459" ID="SP_44.6.5.2" VPOS="1325" WIDTH="20"/>
            <String CONTENT="as" HEIGHT="23" HPOS="479" ID="ST_44.6.5.3" STYLEREFS="Style_5" VPOS="1325" WIDTH="38" WC="1.00" CC="00" TAGREFS=""/>
            <SP HPOS="517" ID="SP_44.6.5.4" VPOS="1314" WIDTH="20"/>
            <String CONTENT="Administrator" HEIGHT="35" HPOS="537" ID="ST_44.6.5.5" STYLEREFS="Style_5" VPOS="1314" WIDTH="271" WC="0.90" CC="0000000000000" TAGREFS=""/>
            <SP HPOS="808" ID="SP_44.6.5.6" VPOS="1315" WIDTH="20"/>
            <String CONTENT="of" HEIGHT="34" HPOS="828" ID="ST_44.6.5.7" STYLEREFS="Style_5" VPOS="1315" WIDTH="40" WC="1.00" CC="00" TAGREFS=""/>
            <SP HPOS="868" ID="SP_44.6.5.8" VPOS="1315" WIDTH="17"/>
            <String CONTENT="the" HEIGHT="35" HPOS="885" ID="ST_44.6.5.9" STYLEREFS="Style_5" VPOS="1315" WIDTH="58" WC="1.00" CC="000" TAGREFS=""/>
            <SP HPOS="943" ID="SP_44.6.5.10" VPOS="1316" WIDTH="21"/>
            <String CONTENT="Estate" HEIGHT="34" HPOS="964" ID="ST_44.6.5.11" STYLEREFS="Style_5" VPOS="1316" WIDTH="119" WC="0.97" CC="000000" TAGREFS=""/>
            <SP HPOS="1083" ID="SP_44.6.5.12" VPOS="1315" WIDTH="20"/>
            <String CONTENT="of" HEIGHT="35" HPOS="1103" ID="ST_44.6.5.13" STYLEREFS="Style_5" VPOS="1315" WIDTH="39" WC="1.00" CC="00" TAGREFS=""/>
            <SP HPOS="1142" ID="SP_44.6.5.14" VPOS="1316" WIDTH="17"/>
            <String CONTENT="Patricia" HEIGHT="34" HPOS="1159" ID="ST_44.6.5.15" STYLEREFS="Style_5" VPOS="1316" WIDTH="149" WC="0.97" CC="00000000" TAGREFS=""/>
            <SP HPOS="1308" ID="SP_44.6.5.16" VPOS="1317" WIDTH="21"/>
            <String CONTENT="Ann" HEIGHT="33" HPOS="1329" ID="ST_44.6.5.17" STYLEREFS="Style_5" VPOS="1317" WIDTH="80" WC="1.00" CC="000" TAGREFS=""/>
          </TextLine>
          <TextLine HEIGHT="41" HPOS="761" ID="TL_44.6.6" VPOS="1364" WIDTH="276">
            <String CONTENT="Bovard;" HEIGHT="41" HPOS="761" ID="ST_44.6.6.1" STYLEREFS="Style_5" VPOS="1364" WIDTH="146" WC="0.86" CC="0000000" TAGREFS=""/>
            <SP HPOS="907" ID="SP_44.6.6.2" VPOS="1370" WIDTH="21"/>
            <String CONTENT="et." HEIGHT="29" HPOS="928" ID="ST_44.6.6.3" STYLEREFS="Style_5" VPOS="1370" WIDTH="44" WC="1.00" CC="000" TAGREFS=""/>
            <SP HPOS="972" ID="SP_44.6.6.4" VPOS="1365" WIDTH="21"/>
            <String CONTENT="al." HEIGHT="34" HPOS="993" ID="ST_44.6.6.5" STYLEREFS="Style_5" VPOS="1365" WIDTH="44" WC="0.90" CC="090" TAGREFS=""/>
          </TextLine>
        </TextBlock>
        <TextBlock HEIGHT="33.0" HPOS="295.0" ID="BL_44.7" TAGREFS="b44-8" VPOS="1441.0" WIDTH="105.0">
          <TextLine HEIGHT="33" HPOS="295" ID="TL_44.7.1" VPOS="1441" WIDTH="105">
            <String CONTENT="85-98" HEIGHT="33" HPOS="295" ID="ST_44.7.1.1" STYLEREFS="Style_5" VPOS="1441" WIDTH="105" WC="0.87" CC="00000" TAGREFS=""/>
          </TextLine>
        </TextBlock>
        <TextBlock HEIGHT="35.0" HPOS="1185.0" ID="BL_44.8" TAGREFS="b44-9" VPOS="1442.0" WIDTH="317.0">
          <TextLine HEIGHT="35" HPOS="1185" ID="TL_44.8.1" VPOS="1442" WIDTH="317">
            <String CONTENT="702" HEIGHT="33" HPOS="1185" ID="ST_44.8.1.1" STYLEREFS="Style_5" VPOS="1443" WIDTH="67" WC="0.79" CC="000" TAGREFS=""/>
            <SP HPOS="1252" ID="SP_44.8.1.2" VPOS="1442" WIDTH="21"/>
            <String CONTENT="S.W.2d" HEIGHT="35" HPOS="1273" ID="ST_44.8.1.3" STYLEREFS="Style_5" VPOS="1442" WIDTH="142" WC="0.92" CC="000990" TAGREFS=""/>
            <SP HPOS="1415" ID="SP_44.8.1.4" VPOS="1444" WIDTH="22"/>
            <String CONTENT="393" HEIGHT="33" HPOS="1437" ID="ST_44.8.1.5" STYLEREFS="Style_5" VPOS="1444" WIDTH="65" WC="0.92" CC="000" TAGREFS=""/>
          </TextLine>
        </TextBlock>
        <TextBlock HEIGHT="44.0" HPOS="622.0" ID="BL_44.9" TAGREFS="b44-10" VPOS="1518.0" WIDTH="553.0">
          <TextLine HEIGHT="44" HPOS="622" ID="TL_44.9.1" VPOS="1518" WIDTH="553">
            <String CONTENT="Supreme" HEIGHT="44" HPOS="622" ID="ST_44.9.1.1" STYLEREFS="Style_5" VPOS="1518" WIDTH="169" WC="0.98" CC="0000000" TAGREFS=""/>
            <SP HPOS="791" ID="SP_44.9.1.2" VPOS="1519" WIDTH="20"/>
            <String CONTENT="Court" HEIGHT="34" HPOS="811" ID="ST_44.9.1.3" STYLEREFS="Style_5" VPOS="1519" WIDTH="110" WC="1.00" CC="00000" TAGREFS=""/>
            <SP HPOS="921" ID="SP_44.9.1.4" VPOS="1519" WIDTH="20"/>
            <String CONTENT="of" HEIGHT="34" HPOS="941" ID="ST_44.9.1.5" STYLEREFS="Style_5" VPOS="1519" WIDTH="39" WC="1.00" CC="00" TAGREFS=""/>
            <SP HPOS="980" ID="SP_44.9.1.6" VPOS="1520" WIDTH="16"/>
            <String CONTENT="Arkansas" HEIGHT="34" HPOS="996" ID="ST_44.9.1.7" STYLEREFS="Style_5" VPOS="1520" WIDTH="179" WC="0.97" CC="00000000" TAGREFS=""/>
          </TextLine>
        </TextBlock>
        <TextBlock HEIGHT="44.0" HPOS="546.0" ID="BL_44.10" TAGREFS="A6B" VPOS="1568.0" WIDTH="705.0">
          <TextLine HEIGHT="44" HPOS="546" ID="TL_44.10.1" VPOS="1568" WIDTH="705">
            <String CONTENT="Opinion" HEIGHT="43" HPOS="546" ID="ST_44.10.1.1" STYLEREFS="Style_5" VPOS="1568" WIDTH="150" WC="0.86" CC="0000000" TAGREFS=""/>
            <SP HPOS="696" ID="SP_44.10.1.2" VPOS="1568" WIDTH="20"/>
            <String CONTENT="delivered" HEIGHT="35" HPOS="716" ID="ST_44.10.1.3" STYLEREFS="Style_5" VPOS="1568" WIDTH="171" WC="0.98" CC="000000000" TAGREFS=""/>
            <SP HPOS="887" ID="SP_44.10.1.4" VPOS="1570" WIDTH="21"/>
            <String CONTENT="January" HEIGHT="42" HPOS="908" ID="ST_44.10.1.5" STYLEREFS="Style_5" VPOS="1570" WIDTH="155" WC="0.84" CC="0000000" TAGREFS=""/>
            <SP HPOS="1063" ID="SP_44.10.1.6" VPOS="1571" WIDTH="24"/>
            <String CONTENT="13," HEIGHT="38" HPOS="1087" ID="ST_44.10.1.7" STYLEREFS="Style_5" VPOS="1571" WIDTH="51" WC="0.76" CC="990" TAGREFS=""/>
            <SP HPOS="1138" ID="SP_44.10.1.8" VPOS="1570" WIDTH="26"/>
            <String CONTENT="1986" HEIGHT="34" HPOS="1164" ID="ST_44.10.1.9" STYLEREFS="Style_5" VPOS="1570" WIDTH="87" WC="1.00" CC="0000" TAGREFS=""/>
          </TextLine>
        </TextBlock>
        <TextBlock HEIGHT="41.0" HPOS="539.0" ID="BL_44.11" TAGREFS="AMY" VPOS="1616.0" WIDTH="718.0">
          <TextLine HEIGHT="41" HPOS="539" ID="TL_44.11.1" VPOS="1616" WIDTH="718">
            <String CONTENT="[Rehearing" HEIGHT="40" HPOS="539" ID="ST_44.11.1.1" STYLEREFS="Style_5" VPOS="1616" WIDTH="192" WC="0.96" CC="0000000000" TAGREFS=""/>
            <SP HPOS="731" ID="SP_44.11.1.2" VPOS="1617" WIDTH="18"/>
            <String CONTENT="denied" HEIGHT="32" HPOS="749" ID="ST_44.11.1.3" STYLEREFS="Style_5" VPOS="1617" WIDTH="112" WC="0.87" CC="000000" TAGREFS=""/>
            <SP HPOS="861" ID="SP_44.11.1.4" VPOS="1617" WIDTH="20"/>
            <String CONTENT="February" HEIGHT="40" HPOS="881" ID="ST_44.11.1.5" STYLEREFS="Style_5" VPOS="1617" WIDTH="160" WC="1.00" CC="00000000" TAGREFS=""/>
            <SP HPOS="1041" ID="SP_44.11.1.6" VPOS="1618" WIDTH="19"/>
            <String CONTENT="24," HEIGHT="37" HPOS="1060" ID="ST_44.11.1.7" STYLEREFS="Style_5" VPOS="1618" WIDTH="50" WC="1.00" CC="000" TAGREFS=""/>
            <SP HPOS="1110" ID="SP_44.11.1.8" VPOS="1617" WIDTH="23"/>
            <String CONTENT="1986.*]" HEIGHT="40" HPOS="1133" ID="ST_44.11.1.9" STYLEREFS="Style_5" VPOS="1617" WIDTH="124" WC="1.0" CC="0000000" TAGREFS="footnotemark0001"/>
          </TextLine>
        </TextBlock>
        <TextBlock HEIGHT="33.0" HPOS="350.6" ID="BL_44.14" TAGREFS="b44-13" VPOS="2414.0" WIDTH="903.4">
          <TextLine HEIGHT="33" HPOS="386" ID="TL_44.14.1" VPOS="2414" WIDTH="868">
            <String CONTENT="* Purtle," HEIGHT="29" HPOS="386" ID="ST_44.14.1.1" STYLEREFS="Style_2" VPOS="2414" WIDTH="91" WC="1.0" CC="000000000" TAGREFS=""/>
            <SP HPOS="477" ID="SP_44.14.1.2" VPOS="2414" WIDTH="16"/>
            <String CONTENT="J.," HEIGHT="29" HPOS="493" ID="ST_44.14.1.3" STYLEREFS="Style_2" VPOS="2414" WIDTH="31" WC="0.77" CC="099" TAGREFS=""/>
            <SP HPOS="524" ID="SP_44.14.1.4" VPOS="2418" WIDTH="16"/>
            <String CONTENT="not" HEIGHT="22" HPOS="540" ID="ST_44.14.1.5" STYLEREFS="Style_2" VPOS="2418" WIDTH="42" WC="0.88" CC="000" TAGREFS=""/>
            <SP HPOS="582" ID="SP_44.14.1.6" VPOS="2414" WIDTH="15"/>
            <String CONTENT="participating." HEIGHT="33" HPOS="597" ID="ST_44.14.1.7" STYLEREFS="Style_2" VPOS="2414" WIDTH="185" WC="0.97" CC="00000000000000" TAGREFS=""/>
            <SP HPOS="782" ID="SP_44.14.1.8" VPOS="2415" WIDTH="17"/>
            <String CONTENT="Hickman," HEIGHT="30" HPOS="799" ID="ST_44.14.1.9" STYLEREFS="Style_2" VPOS="2415" WIDTH="135" WC="1.00" CC="00000000" TAGREFS=""/>
            <SP HPOS="934" ID="SP_44.14.1.10" VPOS="2416" WIDTH="15"/>
            <String CONTENT="J.," HEIGHT="29" HPOS="949" ID="ST_44.14.1.11" STYLEREFS="Style_2" VPOS="2416" WIDTH="31" WC="0.60" CC="099" TAGREFS=""/>
            <SP HPOS="980" ID="SP_44.14.1.12" VPOS="2416" WIDTH="16"/>
            <String CONTENT="would" HEIGHT="25" HPOS="996" ID="ST_44.14.1.13" STYLEREFS="Style_2" VPOS="2416" WIDTH="81" WC="0.99" CC="00000" TAGREFS=""/>
            <SP HPOS="1077" ID="SP_44.14.1.14" VPOS="2416" WIDTH="15"/>
            <String CONTENT="strike" HEIGHT="26" HPOS="1092" ID="ST_44.14.1.15" STYLEREFS="Style_2" VPOS="2416" WIDTH="77" WC="0.73" CC="000000" TAGREFS=""/>
            <SP HPOS="1169" ID="SP_44.14.1.16" VPOS="2416" WIDTH="14"/>
            <String CONTENT="brief." HEIGHT="26" HPOS="1183" ID="ST_44.14.1.17" STYLEREFS="Style_2" VPOS="2416" WIDTH="71" WC="0.96" CC="000000" TAGREFS=""/>
          </TextLine>
        </TextBlock>
      </PrintSpace>
    </Page>
  </Layout>
</alto>
