1648 2688
296 407 81 39 Inc.,
389 405 193 35 contended
594 405 33 34 in
640 405 183 43 Chancery
834 404 111 35 Court
955 404 76 34 that
1042 403 167 44 although
1220 403 217 44 Appellant’s
1449 402 58 35 bid

294 467 69 23 was
387 456 59 34 the
468 456 117 34 lowest
607 455 110 34 dollar
740 455 69 40 bid,
833 455 81 43 they
936 465 90 23 were
1048 453 142 35 entitled
1213 459 35 29 to
1271 453 59 35 the
1352 458 156 29 contract

295 506 148 33 because
464 506 81 42 they
566 516 89 23 were
676 505 59 34 the
756 510 80 28 next
857 505 118 33 lowest
996 504 121 34 bidder
1138 503 69 34 and
1228 503 59 34 fell
1309 503 119 34 within
1449 503 60 34 the

295 555 187 43 provisions
507 554 39 34 of
567 556 69 32 Act
665 555 64 33 102
754 554 39 33 of
818 555 87 32 1977
932 553 68 34 and
1024 553 77 34 that
1124 553 206 43 Appellants
1355 552 69 34 had
1449 557 59 29 not

294 603 171 43 complied
486 603 82 34 with
590 604 69 33 Act
684 604 75 32 102.
780 604 70 32 Act
875 603 64 33 102
960 602 92 42 gives
1073 601 197 44 complying
1291 601 137 34 bidders
1450 601 59 33 the

295 657 156 29 contract
462 652 30 34 if
499 652 89 34 their
599 652 58 34 bid
669 652 27 33 is
708 652 64 33 less
784 652 84 33 than
881 651 55 34 3%
948 651 108 34 above
1066 651 59 34 the
1135 651 117 33 lowest
1263 650 70 40 bid,
1344 649 164 44 provided

295 702 76 34 that
392 702 58 34 the
471 702 117 33 lowest
608 701 121 34 bidder
750 701 61 34 has
832 706 60 29 not
912 700 171 44 complied
1103 700 82 36 with
1206 700 69 34 Act
1299 700 75 34 102.

295 265 67 33 280

387 779 88 34 Both
497 778 189 44 Appellant
708 778 68 35 and
797 778 168 44 Appellee
986 777 79 35 filed
1087 777 148 35 motions
1257 777 53 35 for
1331 787 177 33 summary

292 829 194 43 judgment.
504 829 74 34 The
595 828 208 35 Chancellor
819 828 140 34 entered
976 838 178 33 summary
1166 827 185 44 judgment
1367 826 53 35 for
1436 827 71 44 Ap-

296 880 118 43 pellee,
429 878 169 35 dissolved
612 879 59 34 the
684 884 198 38 temporary
896 878 191 43 injunction
1100 877 63 35 but
1176 876 161 35 declared
1350 877 76 34 that
1439 877 70 34 Act

300 931 64 32 102
387 929 137 44 applied
548 934 35 29 to
605 929 59 34 the
687 928 173 43 Highway
883 928 243 40 Commission;
1150 927 109 34 found
1281 927 77 34 that
1380 927 128 34 APAC

296 979 106 34 failed
419 984 34 29 to
470 979 136 43 comply
623 978 82 34 with
721 978 59 34 the
795 978 188 43 provisions
1000 977 39 34 of
1051 978 69 33 Act
1141 978 64 33 102
1222 976 68 35 and
1307 976 127 44 upheld
1450 976 59 35 the

296 1028 310 43 constitutionality
626 1027 39 35 of
682 1029 70 33 Act
776 1029 74 33 102.

386 1105 129 34 APAC
534 1104 168 44 appealed
720 1104 208 43 contending
946 1104 60 34 the
1023 1103 185 43 following:
1230 1103 54 43 (1)
1304 1103 77 34 that
1399 1103 109 44 provi-

296 1155 90 34 sions
397 1154 39 35 of
444 1155 69 33 Act
529 1155 64 33 102
603 1154 40 34 of
655 1155 86 34 1977
753 1154 44 34 do
808 1159 59 29 not
878 1154 104 43 apply
992 1159 36 29 to
1038 1158 173 30 contracts
1223 1152 161 35 awarded
1395 1153 45 43 by
1451 1153 59 34 the

296 1205 178 33 Arkansas
494 1204 100 34 State
614 1204 172 43 Highway
806 1203 244 40 Commission;
1072 1202 53 43 (2)
1148 1203 177 42 assuming
1345 1203 76 33 that
1440 1203 69 33 Act

300 1255 64 33 102
378 1254 39 34 of
432 1255 86 33 1977
533 1254 131 43 applies
677 1259 36 28 to
726 1258 172 29 contracts
913 1253 161 34 awarded
1088 1253 45 42 by
1146 1253 59 33 the
1217 1253 179 33 Arkansas
1410 1252 100 35 State

297 1304 172 42 Highway
494 1303 233 34 Commission
751 1303 76 33 that
850 1302 189 43 Appellant
1063 1302 62 34 has
1149 1301 171 44 complied
1344 1301 83 34 with
1451 1302 59 33 the

296 1353 187 43 provisions
499 1352 39 34 of
550 1352 77 34 that
641 1353 81 39 Act;
739 1352 68 34 and
824 1351 54 43 (3)
896 1352 76 34 that
988 1352 58 33 the
1061 1352 70 33 Act
1146 1351 27 34 is
1189 1351 319 34 unconstitutional.

479 1429 74 34 The
571 1428 172 44 pertinent
761 1428 171 44 provision
949 1427 40 35 of
1002 1428 70 33 Act
1094 1428 64 33 102
1177 1438 37 23 as
1233 1426 137 45 applied
1389 1427 34 34 in
1441 1427 68 34 this

296 1483 138 30 context
447 1478 92 43 gives
552 1478 200 44 preference
763 1483 36 29 to
812 1489 20 23 a
845 1477 122 35 bidder
979 1477 76 35 who
1068 1477 62 35 has
1143 1477 81 44 paid
1237 1482 96 30 taxes
1346 1482 36 29 to
1394 1487 65 24 one
1471 1487 38 24 or

296 1539 96 23 more
401 1528 154 34 counties
565 1539 43 23 on
619 1528 109 34 either
737 1528 71 34 real
818 1539 38 23 or
865 1528 159 43 personal
1034 1532 161 39 property
1204 1527 84 35 used
1298 1538 38 23 or
1345 1526 164 35 intended

296 1583 35 30 to
342 1578 42 35 be
394 1578 84 35 used
489 1578 34 34 in
534 1578 59 35 the
603 1578 240 44 performance
853 1577 39 35 of
899 1577 234 35 construction
1143 1582 173 30 contracts
1326 1577 114 35 where
1450 1577 59 34 the

296 1634 81 29 next
401 1629 64 34 low
490 1628 58 35 bid
572 1640 70 23 was
667 1629 65 34 less
757 1628 84 35 than
867 1627 56 36 3%
947 1628 109 35 above
1080 1628 59 34 the
1163 1628 117 34 lowest
1304 1627 109 35 dollar
1438 1627 68 35 bid.

296 1679 217 44 Appellant’s
525 1679 184 34 assertions
720 1679 77 34 that
808 1679 69 34 Act
893 1679 64 34 102
969 1678 123 35 should
1104 1683 59 30 not
1175 1678 103 44 apply
1288 1683 35 29 to
1335 1683 173 29 contracts

296 1728 161 35 awarded
468 1729 44 43 by
523 1729 58 34 the
591 1729 178 34 Arkansas
780 1728 100 34 State
891 1728 173 43 Highway
1075 1728 231 34 Commission
1317 1727 27 35 is
1355 1727 153 35 founded

296 1779 34 33 in
351 1778 139 34 Section
515 1780 13 32 1
553 1778 39 34 of
608 1779 70 33 Act
702 1779 64 33 102
786 1778 113 34 which
920 1777 167 44 provides:

421 1855 38 34 In
470 1854 176 43 awarding
656 1859 174 30 contracts
840 1854 144 34 covered
995 1854 45 43 by
1049 1854 60 34 the
1118 1854 186 44 provisions
1314 1853 39 35 of
1359 1855 70 33 Act
1443 1854 64 34 159

420 1904 38 35 of
472 1905 99 40 1949,
584 1915 38 24 as
635 1904 182 41 amended,
831 1904 45 44 by
888 1905 70 33 Act
974 1905 63 33 183
1051 1904 40 34 of
1104 1905 98 40 1957,
1216 1903 75 35 bids
1304 1903 39 35 of
1352 1908 155 30 contrac-

420 1960 69 28 tors
499 1955 76 33 who
585 1955 87 34 have
681 1954 247 43 satisfactorily
938 1953 197 44 performed
1145 1954 91 43 prior
1245 1958 183 36 contracts,
1440 1953 68 34 and

420 2004 76 34 who
513 2004 87 34 have
616 2004 81 43 paid
714 2009 97 28 taxes
829 2003 53 34 for
899 2008 60 29 not
976 2003 65 34 less
1059 2003 84 34 than
1160 2008 67 29 two
1246 2002 53 43 (2)
1319 2003 190 34 successive

420 2064 98 32 years
541 2052 236 44 immediately
799 2053 92 43 prior
913 2058 35 28 to
970 2052 204 43 submitting
1196 2063 21 23 a
1239 2052 59 34 bid
1319 2051 109 35 under
1450 2052 59 34 the

420 2103 178 33 Arkansas
622 2102 244 43 Employment
889 2102 160 43 Security
1072 2102 80 40 Act,
1176 2101 68 35 and
1268 2101 240 34 amendments

420 2152 144 41 thereto,
581 2151 68 35 and
664 2152 110 34 either
789 2152 59 34 the
862 2152 179 34 Arkansas
1057 2151 106 34 Gross
1179 2151 161 44 Receipts
1356 2152 69 33 Act
1440 2150 68 35 and

420 2201 241 35 amendments
676 2202 134 34 thereto
825 2212 38 23 or
878 2201 60 35 the
952 2201 179 35 Arkansas
1147 2201 272 43 Compensating
1434 2201 75 34 Tax

420 2253 69 33 Act
510 2251 69 35 and
601 2251 240 35 amendments
863 2251 145 41 thereto,
1030 2261 44 24 on
1096 2262 67 32 any
1184 2255 161 39 property
1366 2250 84 35 used
1471 2261 38 23 or

420 2301 163 35 intended
596 2306 36 30 to
644 2301 43 35 be
700 2301 84 34 used
797 2301 54 34 for
863 2312 38 23 or
914 2301 34 34 in
962 2301 233 34 construction
1208 2311 38 24 or
1258 2300 35 35 in
1306 2300 203 35 connection

420 2351 82 35 with
524 2351 59 34 the
605 2356 212 29 contractors
839 2351 235 34 construction
1096 2351 166 40 business,
1285 2350 69 35 and
1376 2350 134 35 further

420 2401 119 34 within
554 2401 58 34 the
626 2406 68 29 two
710 2400 53 43 (2)
780 2411 81 32 year
875 2400 119 43 period
1008 2400 88 34 have
1109 2400 81 43 paid
1204 2411 68 32 any
1285 2405 97 29 taxes
1396 2405 35 28 to
1445 2410 66 23 one
