1640 2688
307 277 65 33 258

397 955 110 35 Clark
530 957 30 33 &
582 955 191 43 Adkisson,
795 956 53 35 for
869 957 186 44 appellant.

394 1044 141 40 Barber,
568 1045 213 40 McCaskill,
813 1045 150 40 Amsler,
996 1047 108 33 Jones
1137 1048 31 33 &
1200 1047 104 39 Hale,
1336 1049 95 39 P.A.,
1463 1047 53 35 for

304 1094 164 43 appellee.

394 1182 161 34 George
572 1183 99 33 Rose
687 1182 131 41 Smith,
835 1183 141 34 Justice.

993 1183 74 34 The
1082 1184 121 34 claims
1219 1184 153 34 asserted
1388 1195 44 24 on
1448 1185 67 34 this

303 1232 123 42 appeal
439 1242 98 23 arose
548 1231 124 43 during
683 1232 59 34 the
752 1233 234 34 construction
997 1233 39 34 of
1045 1244 20 23 a
1077 1233 155 44 building
1244 1234 35 34 in
1289 1234 140 43 Searcy.
1442 1235 75 34 The

303 1281 165 43 appellee,
479 1281 188 35 American
677 1282 127 41 States,
815 1293 70 24 was
894 1283 59 34 the
963 1288 116 38 surety
1088 1294 44 23 on
1142 1283 59 35 the
1210 1284 140 42 general
1359 1289 156 30 contrac-

303 1330 81 34 tor’s
396 1336 164 38 payment
572 1331 68 34 and
652 1331 240 44 performance
903 1332 102 34 bond.
1017 1333 75 34 The
1103 1333 179 44 plumbing
1293 1333 221 35 subcontrac-

302 1385 64 35 tor,
389 1380 143 34 Central
554 1381 221 34 Mechanical
797 1382 236 41 Contractors,
1056 1383 82 40 Inc.,
1160 1394 70 23 was
1251 1383 119 34 owned
1392 1384 44 43 by
1456 1384 59 34 the

302 1429 187 43 appellant,
509 1430 130 34 Dennis
658 1431 74 33 Rex
751 1431 113 43 Story,
883 1431 69 34 and
970 1432 52 33 his
1040 1432 80 34 wife
1138 1432 121 34 Linda.
1278 1433 74 33 The
1369 1433 146 42 original

302 1478 161 43 plaintiff,
480 1480 146 42 Apache
641 1480 132 43 Supply
790 1480 194 44 Company,
1001 1481 74 34 sold
1091 1481 180 43 plumbing
1287 1482 176 34 materials
1479 1488 36 28 to

302 1527 143 35 Central
461 1529 233 41 Mechanical,
710 1529 112 34 which
836 1530 85 34 used
935 1530 96 34 them
1045 1530 34 34 in
1094 1531 59 34 the
1167 1531 240 43 performance
1421 1531 39 35 of
1471 1532 43 34 its

301 1577 232 35 subcontract.
558 1578 143 35 Central
726 1579 224 36 Mechanical
972 1579 69 35 had
1064 1580 163 35 financial
1250 1581 172 43 problems
1446 1581 68 34 and

302 1626 105 35 failed
418 1633 35 29 to
463 1638 67 33 pay
539 1628 146 44 Apache
694 1629 59 34 the
763 1629 82 34 final
856 1629 146 35 balance
1011 1629 39 35 of
1057 1630 107 34 about
1174 1631 20 36 $
1202 1631 134 41 13,000,
1347 1631 167 43 although

302 1677 142 35 Central
481 1678 222 35 Mechanical
739 1678 68 35 had
843 1679 87 34 been
965 1679 87 44 fully
1087 1680 80 44 paid
1203 1680 44 44 by
1282 1681 59 34 the
1375 1681 139 43 general

300 1732 206 30 contractor.

391 1816 156 43 Apache,
558 1827 37 23 as
606 1828 20 23 a
636 1817 255 41 materialman,
903 1818 112 43 began
1025 1818 68 35 this
1103 1818 172 43 litigation
1285 1819 45 43 by
1339 1819 95 43 filing
1444 1820 69 34 suit

300 1865 136 42 against
446 1866 187 34 American
643 1866 116 35 States
770 1867 53 34 for
833 1867 59 34 the
902 1868 20 36 $
930 1869 123 39 13,000
1063 1868 146 35 balance
1217 1869 96 34 owed
1323 1874 35 29 to
1366 1870 147 43 Apache

300 1914 45 43 by
357 1915 143 34 Central
514 1916 233 34 Mechanical.
760 1917 189 34 American
962 1917 116 35 States
1090 1917 123 35 denied
1226 1918 155 44 liability.
1396 1919 31 34 It
1439 1919 73 34 also

300 1964 79 34 filed
391 1975 19 24 a
421 1965 210 44 third-party
641 1966 189 44 complaint
840 1967 137 42 against
987 1967 144 35 Central
1142 1968 222 35 Mechanical
1374 1968 69 35 and
1453 1969 59 34 the

300 2014 176 43 appellant
487 2015 113 43 Story,
613 2016 168 43 asserting
793 2016 76 35 that
881 2016 29 34 if
918 2017 188 34 American
1118 2017 115 35 States
1245 2018 121 34 should
1378 2018 43 34 be
1431 2018 80 34 held

300 2064 103 34 liable
414 2069 35 29 to
460 2065 156 43 Apache,
628 2065 82 34 then
722 2066 189 34 American
922 2066 116 35 States
1050 2078 69 23 was
1131 2067 142 35 entitled
1284 2073 35 29 to
1326 2067 185 44 judgment

299 2124 79 23 over
391 2114 136 42 against
540 2115 143 34 Central
697 2116 223 34 Mechanical
933 2116 68 34 and
1014 2116 114 44 Story,
1142 2117 147 34 because
1300 2117 60 34 the
1371 2118 139 42 general

299 2168 196 29 contractor
512 2164 69 33 had
600 2164 80 43 paid
699 2165 143 34 Central
861 2166 223 34 Mechanical
1102 2166 35 34 in
1154 2166 64 34 full
1235 2166 68 34 and
1321 2167 103 43 Story
1442 2167 69 34 had

299 2212 183 34 converted
493 2213 59 33 the
562 2213 113 34 funds.
687 2214 103 43 Upon
801 2214 79 34 trial
891 2215 145 33 without
1046 2226 20 23 a
1073 2215 80 43 jury
1163 2215 59 34 the
1231 2221 98 28 court
1339 2216 108 34 found
1457 2216 54 34 for

298 2261 146 44 Apache
462 2262 136 43 against
616 2263 188 34 American
823 2263 117 35 States
959 2264 68 34 and
1046 2275 86 32 gave
1149 2265 188 34 American
1355 2265 116 34 States
1490 2276 21 23 a

294 2311 185 43 judgment
496 2322 79 24 over
591 2312 136 43 against
744 2312 113 45 Story.
876 2314 56 33 He
948 2314 140 43 appeals
1105 2314 68 34 and
1189 2315 188 34 American
1394 2315 116 34 States

298 2371 92 24 cross
408 2362 151 43 appeals.
578 2362 74 34 The
669 2362 110 35 Court
796 2362 39 35 of
849 2363 153 44 Appeals
1020 2363 210 35 transferred
1248 2364 59 34 the
1323 2375 79 24 case
1419 2369 35 30 to
1471 2375 40 24 us

298 2410 109 35 under
428 2411 90 34 Rule
538 2411 176 43 29(4)(b).
