1624 2688
294 400 170 33 exclusive
469 400 218 42 jurisdiction
697 400 39 34 of
742 401 59 34 the
809 401 178 34 Arkansas
997 401 121 34 Public
1126 401 139 34 Service
1274 402 232 34 Commission

296 448 199 43 (A.P.S.C.)
526 449 33 34 in
587 449 114 44 utility
728 455 75 29 rate
829 461 96 24 cases
953 451 62 34 but
1042 450 153 44 refusing
1223 456 35 29 to
1285 451 136 35 dismiss
1448 451 59 35 the

293 499 211 44 petitioner’s
522 500 68 34 suit
607 500 87 34 until
713 500 58 35 the
788 506 99 29 court
904 512 69 23 was
991 500 153 35 satisfied
1161 501 59 35 the
1238 501 182 44 petitioner
1437 501 69 35 had

293 549 68 35 had
376 561 44 23 an
436 550 172 44 adequate
621 551 222 43 opportunity
857 556 36 29 to
907 551 146 35 exhaust
1067 551 51 35 his
1134 551 167 35 remedies
1316 552 119 34 before
1448 552 59 35 the

293 600 166 34 A.P.S.C.

296 262 41 33 58

383 677 74 34 The
469 677 182 43 petitioner
663 677 82 35 then
756 677 195 35 demanded
963 689 45 23 an
1020 678 202 35 immediate
1233 679 143 43 hearing
1388 679 119 35 before

292 726 59 34 the
370 727 196 34 chancellor
585 727 164 43 claiming
769 728 76 34 that
865 728 132 34 AP&L
1016 728 113 34 would
1150 728 80 35 shut
1248 729 53 34 off
1317 729 189 44 electricity

293 776 101 43 being
408 776 84 34 used
507 777 44 43 by
564 777 59 34 the
636 777 183 43 petitioner
832 777 69 35 and
915 778 98 34 those
1026 778 102 43 being
1142 778 219 44 represented
1375 779 45 43 by
1433 779 73 34 him

292 826 98 34 when
403 826 81 43 they
495 826 138 34 refused
645 832 35 29 to
692 837 67 33 pay
770 832 92 29 rates
873 827 145 34 deemed
1030 827 45 44 by
1086 828 96 34 them
1193 833 35 29 to
1240 828 43 34 be
1294 828 125 43 illegal.
1431 829 75 34 The

291 876 196 34 chancellor
497 876 123 34 denied
630 876 59 34 the
698 877 131 34 motion
839 876 53 35 for
902 888 44 23 an
956 877 202 35 immediate
1167 877 153 43 hearing.
1332 878 64 34 His
1406 878 100 34 order

292 925 103 34 noted
419 925 76 34 that
519 926 59 34 the
602 926 182 43 petitioner
809 926 69 34 had
902 927 87 34 been
1013 927 144 34 allowed
1182 932 35 29 to
1241 927 206 44 participate
1470 928 35 34 in

292 975 171 43 pertinent
473 975 160 43 hearings
643 975 118 34 before
770 975 59 35 the
837 976 168 34 A.P.S.C.
1016 976 68 34 and
1094 977 76 33 that
1179 976 169 35 decisions
1358 977 103 34 made
1469 982 36 29 at

291 1024 98 33 those
399 1024 160 42 hearings
569 1035 89 23 were
668 1025 205 42 appealable
882 1030 35 28 to
928 1025 59 33 the
996 1025 179 34 Arkansas
1186 1026 110 33 Court
1306 1026 39 33 of
1351 1027 153 42 Appeals

291 1078 168 37 pursuant
478 1078 35 28 to
531 1073 85 33 Ark.
636 1073 90 34 Stat.
746 1074 91 33 Ann.
860 1074 17 41 §
899 1073 224 43 73-229.1(b)
1147 1074 123 43 (Supp.
1295 1074 116 43 1985).
1431 1075 75 34 The

291 1121 196 34 chancellor
503 1122 72 33 also
592 1121 104 35 noted
713 1122 76 34 that
805 1122 110 34 under
931 1123 167 34 A.P.S.C.
1117 1123 210 43 regulations
1344 1124 59 34 the
1419 1124 85 44 peti-

291 1170 110 34 tioner
414 1170 68 35 and
495 1171 98 34 those
606 1171 219 44 represented
838 1172 45 43 by
896 1172 73 34 him
981 1183 89 24 were
1083 1173 34 35 in
1130 1183 44 24 no
1187 1172 130 44 danger
1330 1173 39 35 of
1379 1173 125 44 having

290 1220 89 34 their
390 1221 139 34 electric
538 1232 114 33 power
662 1222 80 34 shut
752 1222 52 34 off
810 1222 88 34 until
909 1222 45 34 all
965 1222 161 44 hearings
1136 1233 44 24 on
1190 1223 60 34 the
1259 1223 160 44 disputed
1430 1229 75 29 rate

290 1281 89 24 were
399 1271 121 35 ended.

380 1348 74 35 The
465 1349 182 44 petitioner
659 1349 80 35 filed
751 1361 19 23 a
783 1350 144 44 petition
938 1350 54 35 for
1003 1361 20 24 a
1035 1351 77 35 writ
1123 1351 39 34 of
1170 1351 208 35 mandamus
1390 1352 34 34 in
1435 1352 68 35 this

289 1403 98 30 court
398 1409 43 24 on
453 1399 199 35 November
664 1401 170 40 20,1985,
846 1401 122 43 asking
979 1401 76 34 that
1066 1412 51 23 we
1127 1401 101 34 order
1238 1402 59 34 the
1308 1401 196 36 chancellor

289 1453 36 29 to
339 1448 146 44 proceed
500 1449 82 34 with
596 1450 59 34 the
669 1460 89 24 case.
775 1450 96 35 With
886 1450 59 35 the
959 1451 145 43 petition
1118 1451 59 34 the
1191 1451 183 44 petitioner
1388 1451 80 35 filed
1482 1463 20 23 a

289 1498 131 34 motion
430 1499 122 43 asking
562 1499 76 35 that
648 1510 51 24 we
709 1500 158 44 expedite
877 1500 59 34 the
945 1505 138 30 matter.
1095 1501 66 34 We
1170 1501 124 35 denied
1304 1501 60 35 the
1373 1502 76 34 writ
1458 1513 44 23 on

288 1548 200 34 November
505 1550 55 39 25,
582 1550 99 40 1985,
699 1549 145 35 without
860 1555 185 30 comment.
1064 1551 57 34 On
1138 1551 194 34 December
1349 1553 32 39 2,
1403 1553 98 40 1985,

288 1598 59 34 the
373 1598 182 43 petitioner
581 1598 81 35 filed
688 1610 20 23 a
735 1599 130 35 motion
892 1600 122 43 asking
1040 1600 77 35 that
1142 1612 52 22 we
1219 1601 195 34 reconsider
1440 1612 62 24 our

288 1647 151 35 decision
460 1648 34 34 in
515 1648 87 43 light
622 1648 39 35 of
678 1649 51 34 his
751 1649 91 34 brief
859 1649 80 35 filed
960 1660 44 24 on
1024 1650 200 35 November
1245 1652 55 39 25,
1326 1652 98 33 1985.

380 1725 38 33 In
434 1724 82 34 both
532 1725 58 34 the
605 1725 207 35 mandamus
826 1726 145 43 petition
986 1726 69 34 and
1070 1727 59 34 the
1143 1727 92 34 brief
1245 1727 60 34 the
1319 1728 182 43 petitioner

287 1773 166 34 contends
465 1774 51 33 his
528 1784 104 24 cause
643 1774 27 34 is
683 1785 44 23 an
739 1774 138 43 “illegal
889 1775 181 34 exaction”
1083 1776 68 34 suit
1163 1776 184 43 permitted
1358 1777 45 42 by
1414 1777 85 34 Ark.

288 1822 119 34 Const,
421 1827 64 29 art.
503 1824 52 39 16,
570 1823 17 42 §
605 1825 51 32 13.
671 1824 56 33 He
738 1824 84 34 cites
834 1835 20 23 a
867 1824 147 34 number
1025 1824 40 34 of
1074 1835 95 24 cases
1181 1825 35 34 in
1227 1825 112 34 which
1351 1836 51 23 we
1413 1826 88 34 have

287 1871 79 34 held
377 1882 38 24 or
425 1872 75 34 said
511 1872 76 34 that
598 1883 44 24 an
653 1873 115 43 illegal
778 1873 159 35 exaction
948 1874 69 34 suit
1027 1874 28 34 is
1065 1885 65 24 one
1140 1874 112 35 which
1262 1885 81 33 may
1352 1875 147 44 proceed

287 1921 132 44 despite
429 1922 59 34 the
497 1922 172 35 existence
678 1922 39 35 of
724 1923 98 34 other
831 1923 174 44 adequate
1013 1924 179 35 remedies.
1203 1925 59 34 No
1270 1935 80 24 case
1359 1925 27 34 is
1396 1925 103 41 cited,

286 1971 167 41 however,
468 1972 34 34 in
516 1972 112 34 which
642 1973 67 34 this
723 1978 99 29 court
835 1973 63 34 has
912 1973 144 35 ordered
1070 1985 20 23 a
1105 1974 78 34 trial
1197 1980 98 28 court
1308 1980 36 29 to
1357 1975 84 34 hear
1454 1986 45 23 an

286 2021 115 42 illegal
419 2021 158 35 exaction
593 2022 69 34 suit
679 2022 34 34 in
731 2022 88 44 spite
835 2022 39 35 of
887 2023 60 34 the
963 2023 173 35 existence
1152 2023 39 35 of
1204 2024 98 34 other
1319 2024 179 35 remedies.

470 2098 158 43 Nothing
643 2098 34 35 in
693 2098 59 35 the
766 2099 211 44 petitioner’s
993 2099 92 35 brief
1096 2100 180 35 convinces
1290 2112 40 23 us
1345 2112 51 23 we
1409 2112 90 23 were

286 2147 179 35 incorrect.
488 2148 115 34 While
623 2148 26 35 it
670 2148 27 35 is
718 2153 77 30 true
815 2160 51 23 we
886 2149 87 35 have
994 2149 87 35 been
1101 2150 121 35 liberal
1243 2150 34 34 in
1298 2150 201 44 permitting

285 2197 115 43 illegal
411 2198 158 34 exaction
579 2198 96 41 suits,
686 2209 66 29 see,
765 2210 73 32 e.g.,
850 2199 174 35 Nelson v.
1034 2201 119 42 Berry,
1165 2201 67 33 242
1242 2201 85 34 Ark.
1339 2202 157 39 273, 413

285 2247 143 34 S.W.2d
447 2248 44 33 46
512 2247 137 43 (1967),
668 2259 51 23 we
737 2248 87 35 have
841 2248 80 35 held
939 2249 77 34 that
1034 2260 44 23 an
1096 2249 115 44 illegal
1229 2250 157 34 exaction
1404 2261 93 24 com­

285 2296 109 44 plaint
405 2308 70 23 was
486 2302 59 29 not
556 2308 123 33 proper
690 2298 114 34 where
815 2299 171 34 exclusive
992 2299 219 43 jurisdiction
1222 2299 39 35 of
1268 2300 59 34 the
1337 2300 159 44 underly­

285 2346 57 43 ing
355 2351 127 30 matter
494 2358 70 23 was
576 2347 181 35 conferred
769 2359 44 23 on
825 2348 60 34 the
896 2348 123 35 circuit
1030 2349 117 34 rather
1159 2349 84 35 than
1255 2350 59 34 the
1326 2350 172 43 chancery

284 2401 108 29 court.
410 2397 112 43 Curry
535 2408 30 23 v.
580 2399 162 39 Dawson,
757 2399 66 33 238
839 2398 85 34 Ark.
941 2399 78 40 310,
1036 2399 66 34 379
1117 2399 143 34 S.W.2d
1274 2400 67 33 287
1359 2399 137 43 (1967).
