1632 2696
121 411 69 34 and
215 422 70 23 was
312 411 59 34 red
396 412 70 34 hot.
493 412 71 34 She
589 412 108 34 found
723 412 94 40 Visa,
843 412 35 34 in
903 412 148 44 diapers,
1077 412 119 43 sitting
1221 423 44 23 on
1290 423 44 23 an

121 461 175 34 electrical
312 461 82 34 cord
410 461 82 35 with
509 472 20 24 a
546 461 148 44 dishpan
711 461 39 35 of
762 461 91 44 dirty
869 467 106 29 water
992 467 81 29 next
1089 467 36 29 to
1140 462 71 34 her.
1229 462 106 43 Mary

122 512 81 33 Ann
213 522 69 23 was
293 511 34 34 in
336 511 59 34 the
404 522 96 23 same
508 522 97 24 room
615 511 35 34 in
660 522 20 24 a
689 512 158 43 playpen.
858 511 71 35 She
937 523 70 23 was
1016 511 130 44 crying.
1157 512 70 34 She
1236 511 69 35 had
1315 523 20 23 a

122 561 96 34 thick
233 571 143 24 mucous
391 561 109 34 caked
515 561 109 35 under
639 561 61 34 her
715 572 82 24 nose
811 561 69 35 and
894 573 21 23 a
930 562 150 43 pus-like
1094 561 184 35 substance
1292 573 44 23 on

122 611 61 34 her
194 611 97 34 neck.
303 611 70 34 She
383 611 68 35 had
462 622 20 24 a
492 611 104 35 circle
606 611 133 35 around
750 611 60 35 her
820 612 88 34 neck
916 611 39 35 of
962 612 93 34 what
1066 611 172 45 appeared
1248 617 35 29 to
1293 611 44 35 be

123 672 20 23 a
166 666 169 39 raw-type
358 661 174 35 infection.
556 661 72 35 She
649 673 70 23 was
742 662 60 34 hot
823 667 35 29 to
880 662 59 34 the
961 662 116 41 touch,
1100 661 144 42 flushed,
1268 662 68 34 and

123 711 174 44 appeared
318 711 81 34 sick.

1269 272 62 33 115

215 793 189 44 Appellant
416 793 87 35 later
514 794 83 34 took
608 793 59 35 the
679 793 155 35 children
846 799 35 29 to
893 794 61 34 her
966 794 114 35 aunt’s
1092 794 117 35 house.
1222 794 116 35 While

124 843 108 41 there,
252 843 97 34 there
367 854 88 24 were
473 844 126 34 almost
617 843 94 44 daily
729 849 132 38 reports
880 843 90 35 from
988 844 60 35 the
1066 849 85 30 aunt
1169 849 35 30 to
1223 844 115 35 Social

124 893 156 34 Services
297 893 77 34 that
390 894 176 43 appellant
582 905 70 23 was
669 899 60 29 not
745 894 244 44 participating
1007 894 34 35 in
1058 894 59 35 the
1132 905 80 24 care
1227 894 40 35 of
1280 894 59 35 the

124 943 167 34 children.
320 943 149 41 Instead,
497 943 60 35 the
583 944 98 34 Aunt
707 943 86 41 said,
820 944 61 34 she
907 955 70 23 was
1004 944 103 43 going
1134 949 35 29 to
1195 955 57 24 see
1278 944 61 34 her

125 992 182 43 boyfriend
323 992 52 34 for
389 998 67 29 two
470 1003 38 24 or
522 993 98 34 three
634 993 68 43 day
716 993 146 44 periods.
877 993 190 44 Appellant
1080 994 80 43 only
1174 993 164 35 attended

125 1042 98 34 three
236 1042 39 34 of
285 1042 59 34 the
356 1042 50 34 six
419 1042 96 34 basic
527 1042 93 34 child
633 1053 81 23 care
726 1043 125 34 classes
864 1043 112 34 which
990 1054 20 23 a
1024 1043 267 43 representative
1303 1043 39 34 of

125 1091 117 34 Social
263 1091 154 35 Services
438 1092 181 43 arranged.

219 1172 112 35 When
344 1173 175 43 appellant
530 1184 70 23 was
616 1174 40 33 16
669 1184 99 33 years
779 1173 56 35 old
847 1174 61 34 she
919 1173 69 35 had
1000 1185 20 23 a
1032 1173 233 44 miscarriage,
1278 1174 62 34 but

126 1222 59 34 did
197 1227 60 29 not
268 1223 80 33 seek
359 1222 89 44 help.
461 1223 116 34 While
587 1223 62 34 she
660 1223 62 34 has
733 1223 155 34 received
900 1224 127 34 CETA
1034 1223 62 43 job
1107 1224 161 43 training,
1279 1224 61 34 she

126 1272 63 34 has
200 1277 59 29 not
270 1272 69 34 had
350 1283 20 23 a
377 1272 71 43 job.
459 1272 71 35 She
540 1273 123 34 moved
674 1273 91 34 from
775 1273 107 34 house
891 1278 36 29 to
937 1273 108 34 house
1054 1273 88 35 until
1152 1273 61 35 she
1222 1274 118 43 finally

126 1321 124 35 moved
262 1321 34 35 in
306 1322 82 34 with
400 1322 60 34 her
471 1322 193 44 boyfriend,
677 1323 45 43 by
732 1323 114 34 whom
856 1323 61 34 she
927 1323 63 34 has
1001 1323 70 35 had
1082 1323 144 35 another
1237 1323 101 44 baby.

126 1372 75 34 The
219 1372 175 43 appellant
411 1372 69 35 had
498 1372 95 44 eight
609 1372 96 35 visits
722 1373 83 34 with
822 1373 60 34 her
900 1372 155 35 children
1072 1384 79 24 over
1168 1373 59 35 the
1244 1373 97 35 three

126 1432 100 32 years
239 1422 236 44 immediately
487 1422 120 34 before
620 1423 90 40 trial,
724 1422 69 35 and
805 1423 59 34 the
876 1422 155 35 children
1043 1434 89 24 were
1145 1423 195 43 frightened

126 1471 40 34 of
183 1471 61 34 her
264 1471 124 43 during
408 1472 59 34 the
486 1472 106 34 visits.

313 1553 101 33 From
437 1552 59 35 the
519 1552 180 43 foregoing
723 1553 161 34 evidence
906 1564 51 23 we
980 1553 113 35 affirm
1115 1553 59 35 the
1197 1554 143 44 probate

126 1601 128 35 court’s
283 1601 130 44 finding
441 1602 77 35 that
547 1602 138 44 placing
714 1602 59 35 the
800 1602 155 35 children
983 1603 34 35 in
1046 1603 59 35 the
1133 1603 144 45 custody
1304 1603 39 35 of

126 1652 178 45 appellant
322 1652 112 36 would
453 1653 89 35 raise
559 1664 21 24 a
598 1653 208 35 substantial
824 1653 70 35 risk
910 1653 40 35 of
964 1654 130 35 serious
1112 1654 100 35 harm
1229 1659 35 30 to
1282 1654 59 36 the

126 1702 156 35 children
296 1703 148 35 because
457 1704 177 43 appellant
648 1704 28 34 is
690 1704 243 44 irremediably
946 1704 127 35 unable
1086 1710 36 29 to
1135 1705 139 44 provide
1287 1705 53 35 for

126 1753 60 34 the
201 1753 97 34 basic
313 1753 165 44 physical,
495 1754 142 40 mental,
655 1754 68 34 and
739 1754 186 35 emotional
942 1755 104 34 needs
1061 1755 40 34 of
1113 1755 59 34 the
1186 1755 154 35 children

126 1813 80 23 over
227 1813 45 23 an
293 1803 168 34 extended
482 1803 119 43 period
621 1803 40 34 of
678 1804 94 33 time.

359 1884 84 34 Ark.
470 1884 89 34 Stat.
586 1885 92 33 Ann.
707 1884 17 43 §
753 1884 205 43 56-128(F),
984 1885 60 34 the
1068 1885 130 34 section
1223 1885 38 34 of
1283 1885 59 35 the

127 1938 132 29 statute
279 1933 109 35 under
409 1934 112 34 which
542 1945 52 23 we
614 1934 113 34 affirm
748 1934 68 35 this
837 1945 90 31 case,
949 1934 157 45 provides
1127 1935 76 35 that
1224 1935 119 35 before

127 1983 152 43 grounds
301 1995 80 32 may
401 1984 43 34 be
464 1984 211 35 established
695 1984 109 35 under
824 1985 68 34 this
912 1985 208 41 subsection,
1142 1985 59 35 the
1220 1990 122 39 parent

128 2039 94 29 must
236 2033 44 35 be
294 2034 99 43 given
408 2034 166 35 remedial
590 2040 143 39 support
747 2035 144 35 services
906 2035 165 44 designed
1086 2040 36 30 to
1136 2035 133 35 reunite
1283 2035 60 36 the

127 2084 94 34 child
243 2084 69 34 and
334 2090 131 38 parent.
488 2085 76 34 The
585 2085 145 35 services
752 2091 93 32 must
866 2085 66 35 last
954 2091 36 29 at
1012 2086 87 34 least
1120 2086 51 34 six
1193 2086 148 35 months.

127 2134 191 43 Appellant
335 2134 165 35 contends
517 2135 77 34 that
611 2135 61 34 she
688 2135 60 34 did
765 2140 59 29 not
841 2136 132 33 receive
989 2136 171 34 sufficient
1176 2136 166 34 remedial

127 2183 158 34 services.
307 2184 65 33 We
391 2184 71 33 find
483 2195 44 22 no
547 2184 103 34 merit
670 2184 35 33 in
725 2185 59 33 the
804 2190 193 36 argument.

219 2264 34 33 A
273 2263 235 44 Permanency
528 2264 170 43 Planning
718 2264 194 43 Specialist,
933 2264 137 35 Sandra
1091 2265 161 41 Walters,
1272 2276 70 23 was

128 2312 161 44 assigned
306 2318 35 29 to
358 2313 204 44 appellant’s
580 2313 132 45 family.
731 2314 71 34 She
817 2314 149 35 testified
983 2319 35 30 to
1035 2325 185 24 numerous
1235 2314 107 41 visits,

128 2362 69 35 and
216 2363 61 34 her
295 2363 110 35 initial
423 2364 78 43 goal
519 2375 70 23 was
607 2369 36 29 to
660 2369 118 29 return
796 2364 59 34 the
871 2364 155 35 children
1044 2369 36 30 to
1098 2364 185 45 appellant.
1303 2365 40 34 In

128 2413 101 34 order
253 2418 35 29 to
312 2414 210 43 accomplish
546 2414 77 34 that
646 2414 90 43 goal,
760 2414 61 34 she
844 2414 123 44 helped
991 2415 177 43 appellant
1191 2414 68 35 and
1283 2414 61 35 her
