1673 2695
296 408 68 35 and
382 406 302 42 Administration,
704 407 100 34 while
823 407 58 34 the
900 406 159 35 Director
1077 405 39 35 of
1132 405 59 35 the
1209 405 178 35 Arkansas
1406 405 100 34 State

296 458 173 43 Highway
477 457 69 35 and
555 457 284 44 Transportation
849 457 230 43 Department
1088 455 220 35 administers
1317 455 59 34 the
1385 460 58 29 tax
1452 453 54 36 for

295 508 46 34 all
357 507 263 35 non-Arkansas
636 506 286 43 base-registered
939 506 127 34 trucks.
1083 505 74 35 The
1172 507 70 33 Act
1257 504 156 44 provides
1429 504 77 35 that

296 558 59 34 the
366 557 103 35 HUE
479 562 58 29 tax
550 556 54 35 for
615 557 45 34 all
673 556 148 34 vehicles
832 566 65 24 can
910 556 43 34 be
964 555 153 35 satisfied
1128 554 150 43 through
1289 555 60 34 the
1360 554 146 35 election

295 612 36 29 to
351 617 76 33 pay:

295 269 69 33 494

390 686 32 43 1)
473 696 44 24 an
538 685 127 35 annual
686 685 61 34 flat
767 684 55 35 fee
841 684 41 35 of
899 685 102 40 $175;

386 765 37 43 2)
473 776 20 24 a
516 765 55 35 fee
592 765 102 44 equal
716 770 35 29 to
775 766 42 40 50
840 775 60 34 per
922 765 82 34 mile
1025 763 53 35 for
1100 774 101 33 every
1222 762 82 35 mile
1325 762 60 34 the
1405 761 101 35 truck

472 813 165 35 travelled
653 814 35 33 in
704 813 178 34 Arkansas
898 812 124 43 during
1038 813 59 34 the
1113 812 157 44 previous
1286 811 219 43 registration

473 873 92 33 year;
585 873 38 24 or

387 943 36 43 3)
473 942 53 35 for
537 943 59 34 the
607 942 169 44 purchase
786 941 39 36 of
833 954 20 23 a
866 942 67 44 trip
944 941 125 45 permit
1080 947 36 29 at
1128 941 59 35 the
1197 946 75 30 rate
1282 941 40 35 of
1330 941 104 37 $8.00
1445 951 60 33 per

472 992 157 35 hundred
650 992 98 35 miles
768 992 128 35 driven.

385 1073 75 35 The
471 1073 192 44 appellants
675 1072 177 44 primarily
864 1077 69 30 rest
944 1072 89 35 their
1044 1077 200 38 arguments
1256 1082 44 24 on
1311 1071 60 35 the
1381 1071 123 35 results

295 1123 40 35 of
351 1134 20 23 a
392 1133 121 33 survey
533 1122 193 35 conducted
747 1123 44 43 by
811 1123 99 34 ATA
929 1121 183 44 regarding
1133 1122 178 34 Arkansas
1332 1121 69 35 and
1421 1131 83 24 non-

295 1173 178 34 Arkansas
495 1172 286 44 base-registered
804 1172 116 35 trucks
942 1183 92 33 upon
1056 1171 112 35 which
1190 1171 60 35 the
1272 1172 102 34 HUE
1395 1176 60 30 tax
1477 1170 28 36 is

295 1222 165 44 imposed.
473 1222 73 35 The
557 1233 122 33 survey
690 1222 133 40 results,
836 1222 185 42 according
1032 1226 35 30 to
1078 1222 204 43 appellants,
1295 1220 209 35 established

295 1272 76 34 that
386 1272 59 34 the
460 1282 146 32 average
621 1276 74 30 cost
710 1271 39 34 of
761 1271 196 44 complying
972 1271 82 34 with
1070 1271 59 34 the
1145 1271 102 34 HUE
1262 1275 70 36 tax,
1349 1281 44 24 on
1409 1281 20 23 a
1445 1280 60 34 per

295 1321 81 34 mile
399 1321 39 34 of
457 1321 178 43 operation
659 1320 102 41 basis,
785 1320 123 35 affects
931 1321 263 33 non-Arkansas
1218 1319 287 42 base-registered

295 1370 116 34 trucks
432 1375 36 29 at
489 1380 19 24 a
529 1375 75 29 rate
625 1369 103 35 370%
748 1369 121 43 higher
889 1369 84 35 than
994 1369 26 34 it
1040 1369 148 43 impacts
1208 1369 178 34 Arkansas
1407 1369 97 34 base-

295 1419 187 43 registered
498 1419 127 35 trucks.
642 1418 120 36 Under
778 1419 97 34 these
890 1419 279 41 circumstances,
1186 1419 193 43 appellants
1395 1418 109 34 main-

295 1469 72 35 tain
382 1470 59 34 the
456 1468 165 45 practical
636 1468 104 35 effect
754 1468 39 35 of
804 1468 59 35 the
879 1468 101 35 HUE
994 1473 60 30 tax
1068 1468 28 35 is
1111 1473 36 29 to
1161 1467 343 45 unconstitutionally

295 1519 236 35 discriminate
543 1518 136 44 against
690 1518 59 35 the
761 1518 263 35 non-Arkansas
1036 1517 106 36 based
1153 1518 160 34 vehicles’
1325 1528 62 24 use
1398 1517 39 35 of
1446 1517 59 35 the

295 1569 187 43 highways.
500 1569 74 34 The
590 1568 192 44 appellants
799 1579 84 32 urge
899 1578 101 24 seven
1017 1568 112 43 points
1146 1567 53 35 for
1216 1567 159 40 reversal,
1392 1567 112 35 which

295 1618 68 34 will
384 1618 42 34 be
446 1617 175 36 discussed
641 1617 234 44 individually.

886 1738 25 34 I.

301 1819 95 33 THE
415 1819 100 34 HUE
538 1819 95 33 TAX
653 1817 229 35 VIOLATES
905 1818 96 34 THE
1022 1817 278 35 COMMERCE
1320 1817 183 34 CLAUSE

477 1922 116 35 States
603 1933 59 24 are
671 1927 59 30 not
740 1921 185 45 permitted
934 1926 36 31 to
979 1927 59 29 tax
1047 1922 180 35 interstate
1235 1932 194 24 commerce
1437 1921 34 35 in
1482 1933 20 23 a

294 1983 144 23 manner
450 1972 75 34 that
537 1971 253 35 discriminates
802 1971 34 35 in
849 1972 98 34 favor
958 1972 39 34 of
1005 1972 88 34 local
1105 1971 170 35 interests.
1286 1971 217 35 Northwest­

294 2032 60 23 ern
372 2021 121 34 States
513 2020 172 35 Portland
705 2022 143 33 Cement
871 2022 60 33 Co.
952 2032 31 23 v.
1005 2022 213 39 Minnesota,
1241 2022 65 33 358
1329 2021 84 33 U.S.
1434 2021 67 34 450

296 2070 138 43 (1959);
445 2072 133 33 Boston
586 2070 113 35 Stock
709 2069 230 45 Exchange v.
950 2071 103 33 State
1068 2072 75 32 Tax
1156 2070 170 40 Comm’n,
1338 2070 68 34 429
1418 2069 82 35 U.S.

295 2121 65 33 318
385 2119 136 43 (1977).

384 2199 74 34 The
467 2199 192 44 appellants
670 2209 126 33 pursue
806 2203 67 30 two
883 2199 147 34 theories
1041 2198 34 35 in
1086 2198 89 35 their
1183 2209 195 24 commerce
1387 2199 115 34 clause

294 2253 193 38 argument.
515 2249 99 40 First,
641 2249 81 43 they
747 2253 90 30 state
862 2248 59 35 the
947 2249 102 34 HUE
1074 2253 69 36 tax,
1170 2248 168 43 although
1363 2247 139 45 facially

293 2298 146 41 neutral,
459 2298 147 44 imposes
625 2309 20 23 a
664 2297 55 35 far
737 2297 122 43 higher
877 2298 158 34 effective
1052 2303 58 29 tax
1129 2303 75 29 rate
1222 2308 43 24 on
1284 2297 220 35 out-of-state

293 2348 117 34 trucks
424 2348 85 34 than
523 2358 44 24 on
582 2347 141 35 in-state
736 2347 117 35 trucks
868 2347 53 35 for
935 2348 60 34 the
1008 2358 96 24 same
1117 2357 62 25 use
1192 2347 39 34 of
1242 2347 59 34 the
1314 2347 188 43 highways.

293 2397 105 35 Their
409 2397 127 35 second
548 2403 183 37 argument
743 2398 28 34 is
783 2397 76 35 that
872 2408 37 24 as
922 2408 20 23 a
954 2397 72 41 flat,
1039 2397 304 44 nonproportional
1355 2401 70 36 tax,
1438 2396 26 35 it
1476 2396 28 35 is
