<?xml version='1.0' encoding='utf-8'?>
<alto xmlns="http://www.loc.gov/standards/alto/ns-v3#">
  <!--Created by Innodata R.E.D. RLI tool: 2017-04-25 06:27:35.775030-->
  <Description>
    <MeasurementUnit>pixel</MeasurementUnit>
    <sourceImageInformation>
      <fileName>32044078577194_00275_0.tif</fileName>
    </sourceImageInformation>
    <OCRProcessing ID="OP_1">
      <ocrProcessingStep>
        <processingStepDescription>Alto coordinates refer to the deskewed TIFF file. 
		To convert point (x, y) to original image (TIFF or JP2) apply transformation matrix T=(m00, m01, m10, m11, b0, b1) using the rule:
			T * (x,y) = (m00 * x + m01 * y + b0), (m10 * x + m11 * y + b1)</processingStepDescription>
        <processingStepSettings>RED.transform=(0.9999920000106667, -0.003999989333341867, 0.003999989333341867, 0.9999920000106667, -0.6240000000000236, -6.795999999999951)</processingStepSettings>
      </ocrProcessingStep>
    </OCRProcessing>
  </Description>
  <Styles>
    <TextStyle FONTFAMILY="Times New Roman" FONTSIZE="10.50" FONTTYPE="serif" FONTWIDTH="proportional" ID="Style_3"/>
    <TextStyle FONTFAMILY="Times New Roman" FONTSIZE="10.50" FONTSTYLE="bold smallcaps" FONTTYPE="serif" FONTWIDTH="proportional" ID="Style_4"/>
    <TextStyle FONTFAMILY="Times New Roman" FONTSIZE="11.00" FONTSTYLE="italics" FONTTYPE="serif" FONTWIDTH="proportional" ID="Style_5"/>
  </Styles>
  <Tags>
    <StructureTag ID="Ajt" LABEL="pagelabel"/>
    <StructureTag ID="b549-2" LABEL="name"/>
    <StructureTag ID="b549-3" LABEL="docketnum"/>
    <StructureTag ID="AU3" LABEL="citation"/>
    <StructureTag ID="b549-4" LABEL="court"/>
    <StructureTag ID="A04" LABEL="decisiondate"/>
    <StructureTag ID="b549-8" LABEL="attorneys"/>
    <StructureTag ID="b549-9" LABEL="attorneys"/>
    <StructureTag ID="b549-10" LABEL="author"/>
    <StructureTag ID="AGT" LABEL="p"/>
  </Tags>
  <Layout>
    <Page HEIGHT="2695" ID="PG_549" PHYSICAL_IMG_NR="549" WIDTH="1660">
      <PrintSpace HEIGHT="2695" HPOS="0" ID="PS_549" VPOS="0" WIDTH="1660">
        <TextBlock HEIGHT="33.0" HPOS="1274.0" ID="BL_549.2" TAGREFS="Ajt" VPOS="285.0" WIDTH="62.0">
          <TextLine HEIGHT="33" HPOS="1274" ID="TL_549.2.1" VPOS="285" WIDTH="62">
            <String CONTENT="511" HEIGHT="33" HPOS="1274" ID="ST_549.2.1.1" STYLEREFS="Style_4" VPOS="285" WIDTH="62" WC="0.98" CC="000" TAGREFS=""/>
          </TextLine>
        </TextBlock>
        <TextBlock HEIGHT="86.0" HPOS="203.0" ID="BL_549.3" TAGREFS="b549-2" VPOS="424.0" WIDTH="1070.0">
          <TextLine HEIGHT="44" HPOS="203" ID="TL_549.3.1" VPOS="424" WIDTH="1070">
            <String CONTENT="Mary" HEIGHT="43" HPOS="203" ID="ST_549.3.1.1" STYLEREFS="Style_3" VPOS="425" WIDTH="104" WC="0.94" CC="0000" TAGREFS=""/>
            <SP HPOS="307" ID="SP_549.3.1.2" VPOS="424" WIDTH="22"/>
            <String CONTENT="Maxine" HEIGHT="35" HPOS="329" ID="ST_549.3.1.3" STYLEREFS="Style_3" VPOS="424" WIDTH="143" WC="0.89" CC="000000" TAGREFS=""/>
            <SP HPOS="472" ID="SP_549.3.1.4" VPOS="425" WIDTH="21"/>
            <String CONTENT="ZAJAC," HEIGHT="41" HPOS="493" ID="ST_549.3.1.5" STYLEREFS="Style_3" VPOS="425" WIDTH="165" WC="0.95" CC="000000" TAGREFS=""/>
            <SP HPOS="658" ID="SP_549.3.1.6" VPOS="425" WIDTH="21"/>
            <String CONTENT="Administratrix" HEIGHT="35" HPOS="679" ID="ST_549.3.1.7" STYLEREFS="Style_3" VPOS="425" WIDTH="285" WC="0.99" CC="00000000000000" TAGREFS=""/>
            <SP HPOS="964" ID="SP_549.3.1.8" VPOS="437" WIDTH="20"/>
            <String CONTENT="v." HEIGHT="23" HPOS="984" ID="ST_549.3.1.9" STYLEREFS="Style_3" VPOS="437" WIDTH="28" WC="0.58" CC="90" TAGREFS=""/>
            <SP HPOS="1012" ID="SP_549.3.1.10" VPOS="425" WIDTH="24"/>
            <String CONTENT="MISSOURI" HEIGHT="35" HPOS="1036" ID="ST_549.3.1.11" STYLEREFS="Style_3" VPOS="425" WIDTH="237" WC="0.96" CC="00000000" TAGREFS=""/>
          </TextLine>
          <TextLine HEIGHT="36" HPOS="444" ID="TL_549.3.2" VPOS="474" WIDTH="585">
            <String CONTENT="PACIFIC" HEIGHT="35" HPOS="444" ID="ST_549.3.2.1" STYLEREFS="Style_3" VPOS="474" WIDTH="192" WC="1.00" CC="0000000" TAGREFS=""/>
            <SP HPOS="636" ID="SP_549.3.2.2" VPOS="475" WIDTH="21"/>
            <String CONTENT="RAILROAD" HEIGHT="35" HPOS="657" ID="ST_549.3.2.3" STYLEREFS="Style_3" VPOS="475" WIDTH="253" WC="0.78" CC="00000000" TAGREFS=""/>
            <SP HPOS="910" ID="SP_549.3.2.4" VPOS="481" WIDTH="21"/>
            <String CONTENT="et" HEIGHT="29" HPOS="931" ID="ST_549.3.2.5" STYLEREFS="Style_3" VPOS="481" WIDTH="34" WC="1.00" CC="00" TAGREFS=""/>
            <SP HPOS="965" ID="SP_549.3.2.6" VPOS="476" WIDTH="20"/>
            <String CONTENT="al." HEIGHT="34" HPOS="985" ID="ST_549.3.2.7" STYLEREFS="Style_3" VPOS="476" WIDTH="44" WC="0.81" CC="090" TAGREFS=""/>
          </TextLine>
        </TextBlock>
        <TextBlock HEIGHT="34.0" HPOS="134.0" ID="BL_549.4" TAGREFS="b549-3" VPOS="591.0" WIDTH="129.0">
          <TextLine HEIGHT="34" HPOS="134" ID="TL_549.4.1" VPOS="591" WIDTH="129">
            <String CONTENT="85-289" HEIGHT="34" HPOS="134" ID="ST_549.4.1.1" STYLEREFS="Style_3" VPOS="591" WIDTH="129" WC="0.74" CC="000000" TAGREFS=""/>
          </TextLine>
        </TextBlock>
        <TextBlock HEIGHT="35.0" HPOS="1023.0" ID="BL_549.5" TAGREFS="AU3" VPOS="592.0" WIDTH="318.0">
          <TextLine HEIGHT="35" HPOS="1023" ID="TL_549.5.1" VPOS="592" WIDTH="318">
            <String CONTENT="707" HEIGHT="33" HPOS="1023" ID="ST_549.5.1.1" STYLEREFS="Style_3" VPOS="593" WIDTH="66" WC="0.94" CC="000" TAGREFS=""/>
            <SP HPOS="1089" ID="SP_549.5.1.2" VPOS="592" WIDTH="22"/>
            <String CONTENT="S.W.2d" HEIGHT="34" HPOS="1111" ID="ST_549.5.1.3" STYLEREFS="Style_3" VPOS="592" WIDTH="142" WC="0.92" CC="000000" TAGREFS=""/>
            <SP HPOS="1253" ID="SP_549.5.1.4" VPOS="593" WIDTH="22"/>
            <String CONTENT="309" HEIGHT="34" HPOS="1275" ID="ST_549.5.1.5" STYLEREFS="Style_3" VPOS="593" WIDTH="66" WC="0.78" CC="000" TAGREFS=""/>
          </TextLine>
        </TextBlock>
        <TextBlock HEIGHT="43.0" HPOS="460.0" ID="BL_549.6" TAGREFS="b549-4" VPOS="708.0" WIDTH="555.0">
          <TextLine HEIGHT="43" HPOS="460" ID="TL_549.6.1" VPOS="708" WIDTH="555">
            <String CONTENT="Supreme" HEIGHT="43" HPOS="460" ID="ST_549.6.1.1" STYLEREFS="Style_3" VPOS="708" WIDTH="171" WC="1.00" CC="0000000" TAGREFS=""/>
            <SP HPOS="631" ID="SP_549.6.1.2" VPOS="708" WIDTH="20"/>
            <String CONTENT="Court" HEIGHT="34" HPOS="651" ID="ST_549.6.1.3" STYLEREFS="Style_3" VPOS="708" WIDTH="110" WC="0.97" CC="00000" TAGREFS=""/>
            <SP HPOS="761" ID="SP_549.6.1.4" VPOS="708" WIDTH="20"/>
            <String CONTENT="of" HEIGHT="35" HPOS="781" ID="ST_549.6.1.5" STYLEREFS="Style_3" VPOS="708" WIDTH="39" WC="0.96" CC="00" TAGREFS=""/>
            <SP HPOS="820" ID="SP_549.6.1.6" VPOS="709" WIDTH="17"/>
            <String CONTENT="Arkansas" HEIGHT="34" HPOS="837" ID="ST_549.6.1.7" STYLEREFS="Style_3" VPOS="709" WIDTH="178" WC="1.00" CC="00000000" TAGREFS=""/>
          </TextLine>
        </TextBlock>
        <TextBlock HEIGHT="45.0" HPOS="412.0" ID="BL_549.7" TAGREFS="A04" VPOS="757.0" WIDTH="653.0">
          <TextLine HEIGHT="45" HPOS="412" ID="TL_549.7.1" VPOS="757" WIDTH="653">
            <String CONTENT="Opinion" HEIGHT="43" HPOS="412" ID="ST_549.7.1.1" STYLEREFS="Style_3" VPOS="757" WIDTH="152" WC="0.77" CC="0000000" TAGREFS=""/>
            <SP HPOS="564" ID="SP_549.7.1.2" VPOS="757" WIDTH="20"/>
            <String CONTENT="delivered" HEIGHT="35" HPOS="584" ID="ST_549.7.1.3" STYLEREFS="Style_3" VPOS="757" WIDTH="172" WC="0.78" CC="000000000" TAGREFS=""/>
            <SP HPOS="756" ID="SP_549.7.1.4" VPOS="758" WIDTH="21"/>
            <String CONTENT="April" HEIGHT="44" HPOS="777" ID="ST_549.7.1.5" STYLEREFS="Style_3" VPOS="758" WIDTH="98" WC="0.57" CC="00000" TAGREFS=""/>
            <SP HPOS="875" ID="SP_549.7.1.6" VPOS="759" WIDTH="24"/>
            <String CONTENT="14," HEIGHT="40" HPOS="899" ID="ST_549.7.1.7" STYLEREFS="Style_3" VPOS="759" WIDTH="53" WC="0.91" CC="000" TAGREFS=""/>
            <SP HPOS="952" ID="SP_549.7.1.8" VPOS="758" WIDTH="25"/>
            <String CONTENT="1986" HEIGHT="35" HPOS="977" ID="ST_549.7.1.9" STYLEREFS="Style_3" VPOS="758" WIDTH="88" WC="0.69" CC="0000" TAGREFS=""/>
          </TextLine>
        </TextBlock>
        <TextBlock HEIGHT="94.0" HPOS="137.0" ID="BL_549.13" TAGREFS="b549-8" VPOS="1694.0" WIDTH="1211.0">
          <TextLine HEIGHT="45" HPOS="233" ID="TL_549.13.1" VPOS="1694" WIDTH="1115">
            <String CONTENT="The" HEIGHT="35" HPOS="233" ID="ST_549.13.1.1" STYLEREFS="Style_5" VPOS="1694" WIDTH="71" WC="1.00" CC="000" TAGREFS=""/>
            <SP HPOS="304" ID="SP_549.13.1.2" VPOS="1694" WIDTH="11"/>
            <String CONTENT="Haskins" HEIGHT="35" HPOS="315" ID="ST_549.13.1.3" STYLEREFS="Style_5" VPOS="1694" WIDTH="159" WC="0.97" CC="0000000" TAGREFS=""/>
            <SP HPOS="474" ID="SP_549.13.1.4" VPOS="1696" WIDTH="13"/>
            <String CONTENT="&amp;" HEIGHT="34" HPOS="487" ID="ST_549.13.1.5" STYLEREFS="Style_5" VPOS="1696" WIDTH="31" WC="1.00" CC="0" TAGREFS=""/>
            <SP HPOS="518" ID="SP_549.13.1.6" VPOS="1694" WIDTH="13"/>
            <String CONTENT="Hendricks" HEIGHT="36" HPOS="531" ID="ST_549.13.1.7" STYLEREFS="Style_5" VPOS="1694" WIDTH="202" WC="0.97" CC="000000000" TAGREFS=""/>
            <SP HPOS="733" ID="SP_549.13.1.8" VPOS="1697" WIDTH="10"/>
            <String CONTENT="Law" HEIGHT="33" HPOS="743" ID="ST_549.13.1.9" STYLEREFS="Style_5" VPOS="1697" WIDTH="81" WC="0.86" CC="000" TAGREFS=""/>
            <SP HPOS="824" ID="SP_549.13.1.10" VPOS="1696" WIDTH="9"/>
            <String CONTENT="Firm," HEIGHT="41" HPOS="833" ID="ST_549.13.1.11" STYLEREFS="Style_5" VPOS="1696" WIDTH="107" WC="0.89" CC="00000" TAGREFS=""/>
            <SP HPOS="940" ID="SP_549.13.1.12" VPOS="1695" WIDTH="13"/>
            <String CONTENT="by:" HEIGHT="44" HPOS="953" ID="ST_549.13.1.13" STYLEREFS="Style_3" VPOS="1695" WIDTH="55" WC="0.76" CC="000" TAGREFS=""/>
            <SP HPOS="1008" ID="SP_549.13.1.14" VPOS="1695" WIDTH="15"/>
            <String CONTENT="Clark" HEIGHT="36" HPOS="1023" ID="ST_549.13.1.15" STYLEREFS="Style_5" VPOS="1695" WIDTH="110" WC="1.00" CC="00000" TAGREFS=""/>
            <SP HPOS="1133" ID="SP_549.13.1.16" VPOS="1697" WIDTH="15"/>
            <String CONTENT="W." HEIGHT="33" HPOS="1148" ID="ST_549.13.1.17" STYLEREFS="Style_5" VPOS="1697" WIDTH="46" WC="1.00" CC="00" TAGREFS=""/>
            <SP HPOS="1194" ID="SP_549.13.1.18" VPOS="1698" WIDTH="13"/>
            <String CONTENT="Mason," HEIGHT="39" HPOS="1207" ID="ST_549.13.1.19" STYLEREFS="Style_5" VPOS="1698" WIDTH="141" WC="0.81" CC="000000" TAGREFS=""/>
          </TextLine>
          <TextLine HEIGHT="44" HPOS="137" ID="TL_549.13.2" VPOS="1744" WIDTH="260">
            <String CONTENT="for" HEIGHT="35" HPOS="137" ID="ST_549.13.2.1" STYLEREFS="Style_3" VPOS="1744" WIDTH="54" WC="1.00" CC="000" TAGREFS=""/>
            <SP HPOS="191" ID="SP_549.13.2.2" VPOS="1745" WIDTH="20"/>
            <String CONTENT="appellant." HEIGHT="43" HPOS="211" ID="ST_549.13.2.3" STYLEREFS="Style_3" VPOS="1745" WIDTH="186" WC="0.95" CC="0000000000" TAGREFS=""/>
          </TextLine>
        </TextBlock>
        <TextBlock HEIGHT="93.0" HPOS="141.0" ID="BL_549.14" TAGREFS="b549-9" VPOS="1859.0" WIDTH="1204.0">
          <TextLine HEIGHT="45" HPOS="228" ID="TL_549.14.1" VPOS="1859" WIDTH="1117">
            <String CONTENT="Friday," HEIGHT="44" HPOS="228" ID="ST_549.14.1.1" STYLEREFS="Style_5" VPOS="1859" WIDTH="141" WC="0.95" CC="0000000" TAGREFS=""/>
            <SP HPOS="369" ID="SP_549.14.1.2" VPOS="1859" WIDTH="16"/>
            <String CONTENT="Eldredge" HEIGHT="44" HPOS="385" ID="ST_549.14.1.3" STYLEREFS="Style_5" VPOS="1859" WIDTH="176" WC="1.00" CC="00000000" TAGREFS=""/>
            <SP HPOS="561" ID="SP_549.14.1.4" VPOS="1862" WIDTH="17"/>
            <String CONTENT="&amp;" HEIGHT="32" HPOS="578" ID="ST_549.14.1.5" STYLEREFS="Style_5" VPOS="1862" WIDTH="31" WC="1.00" CC="0" TAGREFS=""/>
            <SP HPOS="609" ID="SP_549.14.1.6" VPOS="1859" WIDTH="20"/>
            <String CONTENT="Clark," HEIGHT="42" HPOS="629" ID="ST_549.14.1.7" STYLEREFS="Style_5" VPOS="1859" WIDTH="120" WC="0.90" CC="000000" TAGREFS=""/>
            <SP HPOS="749" ID="SP_549.14.1.8" VPOS="1860" WIDTH="17"/>
            <String CONTENT="by:" HEIGHT="43" HPOS="766" ID="ST_549.14.1.9" STYLEREFS="Style_3" VPOS="1860" WIDTH="54" WC="1.00" CC="000" TAGREFS=""/>
            <SP HPOS="820" ID="SP_549.14.1.10" VPOS="1861" WIDTH="16"/>
            <String CONTENT="James" HEIGHT="34" HPOS="836" ID="ST_549.14.1.11" STYLEREFS="Style_5" VPOS="1861" WIDTH="122" WC="0.96" CC="00000" TAGREFS=""/>
            <SP HPOS="958" ID="SP_549.14.1.12" VPOS="1862" WIDTH="15"/>
            <String CONTENT="M." HEIGHT="33" HPOS="973" ID="ST_549.14.1.13" STYLEREFS="Style_5" VPOS="1862" WIDTH="52" WC="1.00" CC="00" TAGREFS=""/>
            <SP HPOS="1025" ID="SP_549.14.1.14" VPOS="1861" WIDTH="16"/>
            <String CONTENT="Simpson" HEIGHT="43" HPOS="1041" ID="ST_549.14.1.15" STYLEREFS="Style_5" VPOS="1861" WIDTH="168" WC="0.89" CC="0000000" TAGREFS=""/>
            <SP HPOS="1209" ID="SP_549.14.1.16" VPOS="1860" WIDTH="15"/>
            <String CONTENT="and" HEIGHT="35" HPOS="1224" ID="ST_549.14.1.17" STYLEREFS="Style_3" VPOS="1860" WIDTH="67" WC="0.97" CC="000" TAGREFS=""/>
            <SP HPOS="1291" ID="SP_549.14.1.18" VPOS="1861" WIDTH="18"/>
            <String CONTENT="C." HEIGHT="34" HPOS="1309" ID="ST_549.14.1.19" STYLEREFS="Style_3" VPOS="1861" WIDTH="36" WC="0.58" CC="09" TAGREFS=""/>
          </TextLine>
          <TextLine HEIGHT="44" HPOS="141" ID="TL_549.14.2" VPOS="1908" WIDTH="516">
            <String CONTENT="Tab" HEIGHT="34" HPOS="141" ID="ST_549.14.2.1" STYLEREFS="Style_5" VPOS="1908" WIDTH="74" WC="1.00" CC="090" TAGREFS=""/>
            <SP HPOS="215" ID="SP_549.14.2.2" VPOS="1910" WIDTH="24"/>
            <String CONTENT="Turner," HEIGHT="39" HPOS="239" ID="ST_549.14.2.3" STYLEREFS="Style_5" VPOS="1910" WIDTH="141" WC="0.95" CC="0000000" TAGREFS=""/>
            <SP HPOS="380" ID="SP_549.14.2.4" VPOS="1908" WIDTH="21"/>
            <String CONTENT="for" HEIGHT="34" HPOS="401" ID="ST_549.14.2.5" STYLEREFS="Style_3" VPOS="1908" WIDTH="53" WC="1.00" CC="000" TAGREFS=""/>
            <SP HPOS="454" ID="SP_549.14.2.6" VPOS="1909" WIDTH="21"/>
            <String CONTENT="appellees." HEIGHT="43" HPOS="475" ID="ST_549.14.2.7" STYLEREFS="Style_3" VPOS="1909" WIDTH="182" WC="0.99" CC="0000000000" TAGREFS=""/>
          </TextLine>
        </TextBlock>
        <TextBlock HEIGHT="42.0" HPOS="230.0" ID="BL_549.15" TAGREFS="b549-10" VPOS="2024.0" WIDTH="574.0">
          <TextLine HEIGHT="42" HPOS="230" ID="TL_549.15.1" VPOS="2024" WIDTH="574">
            <String CONTENT="George" HEIGHT="35" HPOS="230" ID="ST_549.15.1.1" STYLEREFS="Style_4" VPOS="2024" WIDTH="161" WC="0.96" CC="000000" TAGREFS=""/>
            <SP HPOS="391" ID="SP_549.15.1.2" VPOS="2025" WIDTH="13"/>
            <String CONTENT="Rose" HEIGHT="34" HPOS="404" ID="ST_549.15.1.3" STYLEREFS="Style_4" VPOS="2025" WIDTH="99" WC="1.00" CC="0000" TAGREFS=""/>
            <SP HPOS="503" ID="SP_549.15.1.4" VPOS="2025" WIDTH="14"/>
            <String CONTENT="Smith," HEIGHT="41" HPOS="517" ID="ST_549.15.1.5" STYLEREFS="Style_4" VPOS="2025" WIDTH="131" WC="0.99" CC="000000" TAGREFS=""/>
            <SP HPOS="648" ID="SP_549.15.1.6" VPOS="2025" WIDTH="15"/>
            <String CONTENT="Justice." HEIGHT="35" HPOS="663" ID="ST_549.15.1.7" STYLEREFS="Style_3" VPOS="2025" WIDTH="141" WC="1.00" CC="00000000" TAGREFS=""/>
          </TextLine>
        </TextBlock>
        <TextBlock HEIGHT="44.0" HPOS="818.0" ID="BL_549.16" TAGREFS="AGT" VPOS="2025.0" WIDTH="531.0">
          <TextLine HEIGHT="44" HPOS="818" ID="TL_549.16.1" VPOS="2025" WIDTH="531">
            <String CONTENT="This" HEIGHT="35" HPOS="818" ID="ST_549.16.1.1" STYLEREFS="Style_3" VPOS="2025" WIDTH="82" WC="0.96" CC="0000" TAGREFS=""/>
            <SP HPOS="900" ID="SP_549.16.1.2" VPOS="2025" WIDTH="14"/>
            <String CONTENT="action" HEIGHT="35" HPOS="914" ID="ST_549.16.1.3" STYLEREFS="Style_3" VPOS="2025" WIDTH="115" WC="1.00" CC="000000" TAGREFS=""/>
            <SP HPOS="1029" ID="SP_549.16.1.4" VPOS="2026" WIDTH="13"/>
            <String CONTENT="for" HEIGHT="34" HPOS="1042" ID="ST_549.16.1.5" STYLEREFS="Style_3" VPOS="2026" WIDTH="54" WC="1.00" CC="000" TAGREFS=""/>
            <SP HPOS="1096" ID="SP_549.16.1.6" VPOS="2025" WIDTH="13"/>
            <String CONTENT="the" HEIGHT="35" HPOS="1109" ID="ST_549.16.1.7" STYLEREFS="Style_3" VPOS="2025" WIDTH="59" WC="0.96" CC="000" TAGREFS=""/>
            <SP HPOS="1168" ID="SP_549.16.1.8" VPOS="2025" WIDTH="12"/>
            <String CONTENT="wrongful" HEIGHT="44" HPOS="1180" ID="ST_549.16.1.9" STYLEREFS="Style_3" VPOS="2025" WIDTH="169" WC="0.95" CC="00000000" TAGREFS=""/>
          </TextLine>
        </TextBlock>
        <TextBlock HEIGHT="392.0" HPOS="137.0" ID="BL_549.17" TAGREFS="AGT" VPOS="2073.0" WIDTH="1214.0">
          <TextLine HEIGHT="46" HPOS="137" ID="TL_549.17.1" VPOS="2073" WIDTH="1212">
            <String CONTENT="death" HEIGHT="36" HPOS="137" ID="ST_549.17.1.1" STYLEREFS="Style_3" VPOS="2073" WIDTH="106" WC="0.89" CC="00000" TAGREFS=""/>
            <SP HPOS="243" ID="SP_549.17.1.2" VPOS="2074" WIDTH="14"/>
            <String CONTENT="of" HEIGHT="35" HPOS="257" ID="ST_549.17.1.3" STYLEREFS="Style_3" VPOS="2074" WIDTH="39" WC="1.00" CC="00" TAGREFS=""/>
            <SP HPOS="296" ID="SP_549.17.1.4" VPOS="2075" WIDTH="10"/>
            <String CONTENT="Thomas" HEIGHT="34" HPOS="306" ID="ST_549.17.1.5" STYLEREFS="Style_3" VPOS="2075" WIDTH="151" WC="1.00" CC="000000" TAGREFS=""/>
            <SP HPOS="457" ID="SP_549.17.1.6" VPOS="2075" WIDTH="13"/>
            <String CONTENT="Albert" HEIGHT="35" HPOS="470" ID="ST_549.17.1.7" STYLEREFS="Style_3" VPOS="2075" WIDTH="124" WC="1.00" CC="000000" TAGREFS=""/>
            <SP HPOS="594" ID="SP_549.17.1.8" VPOS="2075" WIDTH="14"/>
            <String CONTENT="Zajac" HEIGHT="43" HPOS="608" ID="ST_549.17.1.9" STYLEREFS="Style_3" VPOS="2075" WIDTH="110" WC="0.97" CC="00000" TAGREFS=""/>
            <SP HPOS="718" ID="SP_549.17.1.10" VPOS="2086" WIDTH="13"/>
            <String CONTENT="arose" HEIGHT="24" HPOS="731" ID="ST_549.17.1.11" STYLEREFS="Style_3" VPOS="2086" WIDTH="97" WC="1.00" CC="00000" TAGREFS=""/>
            <SP HPOS="828" ID="SP_549.17.1.12" VPOS="2075" WIDTH="13"/>
            <String CONTENT="from" HEIGHT="35" HPOS="841" ID="ST_549.17.1.13" STYLEREFS="Style_3" VPOS="2075" WIDTH="91" WC="0.99" CC="0000" TAGREFS=""/>
            <SP HPOS="932" ID="SP_549.17.1.14" VPOS="2087" WIDTH="13"/>
            <String CONTENT="a" HEIGHT="23" HPOS="945" ID="ST_549.17.1.15" STYLEREFS="Style_3" VPOS="2087" WIDTH="20" WC="1.00" CC="0" TAGREFS=""/>
            <SP HPOS="965" ID="SP_549.17.1.16" VPOS="2076" WIDTH="14"/>
            <String CONTENT="crossing" HEIGHT="43" HPOS="979" ID="ST_549.17.1.17" STYLEREFS="Style_3" VPOS="2076" WIDTH="152" WC="0.96" CC="00000000" TAGREFS=""/>
            <SP HPOS="1131" ID="SP_549.17.1.18" VPOS="2076" WIDTH="13"/>
            <String CONTENT="accident" HEIGHT="35" HPOS="1144" ID="ST_549.17.1.19" STYLEREFS="Style_3" VPOS="2076" WIDTH="158" WC="1.00" CC="00000000" TAGREFS=""/>
            <SP HPOS="1302" ID="SP_549.17.1.20" VPOS="2076" WIDTH="13"/>
            <String CONTENT="in" HEIGHT="34" HPOS="1315" ID="ST_549.17.1.21" STYLEREFS="Style_3" VPOS="2076" WIDTH="34" WC="0.74" CC="00" TAGREFS=""/>
          </TextLine>
          <TextLine HEIGHT="46" HPOS="138" ID="TL_549.17.2" VPOS="2124" WIDTH="1212">
            <String CONTENT="Pulaski" HEIGHT="35" HPOS="138" ID="ST_549.17.2.1" STYLEREFS="Style_3" VPOS="2124" WIDTH="141" WC="0.69" CC="0000000" TAGREFS=""/>
            <SP HPOS="279" ID="SP_549.17.2.2" VPOS="2125" WIDTH="12"/>
            <String CONTENT="County" HEIGHT="43" HPOS="291" ID="ST_549.17.2.3" STYLEREFS="Style_3" VPOS="2125" WIDTH="138" WC="0.60" CC="000000" TAGREFS=""/>
            <SP HPOS="429" ID="SP_549.17.2.4" VPOS="2125" WIDTH="11"/>
            <String CONTENT="in" HEIGHT="34" HPOS="440" ID="ST_549.17.2.5" STYLEREFS="Style_3" VPOS="2125" WIDTH="35" WC="0.69" CC="00" TAGREFS=""/>
            <SP HPOS="475" ID="SP_549.17.2.6" VPOS="2125" WIDTH="12"/>
            <String CONTENT="September," HEIGHT="44" HPOS="487" ID="ST_549.17.2.7" STYLEREFS="Style_3" VPOS="2125" WIDTH="216" WC="0.81" CC="0000000000" TAGREFS=""/>
            <SP HPOS="703" ID="SP_549.17.2.8" VPOS="2126" WIDTH="16"/>
            <String CONTENT="1984." HEIGHT="34" HPOS="719" ID="ST_549.17.2.9" STYLEREFS="Style_3" VPOS="2126" WIDTH="99" WC="0.90" CC="00000" TAGREFS=""/>
            <SP HPOS="818" ID="SP_549.17.2.10" VPOS="2125" WIDTH="14"/>
            <String CONTENT="Zajac" HEIGHT="44" HPOS="832" ID="ST_549.17.2.11" STYLEREFS="Style_3" VPOS="2125" WIDTH="109" WC="0.95" CC="00000" TAGREFS=""/>
            <SP HPOS="941" ID="SP_549.17.2.12" VPOS="2137" WIDTH="10"/>
            <String CONTENT="was" HEIGHT="24" HPOS="951" ID="ST_549.17.2.13" STYLEREFS="Style_3" VPOS="2137" WIDTH="70" WC="1.00" CC="000" TAGREFS=""/>
            <SP HPOS="1021" ID="SP_549.17.2.14" VPOS="2126" WIDTH="11"/>
            <String CONTENT="killed." HEIGHT="35" HPOS="1032" ID="ST_549.17.2.15" STYLEREFS="Style_3" VPOS="2126" WIDTH="116" WC="0.72" CC="0000000" TAGREFS=""/>
            <SP HPOS="1148" ID="SP_549.17.2.16" VPOS="2126" WIDTH="11"/>
            <String CONTENT="The" HEIGHT="35" HPOS="1159" ID="ST_549.17.2.17" STYLEREFS="Style_3" VPOS="2126" WIDTH="76" WC="0.83" CC="000" TAGREFS=""/>
            <SP HPOS="1235" ID="SP_549.17.2.18" VPOS="2126" WIDTH="6"/>
            <String CONTENT="jury’s" HEIGHT="44" HPOS="1241" ID="ST_549.17.2.19" STYLEREFS="Style_3" VPOS="2126" WIDTH="109" WC="0.95" CC="000000" TAGREFS=""/>
          </TextLine>
          <TextLine HEIGHT="45" HPOS="137" ID="TL_549.17.3" VPOS="2174" WIDTH="1214">
            <String CONTENT="verdict" HEIGHT="35" HPOS="137" ID="ST_549.17.3.1" STYLEREFS="Style_3" VPOS="2174" WIDTH="133" WC="1.00" CC="0000000" TAGREFS=""/>
            <SP HPOS="270" ID="SP_549.17.3.2" VPOS="2174" WIDTH="20"/>
            <String CONTENT="after" HEIGHT="35" HPOS="290" ID="ST_549.17.3.3" STYLEREFS="Style_3" VPOS="2174" WIDTH="90" WC="0.93" CC="00000" TAGREFS=""/>
            <SP HPOS="380" ID="SP_549.17.3.4" VPOS="2185" WIDTH="21"/>
            <String CONTENT="a" HEIGHT="24" HPOS="401" ID="ST_549.17.3.5" STYLEREFS="Style_3" VPOS="2185" WIDTH="20" WC="1.00" CC="0" TAGREFS=""/>
            <SP HPOS="421" ID="SP_549.17.3.6" VPOS="2175" WIDTH="21"/>
            <String CONTENT="five-day" HEIGHT="44" HPOS="442" ID="ST_549.17.3.7" STYLEREFS="Style_3" VPOS="2175" WIDTH="150" WC="0.99" CC="00000000" TAGREFS=""/>
            <SP HPOS="592" ID="SP_549.17.3.8" VPOS="2175" WIDTH="20"/>
            <String CONTENT="trial" HEIGHT="34" HPOS="612" ID="ST_549.17.3.9" STYLEREFS="Style_3" VPOS="2175" WIDTH="79" WC="0.96" CC="00000" TAGREFS=""/>
            <SP HPOS="691" ID="SP_549.17.3.10" VPOS="2186" WIDTH="21"/>
            <String CONTENT="was" HEIGHT="24" HPOS="712" ID="ST_549.17.3.11" STYLEREFS="Style_3" VPOS="2186" WIDTH="70" WC="0.93" CC="000" TAGREFS=""/>
            <SP HPOS="782" ID="SP_549.17.3.12" VPOS="2175" WIDTH="21"/>
            <String CONTENT="for" HEIGHT="35" HPOS="803" ID="ST_549.17.3.13" STYLEREFS="Style_3" VPOS="2175" WIDTH="54" WC="1.00" CC="000" TAGREFS=""/>
            <SP HPOS="857" ID="SP_549.17.3.14" VPOS="2175" WIDTH="20"/>
            <String CONTENT="the" HEIGHT="35" HPOS="877" ID="ST_549.17.3.15" STYLEREFS="Style_3" VPOS="2175" WIDTH="59" WC="1.00" CC="000" TAGREFS=""/>
            <SP HPOS="936" ID="SP_549.17.3.16" VPOS="2175" WIDTH="19"/>
            <String CONTENT="defendant." HEIGHT="35" HPOS="955" ID="ST_549.17.3.17" STYLEREFS="Style_3" VPOS="2175" WIDTH="200" WC="0.92" CC="0000000000" TAGREFS=""/>
            <SP HPOS="1155" ID="SP_549.17.3.18" VPOS="2176" WIDTH="22"/>
            <String CONTENT="The" HEIGHT="34" HPOS="1177" ID="ST_549.17.3.19" STYLEREFS="Style_3" VPOS="2176" WIDTH="74" WC="1.00" CC="000" TAGREFS=""/>
            <SP HPOS="1251" ID="SP_549.17.3.20" VPOS="2176" WIDTH="20"/>
            <String CONTENT="only" HEIGHT="43" HPOS="1271" ID="ST_549.17.3.21" STYLEREFS="Style_3" VPOS="2176" WIDTH="80" WC="0.91" CC="0000" TAGREFS=""/>
          </TextLine>
          <TextLine HEIGHT="45" HPOS="138" ID="TL_549.17.4" VPOS="2224" WIDTH="1211">
            <String CONTENT="argument" HEIGHT="37" HPOS="138" ID="ST_549.17.4.1" STYLEREFS="Style_3" VPOS="2229" WIDTH="185" WC="0.98" CC="00000000" TAGREFS=""/>
            <SP HPOS="323" ID="SP_549.17.4.2" VPOS="2224" WIDTH="11"/>
            <String CONTENT="for" HEIGHT="35" HPOS="334" ID="ST_549.17.4.3" STYLEREFS="Style_3" VPOS="2224" WIDTH="53" WC="1.00" CC="000" TAGREFS=""/>
            <SP HPOS="387" ID="SP_549.17.4.4" VPOS="2225" WIDTH="10"/>
            <String CONTENT="reversal" HEIGHT="34" HPOS="397" ID="ST_549.17.4.5" STYLEREFS="Style_3" VPOS="2225" WIDTH="147" WC="0.93" CC="00000000" TAGREFS=""/>
            <SP HPOS="544" ID="SP_549.17.4.6" VPOS="2225" WIDTH="11"/>
            <String CONTENT="is" HEIGHT="34" HPOS="555" ID="ST_549.17.4.7" STYLEREFS="Style_3" VPOS="2225" WIDTH="27" WC="0.93" CC="00" TAGREFS=""/>
            <SP HPOS="582" ID="SP_549.17.4.8" VPOS="2224" WIDTH="11"/>
            <String CONTENT="that" HEIGHT="35" HPOS="593" ID="ST_549.17.4.9" STYLEREFS="Style_3" VPOS="2224" WIDTH="77" WC="0.92" CC="0000" TAGREFS=""/>
            <SP HPOS="670" ID="SP_549.17.4.10" VPOS="2225" WIDTH="10"/>
            <String CONTENT="the" HEIGHT="34" HPOS="680" ID="ST_549.17.4.11" STYLEREFS="Style_3" VPOS="2225" WIDTH="59" WC="1.00" CC="000" TAGREFS=""/>
            <SP HPOS="739" ID="SP_549.17.4.12" VPOS="2225" WIDTH="10"/>
            <String CONTENT="trial" HEIGHT="34" HPOS="749" ID="ST_549.17.4.13" STYLEREFS="Style_3" VPOS="2225" WIDTH="78" WC="1.00" CC="00000" TAGREFS=""/>
            <SP HPOS="827" ID="SP_549.17.4.14" VPOS="2225" WIDTH="7"/>
            <String CONTENT="judge" HEIGHT="43" HPOS="834" ID="ST_549.17.4.15" STYLEREFS="Style_3" VPOS="2225" WIDTH="108" WC="0.98" CC="00000" TAGREFS=""/>
            <SP HPOS="942" ID="SP_549.17.4.16" VPOS="2225" WIDTH="10"/>
            <String CONTENT="should" HEIGHT="35" HPOS="952" ID="ST_549.17.4.17" STYLEREFS="Style_3" VPOS="2225" WIDTH="122" WC="0.92" CC="000000" TAGREFS=""/>
            <SP HPOS="1074" ID="SP_549.17.4.18" VPOS="2230" WIDTH="11"/>
            <String CONTENT="not" HEIGHT="29" HPOS="1085" ID="ST_549.17.4.19" STYLEREFS="Style_3" VPOS="2230" WIDTH="60" WC="0.92" CC="000" TAGREFS=""/>
            <SP HPOS="1145" ID="SP_549.17.4.20" VPOS="2225" WIDTH="10"/>
            <String CONTENT="have" HEIGHT="35" HPOS="1155" ID="ST_549.17.4.21" STYLEREFS="Style_3" VPOS="2225" WIDTH="87" WC="1.00" CC="0000" TAGREFS=""/>
            <SP HPOS="1242" ID="SP_549.17.4.22" VPOS="2226" WIDTH="8"/>
            <String CONTENT="given" HEIGHT="43" HPOS="1250" ID="ST_549.17.4.23" STYLEREFS="Style_3" VPOS="2226" WIDTH="99" WC="0.92" CC="00000" TAGREFS=""/>
          </TextLine>
          <TextLine HEIGHT="46" HPOS="138" ID="TL_549.17.5" VPOS="2273" WIDTH="1211">
            <String CONTENT="a" HEIGHT="23" HPOS="138" ID="ST_549.17.5.1" STYLEREFS="Style_3" VPOS="2285" WIDTH="21" WC="1.00" CC="0" TAGREFS=""/>
            <SP HPOS="159" ID="SP_549.17.5.2" VPOS="2273" WIDTH="12"/>
            <String CONTENT="modified" HEIGHT="35" HPOS="171" ID="ST_549.17.5.3" STYLEREFS="Style_3" VPOS="2273" WIDTH="164" WC="1.00" CC="00000000" TAGREFS=""/>
            <SP HPOS="335" ID="SP_549.17.5.4" VPOS="2273" WIDTH="11"/>
            <String CONTENT="version" HEIGHT="35" HPOS="346" ID="ST_549.17.5.5" STYLEREFS="Style_3" VPOS="2273" WIDTH="134" WC="0.95" CC="0000000" TAGREFS=""/>
            <SP HPOS="480" ID="SP_549.17.5.6" VPOS="2274" WIDTH="11"/>
            <String CONTENT="of" HEIGHT="34" HPOS="491" ID="ST_549.17.5.7" STYLEREFS="Style_3" VPOS="2274" WIDTH="39" WC="1.00" CC="00" TAGREFS=""/>
            <SP HPOS="530" ID="SP_549.17.5.8" VPOS="2274" WIDTH="9"/>
            <String CONTENT="AMI" HEIGHT="35" HPOS="539" ID="ST_549.17.5.9" STYLEREFS="Style_3" VPOS="2274" WIDTH="96" WC="0.85" CC="000" TAGREFS=""/>
            <SP HPOS="635" ID="SP_549.17.5.10" VPOS="2275" WIDTH="13"/>
            <String CONTENT="908," HEIGHT="40" HPOS="648" ID="ST_549.17.5.11" STYLEREFS="Style_3" VPOS="2275" WIDTH="79" WC="0.94" CC="0000" TAGREFS=""/>
            <SP HPOS="727" ID="SP_549.17.5.12" VPOS="2274" WIDTH="14"/>
            <String CONTENT="by" HEIGHT="44" HPOS="741" ID="ST_549.17.5.13" STYLEREFS="Style_3" VPOS="2274" WIDTH="45" WC="0.98" CC="00" TAGREFS=""/>
            <SP HPOS="786" ID="SP_549.17.5.14" VPOS="2274" WIDTH="10"/>
            <String CONTENT="which" HEIGHT="35" HPOS="796" ID="ST_549.17.5.15" STYLEREFS="Style_3" VPOS="2274" WIDTH="112" WC="0.83" CC="00000" TAGREFS=""/>
            <SP HPOS="908" ID="SP_549.17.5.16" VPOS="2275" WIDTH="12"/>
            <String CONTENT="the" HEIGHT="34" HPOS="920" ID="ST_549.17.5.17" STYLEREFS="Style_3" VPOS="2275" WIDTH="59" WC="1.00" CC="000" TAGREFS=""/>
            <SP HPOS="979" ID="SP_549.17.5.18" VPOS="2275" WIDTH="8"/>
            <String CONTENT="jury" HEIGHT="44" HPOS="987" ID="ST_549.17.5.19" STYLEREFS="Style_3" VPOS="2275" WIDTH="81" WC="0.99" CC="0000" TAGREFS=""/>
            <SP HPOS="1068" ID="SP_549.17.5.20" VPOS="2286" WIDTH="11"/>
            <String CONTENT="was" HEIGHT="23" HPOS="1079" ID="ST_549.17.5.21" STYLEREFS="Style_3" VPOS="2286" WIDTH="70" WC="1.00" CC="000" TAGREFS=""/>
            <SP HPOS="1149" ID="SP_549.17.5.22" VPOS="2275" WIDTH="12"/>
            <String CONTENT="instructed" HEIGHT="35" HPOS="1161" ID="ST_549.17.5.23" STYLEREFS="Style_3" VPOS="2275" WIDTH="188" WC="0.95" CC="0000000000" TAGREFS=""/>
          </TextLine>
          <TextLine HEIGHT="45" HPOS="138" ID="TL_549.17.6" VPOS="2323" WIDTH="1211">
            <String CONTENT="that" HEIGHT="35" HPOS="138" ID="ST_549.17.6.1" STYLEREFS="Style_3" VPOS="2323" WIDTH="78" WC="0.88" CC="0000" TAGREFS=""/>
            <SP HPOS="216" ID="SP_549.17.6.2" VPOS="2334" WIDTH="15"/>
            <String CONTENT="no" HEIGHT="24" HPOS="231" ID="ST_549.17.6.3" STYLEREFS="Style_3" VPOS="2334" WIDTH="44" WC="0.95" CC="00" TAGREFS=""/>
            <SP HPOS="275" ID="SP_549.17.6.4" VPOS="2334" WIDTH="17"/>
            <String CONTENT="person" HEIGHT="33" HPOS="292" ID="ST_549.17.6.5" STYLEREFS="Style_3" VPOS="2334" WIDTH="121" WC="0.96" CC="000000" TAGREFS=""/>
            <SP HPOS="413" ID="SP_549.17.6.6" VPOS="2324" WIDTH="16"/>
            <String CONTENT="shall" HEIGHT="34" HPOS="429" ID="ST_549.17.6.7" STYLEREFS="Style_3" VPOS="2324" WIDTH="88" WC="0.95" CC="00000" TAGREFS=""/>
            <SP HPOS="517" ID="SP_549.17.6.8" VPOS="2324" WIDTH="16"/>
            <String CONTENT="drive" HEIGHT="34" HPOS="533" ID="ST_549.17.6.9" STYLEREFS="Style_3" VPOS="2324" WIDTH="95" WC="0.91" CC="00000" TAGREFS=""/>
            <SP HPOS="628" ID="SP_549.17.6.10" VPOS="2334" WIDTH="14"/>
            <String CONTENT="on" HEIGHT="24" HPOS="642" ID="ST_549.17.6.11" STYLEREFS="Style_3" VPOS="2334" WIDTH="45" WC="0.67" CC="00" TAGREFS=""/>
            <SP HPOS="687" ID="SP_549.17.6.12" VPOS="2335" WIDTH="16"/>
            <String CONTENT="any" HEIGHT="33" HPOS="703" ID="ST_549.17.6.13" STYLEREFS="Style_3" VPOS="2335" WIDTH="68" WC="0.96" CC="000" TAGREFS=""/>
            <SP HPOS="771" ID="SP_549.17.6.14" VPOS="2324" WIDTH="15"/>
            <String CONTENT="highway" HEIGHT="43" HPOS="786" ID="ST_549.17.6.15" STYLEREFS="Style_3" VPOS="2324" WIDTH="160" WC="0.74" CC="0000000" TAGREFS=""/>
            <SP HPOS="946" ID="SP_549.17.6.16" VPOS="2335" WIDTH="16"/>
            <String CONTENT="a" HEIGHT="24" HPOS="962" ID="ST_549.17.6.17" STYLEREFS="Style_3" VPOS="2335" WIDTH="20" WC="1.00" CC="0" TAGREFS=""/>
            <SP HPOS="982" ID="SP_549.17.6.18" VPOS="2324" WIDTH="15"/>
            <String CONTENT="vehicle" HEIGHT="35" HPOS="997" ID="ST_549.17.6.19" STYLEREFS="Style_3" VPOS="2324" WIDTH="132" WC="0.95" CC="0000000" TAGREFS=""/>
            <SP HPOS="1129" ID="SP_549.17.6.20" VPOS="2325" WIDTH="15"/>
            <String CONTENT="which" HEIGHT="34" HPOS="1144" ID="ST_549.17.6.21" STYLEREFS="Style_3" VPOS="2325" WIDTH="112" WC="0.88" CC="00000" TAGREFS=""/>
            <SP HPOS="1256" ID="SP_549.17.6.22" VPOS="2325" WIDTH="16"/>
            <String CONTENT="is" HEIGHT="34" HPOS="1272" ID="ST_549.17.6.23" STYLEREFS="Style_3" VPOS="2325" WIDTH="27" WC="0.99" CC="00" TAGREFS=""/>
            <SP HPOS="1299" ID="SP_549.17.6.24" VPOS="2324" WIDTH="16"/>
            <String CONTENT="in" HEIGHT="34" HPOS="1315" ID="ST_549.17.6.25" STYLEREFS="Style_3" VPOS="2324" WIDTH="34" WC="1.00" CC="00" TAGREFS=""/>
          </TextLine>
          <TextLine HEIGHT="46" HPOS="139" ID="TL_549.17.7" VPOS="2372" WIDTH="1212">
            <String CONTENT="such" HEIGHT="34" HPOS="139" ID="ST_549.17.7.1" STYLEREFS="Style_3" VPOS="2373" WIDTH="85" WC="0.89" CC="0000" TAGREFS=""/>
            <SP HPOS="224" ID="SP_549.17.7.2" VPOS="2384" WIDTH="16"/>
            <String CONTENT="an" HEIGHT="23" HPOS="240" ID="ST_549.17.7.3" STYLEREFS="Style_3" VPOS="2384" WIDTH="44" WC="0.90" CC="00" TAGREFS=""/>
            <SP HPOS="284" ID="SP_549.17.7.4" VPOS="2372" WIDTH="16"/>
            <String CONTENT="unsafe" HEIGHT="36" HPOS="300" ID="ST_549.17.7.5" STYLEREFS="Style_3" VPOS="2372" WIDTH="123" WC="0.97" CC="000000" TAGREFS=""/>
            <SP HPOS="423" ID="SP_549.17.7.6" VPOS="2373" WIDTH="13"/>
            <String CONTENT="condition" HEIGHT="35" HPOS="436" ID="ST_549.17.7.7" STYLEREFS="Style_3" VPOS="2373" WIDTH="175" WC="0.97" CC="000000000" TAGREFS=""/>
            <SP HPOS="611" ID="SP_549.17.7.8" VPOS="2384" WIDTH="16"/>
            <String CONTENT="as" HEIGHT="23" HPOS="627" ID="ST_549.17.7.9" STYLEREFS="Style_3" VPOS="2384" WIDTH="37" WC="1.00" CC="00" TAGREFS=""/>
            <SP HPOS="664" ID="SP_549.17.7.10" VPOS="2379" WIDTH="16"/>
            <String CONTENT="to" HEIGHT="29" HPOS="680" ID="ST_549.17.7.11" STYLEREFS="Style_3" VPOS="2379" WIDTH="35" WC="1.00" CC="00" TAGREFS=""/>
            <SP HPOS="715" ID="SP_549.17.7.12" VPOS="2374" WIDTH="15"/>
            <String CONTENT="endanger" HEIGHT="42" HPOS="730" ID="ST_549.17.7.13" STYLEREFS="Style_3" VPOS="2374" WIDTH="174" WC="0.85" CC="00000000" TAGREFS=""/>
            <SP HPOS="904" ID="SP_549.17.7.14" VPOS="2384" WIDTH="15"/>
            <String CONTENT="any" HEIGHT="33" HPOS="919" ID="ST_549.17.7.15" STYLEREFS="Style_3" VPOS="2384" WIDTH="68" WC="0.89" CC="000" TAGREFS=""/>
            <SP HPOS="987" ID="SP_549.17.7.16" VPOS="2384" WIDTH="14"/>
            <String CONTENT="person." HEIGHT="34" HPOS="1001" ID="ST_549.17.7.17" STYLEREFS="Style_3" VPOS="2384" WIDTH="133" WC="0.93" CC="0000000" TAGREFS=""/>
            <SP HPOS="1134" ID="SP_549.17.7.18" VPOS="2375" WIDTH="16"/>
            <String CONTENT="AMI" HEIGHT="33" HPOS="1150" ID="ST_549.17.7.19" STYLEREFS="Style_3" VPOS="2375" WIDTH="96" WC="1.00" CC="000" TAGREFS=""/>
            <SP HPOS="1246" ID="SP_549.17.7.20" VPOS="2374" WIDTH="16"/>
            <String CONTENT="Civil" HEIGHT="35" HPOS="1262" ID="ST_549.17.7.21" STYLEREFS="Style_3" VPOS="2374" WIDTH="89" WC="0.94" CC="00000" TAGREFS=""/>
          </TextLine>
          <TextLine HEIGHT="43" HPOS="140" ID="TL_549.17.8" VPOS="2422" WIDTH="1211">
            <String CONTENT="2d," HEIGHT="40" HPOS="140" ID="ST_549.17.8.1" STYLEREFS="Style_3" VPOS="2422" WIDTH="56" WC="0.94" CC="000" TAGREFS=""/>
            <SP HPOS="196" ID="SP_549.17.8.2" VPOS="2423" WIDTH="22"/>
            <String CONTENT="908" HEIGHT="34" HPOS="218" ID="ST_549.17.8.3" STYLEREFS="Style_3" VPOS="2423" WIDTH="66" WC="0.89" CC="000" TAGREFS=""/>
            <SP HPOS="284" ID="SP_549.17.8.4" VPOS="2422" WIDTH="25"/>
            <String CONTENT="(1974)." HEIGHT="43" HPOS="309" ID="ST_549.17.8.5" STYLEREFS="Style_3" VPOS="2422" WIDTH="136" WC="0.99" CC="9900000" TAGREFS=""/>
            <SP HPOS="445" ID="SP_549.17.8.6" VPOS="2423" WIDTH="23"/>
            <String CONTENT="It" HEIGHT="34" HPOS="468" ID="ST_549.17.8.7" STYLEREFS="Style_3" VPOS="2423" WIDTH="30" WC="1.00" CC="00" TAGREFS=""/>
            <SP HPOS="498" ID="SP_549.17.8.8" VPOS="2423" WIDTH="20"/>
            <String CONTENT="is" HEIGHT="34" HPOS="518" ID="ST_549.17.8.9" STYLEREFS="Style_3" VPOS="2423" WIDTH="28" WC="1.00" CC="00" TAGREFS=""/>
            <SP HPOS="546" ID="SP_549.17.8.10" VPOS="2423" WIDTH="20"/>
            <String CONTENT="contended" HEIGHT="34" HPOS="566" ID="ST_549.17.8.11" STYLEREFS="Style_3" VPOS="2423" WIDTH="192" WC="0.96" CC="000000000" TAGREFS=""/>
            <SP HPOS="758" ID="SP_549.17.8.12" VPOS="2424" WIDTH="21"/>
            <String CONTENT="that" HEIGHT="34" HPOS="779" ID="ST_549.17.8.13" STYLEREFS="Style_3" VPOS="2424" WIDTH="76" WC="0.97" CC="0000" TAGREFS=""/>
            <SP HPOS="855" ID="SP_549.17.8.14" VPOS="2423" WIDTH="20"/>
            <String CONTENT="there" HEIGHT="35" HPOS="875" ID="ST_549.17.8.15" STYLEREFS="Style_3" VPOS="2423" WIDTH="97" WC="0.98" CC="00000" TAGREFS=""/>
            <SP HPOS="972" ID="SP_549.17.8.16" VPOS="2435" WIDTH="19"/>
            <String CONTENT="was" HEIGHT="23" HPOS="991" ID="ST_549.17.8.17" STYLEREFS="Style_3" VPOS="2435" WIDTH="70" WC="0.99" CC="000" TAGREFS=""/>
            <SP HPOS="1061" ID="SP_549.17.8.18" VPOS="2434" WIDTH="20"/>
            <String CONTENT="no" HEIGHT="23" HPOS="1081" ID="ST_549.17.8.19" STYLEREFS="Style_3" VPOS="2434" WIDTH="44" WC="0.94" CC="00" TAGREFS=""/>
            <SP HPOS="1125" ID="SP_549.17.8.20" VPOS="2423" WIDTH="20"/>
            <String CONTENT="substantial" HEIGHT="35" HPOS="1145" ID="ST_549.17.8.21" STYLEREFS="Style_3" VPOS="2423" WIDTH="206" WC="0.90" CC="00000000000" TAGREFS=""/>
          </TextLine>
        </TextBlock>
      </PrintSpace>
    </Page>
  </Layout>
</alto>
