1646 2696
319 407 101 34 share
440 407 39 34 of
496 407 138 43 drilling
655 406 86 36 until
768 408 39 33 10
828 417 99 33 years
948 406 90 35 after
1058 407 59 37 the
1138 407 74 34 well
1233 418 70 23 was
1323 406 205 45 completed.

319 456 113 35 There
451 457 28 34 is
499 467 44 24 no
562 456 119 44 unjust
700 456 215 35 enrichment
935 461 36 29 to
991 457 164 44 appellee.

324 267 41 34 16

409 531 180 35 Affirmed.

409 607 159 40 Purtle,
589 607 42 40 J.,
653 612 59 30 not
732 606 255 44 participating.

376 877 152 35 STATE
547 877 39 34 of
603 878 188 40 Arkansas,
813 878 336 35 DEPARTMENT
1168 878 63 35 OF
1251 878 219 35 FINANCE

322 928 106 34 AND
449 928 447 41 ADMINISTRATION,
918 928 163 35 Revenue
1101 928 165 41 Division,
1287 927 69 36 and
1377 928 145 35 Charles

365 978 43 34 D.
430 978 252 42 RAGLAND,
703 978 178 35 Arkansas
902 978 271 36 Commissioner
1192 978 40 35 of
1249 979 179 34 Revenues
1449 990 27 23 v.

483 1028 240 35 DUNHALL
743 1028 499 42 PHARMACEUTICALS,
1263 1028 98 36 INC.

318 1104 128 34 85-183

1207 1105 67 33 702
1295 1103 142 36 S.W.2d
1458 1105 68 34 402

644 1178 169 44 Supreme
834 1178 110 35 Court
964 1178 39 34 of
1019 1179 178 34 Arkansas

567 1227 152 44 Opinion
738 1227 172 35 delivered
931 1228 154 44 January
1109 1229 52 39 13,
1186 1229 88 34 1986

408 1878 162 44 Timothy
583 1881 31 32 J.
630 1878 176 41 Leathers,
822 1879 132 45 Joseph
974 1881 33 34 V.
1023 1880 175 40 Svoboda,
1219 1882 126 42 Wayne
1357 1881 166 34 Zakrzw-

312 1928 66 39 ski,
406 1928 103 44 Kelly
533 1929 37 34 S.
599 1930 175 43 Jennings,
802 1929 95 35 John
922 1931 45 33 H.
1000 1930 111 40 Theis,
1139 1931 79 34 Ann
1242 1930 90 40 Kell,
1361 1930 72 35 and
1456 1933 66 35 Joe

312 1978 193 43 Morphew,
527 1979 54 42 by:
603 1978 160 36 Michael
779 1981 42 33 D.
844 1981 143 39 Munns,
1008 1979 54 35 for
1082 1980 185 44 appellant.

402 2054 140 33 Bassett
557 2054 81 33 Law
651 2055 107 38 Firm,
774 2053 55 43 by:
850 2055 83 34 Wm.
949 2054 134 35 Robert
1096 2054 95 40 Still,
1208 2056 62 40 Jr.,
1286 2055 54 34 for
1355 2055 164 44 appellee.

402 2127 154 34 Robert
576 2128 45 33 H.
643 2128 169 40 Dudley,
833 2129 141 34 Justice.

994 2128 75 35 The
1088 2128 70 35 sole
1178 2129 90 35 issue
1286 2139 44 24 on
1350 2130 123 43 appeal
1492 2130 28 34 is

311 2175 153 35 whether
476 2177 59 34 the
546 2176 73 34 free
630 2176 220 35 distribution
863 2178 40 34 of
911 2178 150 43 samples
1072 2178 40 35 of
1121 2179 224 43 prescription
1358 2178 162 44 products

312 2225 44 44 by
374 2225 58 34 the
449 2226 165 43 appellee,
633 2226 153 35 Dunhall
804 2227 328 41 Pharmaceuticals,
1151 2228 82 40 Inc.,
1251 2228 28 35 is
1296 2227 134 44 subject
1447 2233 36 30 to
1500 2239 20 24 a

311 2275 88 34 sales
408 2280 69 29 tax.
487 2276 74 34 The
569 2275 79 35 trial
657 2281 98 30 court
765 2276 79 34 held
853 2277 59 34 the
920 2276 220 37 distribution
1149 2288 69 24 was
1227 2283 60 29 not
1295 2278 149 37 taxable.
1455 2279 65 33 We

311 2324 122 35 affirm.

493 2400 75 34 The
583 2400 178 35 Arkansas
776 2400 108 35 Gross
900 2401 163 43 Receipts
1078 2402 75 34 Tax
1168 2401 28 34 is
1212 2401 194 44 applicable
1421 2402 100 34 when
