1631 2692
306 274 62 33 128

339 415 131 34 Robert
491 415 155 34 Michael
667 415 210 34 LAWYER
898 426 27 23 v.
949 414 111 35 Linda
1082 415 165 33 Lorraine
1267 415 210 34 LAWYER

302 490 130 33 85-212

1192 490 68 34 702
1280 489 144 35 S.W.2d
1445 490 68 34 790

630 565 170 44 Supreme
820 565 111 35 Court
950 565 40 35 of
1006 565 179 35 Arkansas

554 615 152 45 Opinion
726 615 171 35 delivered
920 616 175 43 February
1116 617 32 40 3,
1173 616 87 35 1986

395 1863 153 35 William
572 1865 46 33 W.
639 1864 143 39 Benton,
804 1865 96 39 P.A.,
921 1863 54 35 for
995 1864 186 43 appellant.

389 1937 155 36 Edward
562 1940 51 33 M.
638 1938 131 41 Owens,
790 1938 54 35 for
865 1939 165 44 appellee.

389 2013 161 34 George
575 2014 99 34 Rose
698 2013 131 41 Smith,
854 2013 141 35 Justice.

1022 2014 38 33 In
1084 2013 68 35 this
1175 2013 137 35 divorce
1334 2014 68 35 suit
1426 2013 83 35 both

298 2063 128 43 parties
450 2063 105 34 asked
579 2063 53 34 for
656 2073 20 24 a
699 2062 148 42 divorce,
871 2063 54 35 for
948 2063 208 43 indignities.
1180 2064 74 34 The
1276 2064 123 44 couple
1421 2073 90 25 were

298 2112 150 34 married
462 2112 34 34 in
513 2113 87 34 1967
614 2112 69 34 and
696 2112 182 44 separated
891 2113 36 34 in
944 2114 99 34 1983.
1056 2113 97 43 They
1165 2113 86 35 have
1264 2118 67 30 two
1343 2113 167 41 children,

299 2162 143 40 Robert,
468 2173 75 23 now
573 2164 52 38 15,
651 2161 69 35 and
746 2162 155 41 Janessa,
927 2173 76 24 now
1032 2164 51 32 11.
1110 2162 103 35 After
1237 2163 143 43 hearing
1405 2162 105 35 much

298 2211 186 44 testimony
493 2212 59 34 the
560 2211 196 35 chancellor
765 2212 141 34 entered
915 2212 139 34 decrees
1063 2211 161 44 granting
1233 2223 20 23 a
1262 2212 137 35 divorce
1407 2218 36 29 to
1451 2212 60 34 the

298 2260 90 41 wife,
402 2261 177 43 awarding
593 2260 145 44 custody
751 2261 39 34 of
800 2261 59 34 the
872 2261 155 35 children
1041 2266 35 29 to
1089 2261 61 34 her
1163 2261 54 35 for
1230 2262 80 34 nine
1323 2261 138 36 months
1474 2261 40 35 of

298 2310 86 34 each
395 2321 82 33 year
487 2311 68 34 and
566 2316 35 29 to
611 2310 60 35 the
681 2311 159 34 husband
851 2311 54 34 for
915 2311 59 35 the
984 2322 153 24 summer
1146 2311 149 41 months,
1306 2312 135 42 leaving
1451 2311 60 34 the

298 2365 127 29 matter
453 2360 40 35 of
517 2360 175 35 visitation
721 2365 36 30 to
786 2361 59 34 the
874 2361 138 44 parties,
1042 2361 177 43 awarding
1248 2362 88 34 Mrs.
1366 2362 145 42 Lawyer

298 2410 157 44 monthly
474 2410 153 44 alimony
645 2410 40 34 of
702 2410 91 37 $300
813 2410 69 35 and
902 2410 157 44 monthly
1077 2410 93 35 child
1190 2416 142 39 support
1350 2411 40 34 of
1407 2412 103 39 $700,
