1632 2696
1308 288 42 33 53

234 1125 111 35 Clark
367 1128 30 33 &
422 1126 120 42 Clark,
564 1127 55 44 by:
640 1129 73 33 Jim
736 1128 120 41 Clark,
877 1128 54 35 for
951 1129 187 44 appellant.

230 1202 105 34 Steve
349 1202 120 41 Clark,
482 1203 100 43 Att’y
595 1203 101 41 Gen.,
709 1204 55 43 by:
780 1204 95 35 Clint
886 1205 135 41 Miller,
1034 1206 94 34 Asst.
1141 1206 99 43 Att’y
1253 1206 100 42 Gen.,

140 1250 54 35 for
214 1252 165 43 appellee.

232 1328 126 35 David
371 1329 209 41 Newbern,
595 1330 141 34 Justice.

751 1330 83 35 This
848 1330 27 35 is
890 1342 45 23 an
948 1332 125 43 appeal
1086 1331 91 35 from
1190 1331 115 36 denial
1318 1332 39 35 of

140 1377 102 34 relief
248 1378 125 43 sought
382 1378 44 44 by
434 1379 60 34 the
502 1379 177 44 appellant
688 1380 35 34 in
732 1380 59 34 the
799 1380 79 35 trial
887 1386 98 29 court
993 1387 169 38 pursuant
1171 1387 36 29 to
1215 1382 84 34 Ark.
1310 1383 43 34 R.

140 1427 110 34 Crim.
269 1428 36 33 P.
326 1429 53 33 37.
398 1428 74 35 The
489 1429 177 43 appellant
684 1430 165 34 contends
866 1430 78 35 that
960 1431 53 34 his
1030 1431 80 35 trial
1127 1432 139 34 counsel
1284 1443 70 24 was

139 1476 197 36 ineffective
348 1478 147 34 because
508 1478 60 35 the
580 1479 127 43 lawyer
719 1479 106 35 failed
837 1485 36 29 to
886 1491 99 24 move
997 1480 54 35 for
1062 1481 173 35 dismissal
1246 1482 40 34 of
1295 1482 59 35 the

139 1526 129 43 charge
288 1528 135 42 against
443 1528 73 34 him
535 1539 45 23 on
600 1529 59 34 the
678 1529 134 42 ground
831 1530 77 34 that
927 1530 44 34 he
990 1530 70 35 had
1079 1536 60 29 not
1158 1532 155 34 received
1333 1543 20 23 a

139 1576 128 43 speedy
282 1576 90 34 trial.
389 1577 65 34 We
468 1587 104 32 agree
587 1578 77 34 that
678 1578 60 34 the
752 1578 131 34 motion
898 1579 123 34 should
1036 1580 88 34 have
1138 1580 87 34 been
1239 1580 114 42 made,

139 1625 69 34 and
229 1625 80 35 thus
329 1626 59 34 the
408 1626 193 35 conviction
622 1632 93 30 must
735 1627 43 35 be
797 1628 168 35 reversed.

365 1702 74 35 Our
468 1702 159 36 criminal
657 1703 189 44 procedure
875 1705 84 41 rule,
988 1705 86 35 Ark.
1104 1706 43 34 R.
1177 1706 108 35 Crim.
1315 1707 36 34 P.

140 1752 76 33 28.1
225 1751 64 43 (c),
300 1752 156 43 provides
466 1753 77 34 that
554 1764 20 23 a
585 1753 190 35 defendant
785 1754 151 43 charged
946 1755 83 34 with
1039 1766 21 24 a
1070 1756 107 34 crime
1186 1756 35 34 in
1231 1756 122 35 circuit

139 1806 99 29 court
259 1801 68 34 and
348 1802 153 43 lawfully
522 1807 36 29 at
579 1803 125 43 liberty
723 1804 163 43 awaiting
906 1804 80 34 trial
1007 1805 27 33 is

266 1903 6 7 .
301 1903 6 7 .
335 1904 6 6 .
354 1876 142 35 entitled
507 1882 36 29 to
553 1877 88 35 have
651 1878 59 34 the
720 1878 127 43 charge
856 1878 182 35 dismissed
1048 1880 83 34 with
1142 1891 44 23 an
1197 1880 157 35 absolute

265 1925 62 35 bar
343 1931 35 29 to
394 1927 218 43 prosecution
629 1927 30 35 if
671 1933 60 29 not
747 1928 150 44 brought
912 1934 36 29 to
964 1929 79 35 trial
1059 1929 120 35 within
1195 1930 158 43 eighteen

266 1975 78 43 (18)
359 1976 137 35 months
510 1976 91 36 from
614 1977 60 35 the
686 1978 85 35 time
783 1978 163 44 provided
959 1979 35 34 in
1008 1980 90 34 Rule
1111 1981 91 40 28.2,
1216 1980 136 35 exclud-

264 2025 58 44 ing
335 2026 79 44 only
427 2027 84 34 such
524 2027 136 44 periods
673 2027 39 35 of
722 2039 181 33 necessary
915 2029 102 44 delay
1029 2040 38 24 as
1080 2041 59 23 are
1151 2030 202 35 authorized

264 2075 35 35 in
320 2076 90 35 Rule
430 2077 90 34 28.3.

139 2152 92 34 Rule
243 2152 136 43 28.2(a)
393 2163 78 33 says
482 2153 60 34 the
553 2153 85 35 time
649 2154 120 43 begins
780 2159 36 30 to
827 2166 64 23 run
902 2155 100 35 when
1013 2156 60 34 the
1084 2156 128 43 charge
1222 2156 27 35 is
1261 2156 91 35 filed.

139 2201 92 34 Rule
251 2201 137 43 28.3(a)
410 2203 168 43 provides,
600 2203 34 34 in
655 2209 89 38 part,
765 2204 53 35 for
838 2205 175 34 exclusion
1033 2205 47 35 of:

263 2277 75 34 The
364 2277 117 43 period
507 2278 39 34 of
569 2278 102 43 delay
697 2279 166 43 resulting
889 2279 91 35 from
1005 2280 99 34 other
1130 2281 223 43 proceedings

264 2326 206 43 concerning
484 2327 60 34 the
557 2327 201 41 defendant,
773 2328 176 43 including
963 2329 63 34 but
1039 2334 60 29 not
1113 2330 133 34 limited
1259 2335 36 29 to
1309 2341 44 23 an

264 2375 234 36 examination
508 2376 69 35 and
587 2377 144 43 hearing
741 2388 44 24 on
794 2378 60 34 the
862 2384 227 38 competency
1097 2379 40 34 of
1143 2379 59 34 the
1211 2379 141 35 defend-

264 2430 61 30 ant
335 2425 68 35 and
414 2426 59 34 the
483 2426 119 44 period
612 2426 125 44 during
747 2427 112 35 which
870 2428 44 34 he
923 2428 28 34 is
962 2428 235 44 incompetent
1206 2434 36 30 to
1252 2429 102 35 stand
