1664 2696
132 430 91 34 Rule
245 429 174 44 29(l)(p).
443 429 65 35 We
529 440 60 24 are
609 427 128 37 unable
758 434 35 30 to
814 440 103 32 agree
937 429 84 34 with
1042 429 59 34 the
1122 429 224 34 chancellor’s

131 479 199 35 conclusion
346 480 76 34 that
436 480 60 34 the
510 480 174 43 language
698 479 39 35 of
749 479 59 35 the
822 479 68 34 will
905 478 143 36 extends
1063 484 36 29 to
1114 479 68 34 this
1197 478 149 45 adopted

131 529 105 35 child.

1278 287 66 34 319

225 606 88 34 Mrs.
323 606 139 40 Tatum,
472 617 21 23 a
503 605 151 35 resident
663 605 39 35 of
709 606 220 43 Mississippi,
940 605 104 35 made
1052 605 61 35 her
1122 605 68 34 will
1200 605 34 34 in
1247 606 99 34 1951.

132 655 72 34 She
229 655 80 34 died
334 655 97 34 there
456 656 34 33 in
520 656 99 34 1960.
648 656 73 33 Her
746 655 68 34 will
840 655 63 34 left
932 656 65 34 180
1023 666 96 24 acres
1145 655 39 34 of
1206 654 81 35 land
1313 655 34 34 in

132 705 208 34 Crittenden
356 705 149 44 County,
520 705 191 41 Arkansas,
728 710 35 29 to
778 705 61 34 her
853 704 79 35 four
947 704 157 35 brothers
1120 704 53 35 for
1188 704 70 35 life.
1273 704 75 35 The

132 755 68 34 will
221 755 186 34 continued
428 766 37 23 as
486 755 143 35 follows:

350 832 96 34 With
462 831 196 35 remainder
673 842 80 24 over
769 831 34 35 in
818 831 55 35 fee
888 831 124 44 simple
1027 837 36 29 to
1077 831 90 35 their
1182 831 165 42 children,

259 881 162 44 provided
433 882 76 34 that
520 882 35 34 in
567 886 100 30 event
679 892 67 33 any
757 892 66 24 one
833 892 37 24 or
882 892 96 24 more
988 881 40 35 of
1036 893 59 32 my
1106 881 74 35 said
1192 881 156 35 brothers

259 932 88 34 shall
366 931 55 35 die
439 931 172 42 childless,
632 932 83 34 then
734 932 59 34 the
812 932 141 34 interest
972 931 39 35 of
1028 943 67 32 any
1114 931 139 35 brother
1272 932 77 34 who

259 981 88 35 shall
360 981 56 35 die
429 981 161 35 childless
604 981 88 35 shall
707 992 43 33 go
763 987 36 29 to
812 982 59 34 the
884 980 156 36 children
1054 981 39 35 of
1104 981 98 35 those
1215 981 76 35 who
1304 981 45 35 do

259 1037 60 29 not
339 1031 55 35 die
414 1032 172 41 childless,
607 1032 102 34 share
729 1031 68 35 and
817 1032 102 35 share
938 1032 101 35 alike.

133 1109 84 34 Two
229 1108 40 35 of
279 1108 59 35 the
350 1108 156 35 brothers
519 1108 80 35 died
611 1108 172 35 childless.
797 1109 33 34 A
842 1108 93 35 third
947 1108 81 35 died
1041 1109 34 34 in
1092 1109 89 35 1974
1193 1108 156 35 survived

134 1158 46 44 by
195 1169 66 24 one
276 1158 104 41 child,
397 1159 58 34 the
471 1159 177 44 appellant
664 1160 81 33 Ann
762 1159 156 35 Whitten
935 1159 86 35 Cox.
1038 1158 75 36 The
1128 1159 67 35 last
1210 1159 140 35 brother

134 1208 80 35 died
224 1209 34 34 in
272 1210 62 33 198
341 1210 17 33 3
369 1209 156 34 survived
535 1209 45 44 by
589 1209 59 34 the
657 1209 165 44 appellee,
831 1210 87 33 T.K.
928 1209 169 41 Whitten,
1107 1209 113 34 whom
1230 1209 43 34 he
1281 1209 69 35 and

135 1258 52 34 his
200 1258 81 34 wife
292 1258 69 35 had
374 1258 149 44 adopted
536 1259 35 33 in
588 1259 88 34 1976
689 1259 35 34 in
737 1259 194 43 Kentucky,
944 1259 115 34 where
1070 1259 82 43 they
1164 1258 99 35 lived.
1276 1259 75 34 The

135 1308 157 43 appellee
306 1319 70 23 was
391 1309 43 33 48
451 1319 99 32 years
566 1308 57 34 old
638 1308 100 34 when
753 1308 44 34 he
811 1319 69 23 was
896 1308 162 43 adopted,
1074 1308 63 34 but
1151 1308 98 34 there
1263 1308 28 34 is
1306 1319 44 23 no

134 1357 200 43 suggestion
346 1357 76 34 that
433 1357 59 34 the
504 1357 165 44 adoption
681 1368 69 24 was
762 1357 54 35 for
827 1358 59 34 the
897 1368 149 33 purpose
1057 1357 39 35 of
1104 1357 162 43 enabling
1278 1358 73 34 him

134 1412 37 29 to
191 1407 102 34 share
313 1407 34 34 in
369 1407 86 34 Mrs.
476 1407 159 35 Tatum’s
656 1412 121 30 estate.

227 1482 103 35 After
344 1483 59 35 the
416 1483 106 35 death
536 1483 40 35 of
587 1483 60 35 the
661 1483 117 35 fourth
793 1484 150 41 brother,
959 1483 60 35 the
1032 1484 156 44 appellee
1201 1482 150 45 brought

135 1533 69 34 this
217 1533 69 34 suit
300 1533 34 34 in
352 1534 88 34 1984
453 1539 36 29 to
502 1534 97 44 quiet
612 1534 52 34 his
678 1534 75 34 title
766 1539 36 29 to
815 1544 45 24 an
873 1533 187 35 undivided
1074 1532 77 36 half
1161 1534 141 34 interest
1316 1534 35 34 in

135 1583 60 34 the
214 1584 65 33 180
294 1594 106 24 acres.
418 1584 51 43 By
483 1584 251 34 counterclaim
748 1584 59 34 the
821 1584 177 43 appellant
1013 1583 107 35 asked
1135 1584 76 34 that
1226 1584 75 34 title
1315 1589 36 29 to

135 1633 60 34 the
218 1633 110 34 entire
350 1638 161 38 property
533 1633 43 34 be
598 1633 140 44 quieted
761 1633 35 34 in
818 1633 71 35 her.
913 1633 84 35 This
1020 1633 123 44 appeal
1167 1633 27 35 is
1217 1633 90 35 from
1329 1644 21 24 a

135 1693 180 33 summary
323 1682 184 44 judgment
519 1683 34 34 in
566 1682 97 35 favor
674 1682 40 35 of
722 1683 60 34 the
793 1683 166 44 appellee,
971 1693 45 24 no
1027 1683 186 44 testimony
1225 1683 126 44 having

136 1732 87 35 been
244 1743 191 33 necessary.

229 1809 89 35 Both
328 1809 127 44 parties
465 1809 181 44 recognize
655 1809 35 35 in
700 1810 89 35 their
799 1809 105 36 briefs
914 1810 77 35 that
1000 1810 60 35 the
1069 1810 91 35 issue
1169 1810 27 35 is
1206 1815 59 30 not
1274 1810 77 35 that

136 1859 40 35 of
191 1860 164 44 applying
375 1860 59 35 the
452 1860 179 35 Arkansas
652 1865 146 30 statutes
818 1861 76 35 that
913 1871 127 33 govern
1060 1861 60 35 the
1138 1861 214 35 inheritance

136 1910 109 43 rights
267 1910 40 34 of
326 1921 44 23 an
392 1910 150 44 adopted
563 1910 104 35 child.
691 1911 150 41 Instead,
864 1911 60 34 the
944 1911 72 35 sole
1037 1911 91 34 issue
1149 1911 28 35 is
1198 1911 153 35 whether

137 1960 221 34 Mrs.Tatum
370 1960 162 34 intended
545 1960 54 34 for
610 1960 62 34 her
685 1960 176 34 reference
872 1966 36 28 to
920 1960 202 34 “children”
1134 1966 36 29 to
1182 1960 137 35 include
1330 1972 21 23 a

136 2019 124 32 person
280 2009 77 33 who
377 2020 69 23 was
467 2009 151 43 adopted
638 2020 38 23 as
697 2020 45 23 an
762 2009 98 34 adult
880 2010 132 33 sixteen
1032 2020 99 32 years
1152 2009 90 34 after
1263 2010 87 33 Mrs.

135 2058 130 33 Tatum
286 2057 79 34 died
386 2057 67 34 and
474 2058 212 43 twenty-five
706 2069 98 32 years
825 2058 90 34 after
935 2058 61 34 she
1016 2058 104 34 made
1139 2058 61 34 her
1220 2058 78 34 will.

322 2133 31 34 It
369 2133 27 34 is
412 2133 168 44 certainly
596 2138 87 36 true,
701 2144 37 23 as
754 2133 60 34 the
829 2133 155 44 appellee
1000 2144 136 32 argues,
1152 2133 77 35 that
1244 2133 106 35 “chil­

135 2182 109 35 dren”
260 2182 27 35 is
303 2193 20 24 a
338 2182 146 36 broader
498 2188 90 30 term
602 2183 85 35 than
701 2183 60 35 the
775 2183 94 35 word
883 2183 137 35 “heirs”
1036 2183 69 35 and
1120 2194 81 34 may
1215 2183 137 35 include

136 2232 151 45 adopted
306 2233 164 35 children.
489 2233 104 44 Kelly
609 2245 31 23 v.
659 2233 114 44 Kelly,
796 2235 64 33 176
878 2234 86 34 Ark.
985 2235 79 40 548,
1084 2235 18 33 3
1122 2234 143 34 S.W.2d
1285 2235 65 33 305

138 2282 139 43 (1928),
293 2283 128 44 quoted
436 2283 35 34 in
485 2285 178 33 Deener v.
683 2283 168 41 Watkins,
871 2285 61 33 191
951 2284 86 34 Ark.
1053 2284 80 41 776,
1150 2284 42 34 87
1209 2283 143 35 S.W.2d

137 2333 69 33 994
218 2332 137 43 (1935).
366 2333 149 34 Neither
524 2333 39 34 of
570 2333 99 34 those
677 2344 97 23 cases
784 2333 192 35 concerned
986 2344 45 24 an
1041 2333 150 44 adopted
1201 2333 104 41 child;
1315 2344 38 23 so

136 2382 60 35 the
209 2382 128 35 court’s
351 2388 187 29 statement
551 2394 70 23 was
636 2383 130 44 merely
780 2394 20 24 a
814 2383 281 43 generalization.
1112 2383 42 41 If,
1169 2382 53 36 for
1236 2394 115 23 exam­

136 2432 67 45 ple,
217 2443 21 24 a
251 2433 159 35 testatrix
423 2432 69 36 had
505 2433 98 35 three
616 2433 139 35 natural
768 2433 155 35 children
936 2433 69 35 and
1018 2444 66 24 one
1097 2433 150 45 adopted
1260 2432 93 36 child
