1666 2699
1283 268 67 34 475

236 1159 126 33 Tarvin
379 1158 30 34 &
425 1157 104 43 Byrd,
546 1157 55 44 by:
621 1157 164 44 Timothy
798 1160 42 33 R.
861 1160 125 33 Tarvin
1000 1158 69 34 and
1083 1157 94 36 John
1190 1160 43 33 R.
1249 1158 104 43 Byrd,

140 1206 54 35 for
214 1207 193 44 appellants
428 1207 85 35 Sam
533 1207 175 35 Adkisson
729 1208 68 34 and
817 1208 148 44 Tommy
985 1208 113 35 Poole.

231 1284 146 40 Arnold,
392 1284 187 35 Hamilton
595 1286 30 33 &
640 1285 212 40 Streetman,
866 1284 55 44 by:
935 1287 159 33 Herman
1106 1286 36 34 L.
1157 1285 195 40 Hamilton,

139 1334 64 40 Jr.,
225 1333 54 35 for
299 1334 176 44 appellant
495 1335 123 42 Doyne
638 1334 108 43 Loyd.

234 1410 132 35 Gibson
394 1412 30 32 &
453 1411 141 39 Gibson,
621 1412 96 39 P.A.,
743 1411 46 44 by
813 1413 41 33 R.
881 1413 138 41 Bynum
1045 1412 141 39 Gibson,
1213 1414 62 39 Jr.,
1301 1412 54 34 for

141 1460 156 44 appellee
318 1461 137 34 Eudora
476 1460 127 35 School
624 1461 155 35 District.

232 1537 99 35 Jack
359 1539 120 40 Holt,
505 1539 70 40 Jr.,
602 1537 108 36 Chief
733 1538 142 36 Justice.

901 1539 83 35 This
1011 1549 80 25 case
1116 1545 154 39 presents
1296 1539 59 35 the

140 1587 170 44 question:
321 1587 113 36 When
443 1599 21 24 a
473 1599 124 34 proper
606 1588 144 44 petition
760 1589 27 35 is
796 1589 80 35 filed
885 1589 110 35 under
1003 1590 70 34 Act
1082 1591 67 33 445
1160 1589 39 35 of
1209 1591 98 40 1983,
1317 1601 37 24 as

140 1637 184 41 amended,
349 1637 146 36 codified
520 1643 37 30 at
581 1639 85 34 Ark.
693 1638 89 35 Stat.
807 1641 92 33 Ann.
928 1640 41 42 §§
997 1640 155 34 80-4601
1152 1640 47 34 —
1199 1640 156 34 80-4612

141 1687 126 44 (Supp.
283 1688 118 42 1985),
412 1688 83 35 with
505 1700 22 23 a
536 1694 129 38 county
676 1689 109 34 board
794 1689 40 35 of
841 1689 185 35 education
1037 1689 53 35 for
1101 1690 208 35 annexation
1319 1690 39 34 of

140 1737 118 35 school
271 1737 162 41 districts,
447 1744 92 29 must
552 1738 59 34 the
624 1738 115 35 Board
752 1750 111 24 annex
875 1739 152 35 districts
1040 1739 77 35 that
1129 1750 59 23 are
1200 1739 155 43 contigu-

140 1788 84 33 ous?
237 1787 75 34 The
322 1798 132 24 answer
465 1788 28 34 is
505 1788 116 44 “yes”,
633 1788 69 35 and
713 1799 51 24 we
775 1789 112 34 affirm
898 1789 59 34 the
967 1789 159 43 holdings
1137 1789 40 34 of
1184 1789 59 35 the
1253 1790 102 34 lower

139 1842 111 29 court.
278 1837 75 34 Our
376 1837 219 42 jurisdiction
621 1838 29 34 is
676 1843 168 36 pursuant
870 1843 36 29 to
931 1839 172 40 Supreme
1129 1838 111 35 Court
1265 1839 91 34 Rule

141 1885 173 43 29(l)(c).

231 1962 84 35 This
325 1963 114 35 action
449 1963 112 44 began
570 1974 45 24 on
624 1964 89 43 May
723 1965 168 41 25,1985,
901 1965 100 35 when
1010 1965 60 35 the
1079 1966 88 34 Ross
1177 1966 77 34 Van
1263 1966 91 34 Ness

140 2012 128 36 School
286 2013 114 35 Board
416 2013 80 35 filed
514 2025 20 24 a
551 2014 146 43 petition
713 2014 83 35 with
813 2014 59 36 the
889 2015 126 35 Chicot
1032 2015 140 44 County
1189 2015 114 35 Board
1320 2016 39 34 of

140 2062 196 35 Education
352 2069 35 28 to
402 2074 112 24 annex
530 2064 43 34 its
589 2063 135 35 district
740 2069 35 29 to
790 2065 59 34 the
865 2065 139 34 Eudora
1020 2065 127 35 School
1163 2065 155 41 District,
1335 2077 20 23 a

139 2113 206 42 contiguous
355 2112 144 42 district,
510 2119 169 38 pursuant
689 2118 35 29 to
734 2114 85 34 Ark.
830 2113 89 35 Stat.
930 2115 92 33 Ann.
1035 2115 18 42 §
1066 2115 221 42 80-4609(c).
1298 2115 57 34 On

140 2161 91 34 June
244 2162 165 40 10,1985,
419 2173 19 23 a
448 2162 163 43 majority
619 2162 40 34 of
664 2163 60 34 the
732 2163 88 34 Ross
830 2163 77 34 Van
916 2164 92 34 Ness
1017 2168 141 39 patrons
1167 2164 189 43 petitioned

140 2211 60 34 the
211 2210 127 35 Chicot
348 2211 139 44 County
498 2211 114 35 Board
623 2212 39 34 of
670 2211 193 36 Education
874 2217 35 30 to
920 2213 146 35 dissolve
1076 2214 89 34 Ross
1176 2214 77 34 Van
1264 2213 91 35 Ness

139 2260 70 35 and
226 2266 36 30 to
279 2271 112 25 annex
408 2261 42 35 its
468 2261 134 36 district
619 2267 35 30 to
671 2273 21 24 a
709 2262 273 44 noncontiguous
1000 2274 93 30 area,
1110 2263 60 35 the
1186 2263 170 35 Lakeside

143 2310 113 44 (Lake
267 2310 150 45 Village)
430 2312 127 35 School
569 2312 155 41 District,
736 2318 168 39 pursuant
914 2318 36 30 to
960 2313 86 35 Ark.
1058 2313 89 35 Stat.
1159 2314 92 34 Ann.
1265 2314 17 43 §
1297 2314 58 34 80-

140 2362 68 34 418
224 2362 116 44 (Repl.
357 2361 116 44 1980).
485 2363 34 34 A
530 2363 144 43 hearing
685 2374 70 24 was
767 2362 79 36 held
857 2374 44 24 on
912 2364 90 34 June
1013 2364 172 41 24,1985,
1197 2369 37 29 at
1244 2364 112 34 which

140 2412 60 34 the
222 2412 114 35 Board
357 2413 40 34 of
414 2412 194 36 Education
630 2413 150 44 adopted
802 2414 59 35 the
881 2414 89 35 Ross
992 2414 78 34 Van
1091 2415 91 34 Ness
1204 2415 151 43 patrons’
