1648 2680
427 412 86 33 have
534 423 19 22 a
575 412 78 33 trial
675 412 44 43 by
739 423 20 23 a
780 413 85 42 Jury
885 412 30 34 if
932 423 67 32 you
1019 412 123 34 should
1163 423 36 24 so
1219 413 106 34 wish?

304 271 67 33 380

428 489 86 33 MR.
536 489 161 33 JONES:
720 490 80 32 Yes.

426 566 98 33 THE
537 565 177 34 COURT:
731 567 74 32 Has
819 566 97 33 there
929 566 87 33 been
1030 576 68 32 any
1111 566 131 33 threats
1256 576 37 23 or
1307 567 157 33 coercion
1478 577 37 23 or

427 614 94 34 force
536 614 39 34 of
588 625 67 33 any
671 614 82 34 kind
768 620 35 28 to
820 614 124 35 induce
959 625 67 33 you
1042 620 35 29 to
1092 620 97 29 enter
1204 626 85 32 your
1304 616 77 43 plea
1397 615 119 35 before

426 664 68 34 this
516 664 130 34 Court?

427 743 87 34 MR.
536 743 161 35 JONES:
719 744 69 40 No,
810 743 56 35 sir.

426 821 97 34 THE
544 821 177 35 COURT:
744 822 31 33 Is
796 821 98 35 there
913 833 20 23 a
954 821 132 35 factual
1107 822 92 34 basis
1219 822 54 34 for
1293 822 59 35 the
1371 823 99 43 plea?

427 899 87 34 MR.
536 899 161 34 JONES:
719 900 82 40 Yes,
822 899 57 41 sir,
900 900 34 34 in
955 900 86 34 each
1061 910 89 24 case.

425 978 98 33 THE
533 977 177 34 COURT:
722 978 69 33 Mr.
803 978 213 43 Marquette,
1027 988 59 24 are
1095 988 67 33 you
1171 978 153 34 satisfied
1333 978 76 34 that
1418 978 97 34 there

426 1026 27 34 is
474 1037 20 23 a
516 1026 131 34 factual
668 1027 113 33 basis?

427 1103 87 33 MR.
537 1103 314 42 MARQUETTE:
874 1104 81 40 Yes,
976 1103 56 34 sir.

392 1179 215 41 Thereafter,
621 1180 59 34 the
692 1180 176 43 appellant
880 1180 196 43 interposed
1089 1191 20 23 a
1121 1180 77 44 plea
1210 1180 40 35 of
1259 1180 110 44 guilty
1381 1186 35 29 to
1428 1181 86 34 each

301 1239 90 29 case,
408 1228 44 43 by
466 1229 134 42 voicing
616 1229 52 34 his
684 1229 76 43 plea
775 1229 40 34 of
826 1229 120 43 guilty,
962 1230 59 33 the
1035 1240 80 24 case
1129 1230 157 40 number,
1301 1230 60 34 the
1375 1230 139 43 general

302 1283 123 28 nature
443 1278 38 33 of
496 1278 59 34 the
573 1278 127 43 charge
718 1278 34 34 in
771 1279 85 33 each
875 1289 90 30 case,
984 1279 68 34 and
1071 1279 58 34 the
1147 1279 81 34 date
1245 1279 39 34 of
1299 1279 59 34 the
1375 1279 137 43 charge.

301 1327 103 34 After
419 1327 58 34 the
492 1328 204 43 appellant’s
711 1328 241 41 declarations,
968 1328 59 34 the
1041 1333 98 30 court
1153 1328 113 35 stated
1281 1329 59 34 the
1354 1334 161 29 sentence

301 1387 92 33 upon
414 1377 85 34 each
519 1377 128 43 charge
666 1377 69 34 and
755 1377 82 34 then
857 1378 106 34 asked
983 1378 186 44 appellant:
1191 1379 124 40 “Now,
1336 1378 28 35 is
1384 1378 76 35 that
1480 1378 34 35 in

302 1427 213 34 accordance
533 1427 83 34 with
635 1438 85 32 your
739 1427 283 44 understanding,
1043 1428 169 41 Wendell,
1233 1439 38 23 as
1290 1434 35 28 to
1344 1429 93 33 what
1456 1429 59 33 the

301 1481 161 29 sentence
473 1477 59 34 the
542 1482 99 29 court
652 1477 113 34 would
776 1477 132 44 impose
919 1477 30 35 if
956 1488 67 33 you
1034 1477 123 35 should
1169 1483 96 29 enter
1276 1488 85 33 your
1373 1478 140 44 pleas?”

301 1526 189 44 Appellant
518 1526 141 44 replied,
689 1527 105 40 “Yes,
823 1527 80 34 sir.”
932 1527 75 34 The
1034 1533 99 29 court
1161 1528 82 34 then
1272 1528 155 44 imposed
1456 1528 58 34 the

297 1576 185 42 judgment
502 1576 68 34 and
591 1582 171 29 sentence.

392 1653 120 35 Under
536 1654 97 34 these
656 1655 280 41 circumstances,
960 1666 52 23 we
1035 1655 71 34 find
1130 1656 77 34 that
1230 1656 59 34 the
1313 1656 79 34 trial
1415 1661 98 29 court

301 1703 242 44 substantially
552 1704 171 44 complied
732 1705 82 34 with
825 1705 90 34 Rule
924 1706 90 33 24.6.
1025 1705 67 34 See
1099 1705 176 43 Shipman
1282 1716 30 23 v.
1321 1706 113 40 State,
1445 1706 64 34 261

300 1753 85 34 Ark.
408 1754 78 40 559,
509 1755 67 32 550
597 1754 143 34 S.W.2d
761 1755 68 33 454
852 1754 137 43 (1977).

484 1831 179 42 Although
677 1842 51 23 we
741 1831 71 34 find
826 1831 59 34 the
898 1832 79 33 trial
991 1837 98 29 court
1102 1832 36 34 in
1151 1832 206 34 substantial
1371 1832 141 44 compli­

300 1890 86 23 ance
405 1880 83 34 with
508 1880 90 34 Rule
618 1881 91 40 24.6,
729 1881 68 34 this
817 1886 98 29 court
935 1881 62 34 has
1016 1881 166 34 observed
1201 1892 20 23 a
1241 1882 152 42 growing
1413 1881 100 35 trend

300 1940 127 31 among
441 1929 78 34 trial
529 1929 125 43 judges
668 1935 35 29 to
717 1931 102 33 make
832 1931 119 34 casual
964 1930 69 35 and
1046 1930 147 35 indirect
1206 1931 136 44 inquiry
1355 1942 37 23 as
1406 1936 35 29 to
1454 1931 59 34 the

300 1978 132 35 factual
447 1979 91 34 basis
553 1979 54 34 for
620 1979 105 44 pleas.
742 1980 187 34 Inasmuch
943 1991 38 23 as
996 1980 90 34 Rule
1100 1981 78 33 24.5
1195 1981 151 43 requires
1361 1981 59 34 the
1433 1981 79 34 trial

300 2033 98 29 court
407 2033 35 29 to
451 2028 141 35 address
601 2029 59 34 the
668 2029 190 35 defendant
867 2030 194 43 personally
1070 2035 35 29 to
1114 2030 191 34 determine
1313 2031 153 34 whether
1474 2041 38 24 or

300 2083 59 29 not
379 2089 67 32 any
465 2078 95 35 force
579 2089 37 23 or
635 2079 143 41 threats,
798 2090 38 23 or
856 2090 68 33 any
943 2080 165 43 promises
1128 2085 100 38 apart
1247 2080 91 34 from
1357 2080 59 34 the
1435 2080 77 44 plea

300 2133 200 37 agreement
510 2139 89 23 were
608 2128 85 35 used
704 2134 35 29 to
750 2129 124 34 induce
884 2129 60 34 the
953 2130 88 43 plea,
1053 2129 59 35 the
1122 2130 79 34 trial
1212 2135 98 29 court
1320 2130 111 41 could,
1443 2130 69 34 and

299 2177 134 41 should,
448 2178 136 43 comply
598 2178 82 34 with
695 2179 90 33 Rule
799 2179 79 34 24.6
892 2179 45 43 by
951 2181 204 41 continuing
1166 2190 21 23 a
1201 2179 110 35 direct
1324 2182 137 41 inquiry
1475 2179 39 35 of

299 2227 59 34 the
370 2227 190 35 defendant
573 2239 37 23 as
623 2233 35 29 to
671 2228 60 34 the
743 2228 132 34 factual
888 2228 92 35 basis
992 2228 54 35 for
1059 2229 52 34 his
1124 2229 88 43 plea.
1226 2229 83 34 This
1321 2229 124 41 would,
1458 2229 54 34 for

299 2277 46 34 all
355 2277 166 44 practical
531 2288 175 33 purposes,
716 2278 177 35 eliminate
902 2278 173 44 problems
1084 2278 40 35 of
1129 2279 215 44 compliance
1352 2279 83 34 with
1443 2279 68 34 this

299 2327 74 34 rule
393 2327 174 44 requiring
588 2328 136 43 inquiry
745 2339 37 23 as
802 2333 36 29 to
858 2328 59 35 the
937 2328 132 35 factual
1090 2329 92 34 basis
1202 2329 54 34 for
1276 2340 20 23 a
1316 2329 88 44 plea.

390 2405 255 41 Nevertheless,
663 2405 59 35 the
739 2406 119 34 record
876 2406 229 44 conclusively
1121 2407 111 34 shows
1249 2407 77 34 that
1342 2407 67 34 this
1426 2407 85 43 peti-
