<?xml version='1.0' encoding='utf-8'?>
<alto xmlns="http://www.loc.gov/standards/alto/ns-v3#">
  <!--Created by Innodata R.E.D. RLI tool: 2017-04-25 06:27:35.701030-->
  <Description>
    <MeasurementUnit>pixel</MeasurementUnit>
    <sourceImageInformation>
      <fileName>32044078577194_00274_0.tif</fileName>
    </sourceImageInformation>
    <OCRProcessing ID="OP_1">
      <ocrProcessingStep>
        <processingStepDescription>Alto coordinates refer to the deskewed TIFF file. 
		To convert point (x, y) to original image (TIFF or JP2) apply transformation matrix T=(m00, m01, m10, m11, b0, b1) using the rule:
			T * (x,y) = (m00 * x + m01 * y + b0), (m10 * x + m11 * y + b1)</processingStepDescription>
        <processingStepSettings>RED.transform=(0.9999875000260416, -0.004999979166692708, 0.004999979166692708, 0.9999875000260416, 0.22000000000002728, -8.12000000000011)</processingStepSettings>
      </ocrProcessingStep>
    </OCRProcessing>
  </Description>
  <Styles>
    <TextStyle FONTFAMILY="Times New Roman" FONTSIZE="11.00" FONTTYPE="serif" FONTWIDTH="proportional" ID="Style_3"/>
    <TextStyle FONTFAMILY="Times New Roman" FONTSIZE="11.00" FONTSTYLE="italics" FONTTYPE="serif" FONTWIDTH="proportional" ID="Style_4"/>
    </Styles>
  <Tags>
    <StructureTag ID="b546-10" LABEL="p"/>
    <StructureTag ID="b547-1" LABEL="pagelabel"/>
    <StructureTag ID="b547-5" LABEL="p"/>
    <StructureTag ID="b547-6" LABEL="p"/>
    <StructureTag ID="b547-7" LABEL="p"/>
  </Tags>
  <Layout>
    <Page HEIGHT="2696" ID="PG_547" PHYSICAL_IMG_NR="547" WIDTH="1661">
      <PrintSpace HEIGHT="2696" HPOS="0" ID="PS_547" VPOS="0" WIDTH="1661">
        <TextBlock HEIGHT="244.0" HPOS="140.0" ID="BL_547.1" TAGREFS="b546-10" VPOS="427.0" WIDTH="1212.0">
          <TextLine HEIGHT="45" HPOS="141" ID="TL_547.1.1" VPOS="427" WIDTH="1210">
            <String CONTENT="fore" HEIGHT="35" HPOS="141" ID="ST_547.1.1.1" STYLEREFS="Style_3" VPOS="427" WIDTH="74" WC="1.00" CC="0000" TAGREFS=""/>
            <SP HPOS="215" ID="SP_547.1.1.2" VPOS="428" WIDTH="22"/>
            <String CONTENT="continue" HEIGHT="34" HPOS="237" ID="ST_547.1.1.3" STYLEREFS="Style_3" VPOS="428" WIDTH="161" WC="0.91" CC="00000000" TAGREFS=""/>
            <SP HPOS="398" ID="SP_547.1.1.4" VPOS="428" WIDTH="22"/>
            <String CONTENT="until" HEIGHT="35" HPOS="420" ID="ST_547.1.1.5" STYLEREFS="Style_3" VPOS="428" WIDTH="87" WC="0.95" CC="00000" TAGREFS=""/>
            <SP HPOS="507" ID="SP_547.1.1.6" VPOS="428" WIDTH="23"/>
            <String CONTENT="he" HEIGHT="34" HPOS="530" ID="ST_547.1.1.7" STYLEREFS="Style_3" VPOS="428" WIDTH="43" WC="0.89" CC="00" TAGREFS=""/>
            <SP HPOS="573" ID="SP_547.1.1.8" VPOS="428" WIDTH="22"/>
            <String CONTENT="received" HEIGHT="35" HPOS="595" ID="ST_547.1.1.9" STYLEREFS="Style_3" VPOS="428" WIDTH="154" WC="0.96" CC="00000000" TAGREFS=""/>
            <SP HPOS="749" ID="SP_547.1.1.10" VPOS="429" WIDTH="23"/>
            <String CONTENT="such" HEIGHT="34" HPOS="772" ID="ST_547.1.1.11" STYLEREFS="Style_3" VPOS="429" WIDTH="84" WC="1.00" CC="0000" TAGREFS=""/>
            <SP HPOS="856" ID="SP_547.1.1.12" VPOS="428" WIDTH="23"/>
            <String CONTENT="notice." HEIGHT="35" HPOS="879" ID="ST_547.1.1.13" STYLEREFS="Style_3" VPOS="428" WIDTH="123" WC="0.95" CC="0000000" TAGREFS=""/>
            <SP HPOS="1002" ID="SP_547.1.1.14" VPOS="429" WIDTH="25"/>
            <String CONTENT="In" HEIGHT="34" HPOS="1027" ID="ST_547.1.1.15" STYLEREFS="Style_3" VPOS="429" WIDTH="38" WC="0.90" CC="00" TAGREFS=""/>
            <SP HPOS="1065" ID="SP_547.1.1.16" VPOS="429" WIDTH="23"/>
            <String CONTENT="rejecting" HEIGHT="43" HPOS="1088" ID="ST_547.1.1.17" STYLEREFS="Style_3" VPOS="429" WIDTH="165" WC="1.00" CC="000000000" TAGREFS=""/>
            <SP HPOS="1253" ID="SP_547.1.1.18" VPOS="429" WIDTH="22"/>
            <String CONTENT="that" HEIGHT="34" HPOS="1275" ID="ST_547.1.1.19" STYLEREFS="Style_3" VPOS="429" WIDTH="76" WC="1.00" CC="0000" TAGREFS=""/>
          </TextLine>
          <TextLine HEIGHT="44" HPOS="140" ID="TL_547.1.2" VPOS="477" WIDTH="1210">
            <String CONTENT="argument," HEIGHT="38" HPOS="140" ID="ST_547.1.2.1" STYLEREFS="Style_3" VPOS="482" WIDTH="195" WC="0.94" CC="000000000" TAGREFS=""/>
            <SP HPOS="335" ID="SP_547.1.2.2" VPOS="489" WIDTH="16"/>
            <String CONTENT="we" HEIGHT="23" HPOS="351" ID="ST_547.1.2.3" STYLEREFS="Style_3" VPOS="489" WIDTH="50" WC="1.00" CC="00" TAGREFS=""/>
            <SP HPOS="401" ID="SP_547.1.2.4" VPOS="478" WIDTH="15"/>
            <String CONTENT="held" HEIGHT="34" HPOS="416" ID="ST_547.1.2.5" STYLEREFS="Style_3" VPOS="478" WIDTH="78" WC="1.00" CC="0000" TAGREFS=""/>
            <SP HPOS="494" ID="SP_547.1.2.6" VPOS="478" WIDTH="15"/>
            <String CONTENT="that" HEIGHT="34" HPOS="509" ID="ST_547.1.2.7" STYLEREFS="Style_3" VPOS="478" WIDTH="76" WC="1.00" CC="0000" TAGREFS=""/>
            <SP HPOS="585" ID="SP_547.1.2.8" VPOS="478" WIDTH="17"/>
            <String CONTENT="§" HEIGHT="42" HPOS="602" ID="ST_547.1.2.9" STYLEREFS="Style_3" VPOS="478" WIDTH="17" WC="0.70" CC="0" TAGREFS=""/>
            <SP HPOS="619" ID="SP_547.1.2.10" VPOS="478" WIDTH="18"/>
            <String CONTENT="80-1304(b)," HEIGHT="43" HPOS="637" ID="ST_547.1.2.11" STYLEREFS="Style_3" VPOS="478" WIDTH="226" WC="0.82" CC="00990000000" TAGREFS=""/>
            <SP HPOS="863" ID="SP_547.1.2.12" VPOS="478" WIDTH="14"/>
            <String CONTENT="which" HEIGHT="35" HPOS="877" ID="ST_547.1.2.13" STYLEREFS="Style_3" VPOS="478" WIDTH="112" WC="0.90" CC="00000" TAGREFS=""/>
            <SP HPOS="989" ID="SP_547.1.2.14" VPOS="477" WIDTH="15"/>
            <String CONTENT="allowed" HEIGHT="36" HPOS="1004" ID="ST_547.1.2.15" STYLEREFS="Style_3" VPOS="477" WIDTH="144" WC="0.99" CC="0000000" TAGREFS=""/>
            <SP HPOS="1148" ID="SP_547.1.2.16" VPOS="477" WIDTH="15"/>
            <String CONTENT="for" HEIGHT="35" HPOS="1163" ID="ST_547.1.2.17" STYLEREFS="Style_3" VPOS="477" WIDTH="53" WC="0.98" CC="000" TAGREFS=""/>
            <SP HPOS="1216" ID="SP_547.1.2.18" VPOS="489" WIDTH="15"/>
            <String CONTENT="nonre-" HEIGHT="24" HPOS="1231" ID="ST_547.1.2.19" STYLEREFS="Style_3" VPOS="489" WIDTH="119" WC="0.88" CC="000000" TAGREFS=""/>
          </TextLine>
          <TextLine HEIGHT="45" HPOS="142" ID="TL_547.1.3" VPOS="527" WIDTH="1210">
            <String CONTENT="newal" HEIGHT="33" HPOS="142" ID="ST_547.1.3.1" STYLEREFS="Style_3" VPOS="528" WIDTH="109" WC="0.93" CC="00000" TAGREFS=""/>
            <SP HPOS="251" ID="SP_547.1.3.2" VPOS="527" WIDTH="14"/>
            <String CONTENT="without" HEIGHT="34" HPOS="265" ID="ST_547.1.3.3" STYLEREFS="Style_3" VPOS="527" WIDTH="144" WC="0.93" CC="0000000" TAGREFS=""/>
            <SP HPOS="409" ID="SP_547.1.3.4" VPOS="538" WIDTH="12"/>
            <String CONTENT="cause" HEIGHT="24" HPOS="421" ID="ST_547.1.3.5" STYLEREFS="Style_3" VPOS="538" WIDTH="104" WC="1.00" CC="00000" TAGREFS=""/>
            <SP HPOS="525" ID="SP_547.1.3.6" VPOS="527" WIDTH="13"/>
            <String CONTENT="by" HEIGHT="44" HPOS="538" ID="ST_547.1.3.7" STYLEREFS="Style_3" VPOS="527" WIDTH="45" WC="0.79" CC="00" TAGREFS=""/>
            <SP HPOS="583" ID="SP_547.1.3.8" VPOS="528" WIDTH="13"/>
            <String CONTENT="simply" HEIGHT="44" HPOS="596" ID="ST_547.1.3.9" STYLEREFS="Style_3" VPOS="528" WIDTH="125" WC="0.96" CC="000000" TAGREFS=""/>
            <SP HPOS="721" ID="SP_547.1.3.10" VPOS="528" WIDTH="12"/>
            <String CONTENT="giving" HEIGHT="43" HPOS="733" ID="ST_547.1.3.11" STYLEREFS="Style_3" VPOS="528" WIDTH="114" WC="1.00" CC="000000" TAGREFS=""/>
            <SP HPOS="847" ID="SP_547.1.3.12" VPOS="528" WIDTH="14"/>
            <String CONTENT="the" HEIGHT="34" HPOS="861" ID="ST_547.1.3.13" STYLEREFS="Style_3" VPOS="528" WIDTH="58" WC="1.00" CC="000" TAGREFS=""/>
            <SP HPOS="919" ID="SP_547.1.3.14" VPOS="528" WIDTH="13"/>
            <String CONTENT="teacher" HEIGHT="34" HPOS="932" ID="ST_547.1.3.15" STYLEREFS="Style_3" VPOS="528" WIDTH="140" WC="1.00" CC="0000000" TAGREFS=""/>
            <SP HPOS="1072" ID="SP_547.1.3.16" VPOS="528" WIDTH="12"/>
            <String CONTENT="notice," HEIGHT="41" HPOS="1084" ID="ST_547.1.3.17" STYLEREFS="Style_3" VPOS="528" WIDTH="124" WC="0.88" CC="0000000" TAGREFS=""/>
            <SP HPOS="1208" ID="SP_547.1.3.18" VPOS="528" WIDTH="13"/>
            <String CONTENT="did" HEIGHT="34" HPOS="1221" ID="ST_547.1.3.19" STYLEREFS="Style_3" VPOS="528" WIDTH="58" WC="0.86" CC="000" TAGREFS=""/>
            <SP HPOS="1279" ID="SP_547.1.3.20" VPOS="534" WIDTH="14"/>
            <String CONTENT="not" HEIGHT="29" HPOS="1293" ID="ST_547.1.3.21" STYLEREFS="Style_3" VPOS="534" WIDTH="59" WC="1.00" CC="000" TAGREFS=""/>
          </TextLine>
          <TextLine HEIGHT="45" HPOS="141" ID="TL_547.1.4" VPOS="577" WIDTH="1211">
            <String CONTENT="create" HEIGHT="29" HPOS="141" ID="ST_547.1.4.1" STYLEREFS="Style_3" VPOS="582" WIDTH="117" WC="1.00" CC="000000" TAGREFS=""/>
            <SP HPOS="258" ID="SP_547.1.4.2" VPOS="588" WIDTH="12"/>
            <String CONTENT="an" HEIGHT="23" HPOS="270" ID="ST_547.1.4.3" STYLEREFS="Style_3" VPOS="588" WIDTH="44" WC="0.65" CC="00" TAGREFS=""/>
            <SP HPOS="314" ID="SP_547.1.4.4" VPOS="578" WIDTH="12"/>
            <String CONTENT="expectation" HEIGHT="42" HPOS="326" ID="ST_547.1.4.5" STYLEREFS="Style_3" VPOS="578" WIDTH="216" WC="0.86" CC="00000000000" TAGREFS=""/>
            <SP HPOS="542" ID="SP_547.1.4.6" VPOS="577" WIDTH="12"/>
            <String CONTENT="of" HEIGHT="34" HPOS="554" ID="ST_547.1.4.7" STYLEREFS="Style_3" VPOS="577" WIDTH="39" WC="1.00" CC="00" TAGREFS=""/>
            <SP HPOS="593" ID="SP_547.1.4.8" VPOS="577" WIDTH="8"/>
            <String CONTENT="continued" HEIGHT="35" HPOS="601" ID="ST_547.1.4.9" STYLEREFS="Style_3" VPOS="577" WIDTH="186" WC="0.92" CC="000000000" TAGREFS=""/>
            <SP HPOS="787" ID="SP_547.1.4.10" VPOS="578" WIDTH="12"/>
            <String CONTENT="employment" HEIGHT="43" HPOS="799" ID="ST_547.1.4.11" STYLEREFS="Style_3" VPOS="578" WIDTH="233" WC="0.86" CC="0000000000" TAGREFS=""/>
            <SP HPOS="1032" ID="SP_547.1.4.12" VPOS="578" WIDTH="12"/>
            <String CONTENT="and" HEIGHT="34" HPOS="1044" ID="ST_547.1.4.13" STYLEREFS="Style_3" VPOS="578" WIDTH="68" WC="0.90" CC="000" TAGREFS=""/>
            <SP HPOS="1112" ID="SP_547.1.4.14" VPOS="578" WIDTH="12"/>
            <String CONTENT="the" HEIGHT="35" HPOS="1124" ID="ST_547.1.4.15" STYLEREFS="Style_3" VPOS="578" WIDTH="59" WC="1.00" CC="000" TAGREFS=""/>
            <SP HPOS="1183" ID="SP_547.1.4.16" VPOS="578" WIDTH="11"/>
            <String CONTENT="required" HEIGHT="44" HPOS="1194" ID="ST_547.1.4.17" STYLEREFS="Style_3" VPOS="578" WIDTH="158" WC="0.92" CC="00000000" TAGREFS=""/>
          </TextLine>
          <TextLine HEIGHT="44" HPOS="142" ID="TL_547.1.5" VPOS="627" WIDTH="921">
            <String CONTENT="notice" HEIGHT="34" HPOS="142" ID="ST_547.1.5.1" STYLEREFS="Style_3" VPOS="627" WIDTH="114" WC="1.00" CC="000000" TAGREFS=""/>
            <SP HPOS="256" ID="SP_547.1.5.2" VPOS="627" WIDTH="20"/>
            <String CONTENT="only" HEIGHT="43" HPOS="276" ID="ST_547.1.5.3" STYLEREFS="Style_3" VPOS="627" WIDTH="79" WC="0.86" CC="0000" TAGREFS=""/>
            <SP HPOS="355" ID="SP_547.1.5.4" VPOS="637" WIDTH="20"/>
            <String CONTENT="goes" HEIGHT="33" HPOS="375" ID="ST_547.1.5.5" STYLEREFS="Style_3" VPOS="637" WIDTH="80" WC="1.00" CC="0000" TAGREFS=""/>
            <SP HPOS="455" ID="SP_547.1.5.6" VPOS="633" WIDTH="20"/>
            <String CONTENT="to" HEIGHT="29" HPOS="475" ID="ST_547.1.5.7" STYLEREFS="Style_3" VPOS="633" WIDTH="36" WC="1.00" CC="00" TAGREFS=""/>
            <SP HPOS="511" ID="SP_547.1.5.8" VPOS="627" WIDTH="19"/>
            <String CONTENT="the" HEIGHT="34" HPOS="530" ID="ST_547.1.5.9" STYLEREFS="Style_3" VPOS="627" WIDTH="60" WC="1.00" CC="000" TAGREFS=""/>
            <SP HPOS="590" ID="SP_547.1.5.10" VPOS="627" WIDTH="19"/>
            <String CONTENT="succeeding" HEIGHT="43" HPOS="609" ID="ST_547.1.5.11" STYLEREFS="Style_3" VPOS="627" WIDTH="206" WC="0.92" CC="0000000000" TAGREFS=""/>
            <SP HPOS="815" ID="SP_547.1.5.12" VPOS="627" WIDTH="20"/>
            <String CONTENT="school" HEIGHT="35" HPOS="835" ID="ST_547.1.5.13" STYLEREFS="Style_3" VPOS="627" WIDTH="116" WC="0.88" CC="000000" TAGREFS=""/>
            <SP HPOS="951" ID="SP_547.1.5.14" VPOS="638" WIDTH="20"/>
            <String CONTENT="year." HEIGHT="33" HPOS="971" ID="ST_547.1.5.15" STYLEREFS="Style_3" VPOS="638" WIDTH="92" WC="1.00" CC="00000" TAGREFS=""/>
          </TextLine>
        </TextBlock>
        <TextBlock HEIGHT="33.0" HPOS="1283.0" ID="BL_547.2" TAGREFS="b547-1" VPOS="289.0" WIDTH="66.0">
          <TextLine HEIGHT="33" HPOS="1283" ID="TL_547.2.1" VPOS="289" WIDTH="66">
            <String CONTENT="509" HEIGHT="33" HPOS="1283" ID="ST_547.2.1.1" STYLEREFS="Style_3" VPOS="289" WIDTH="66" WC="0.90" CC="000" TAGREFS=""/>
          </TextLine>
        </TextBlock>
        <TextBlock HEIGHT="492.0" HPOS="143.0" ID="BL_547.4" TAGREFS="b547-5" VPOS="729.0" WIDTH="1215.0">
          <TextLine HEIGHT="46" HPOS="235" ID="TL_547.4.1" VPOS="729" WIDTH="1118">
            <String CONTENT="Reliance" HEIGHT="35" HPOS="328" ID="ST_547.4.1.3" STYLEREFS="Style_3" VPOS="729" WIDTH="165" WC="0.92" CC="00000000" TAGREFS=""/>
            <SP HPOS="493" ID="SP_547.4.1.4" VPOS="740" WIDTH="13"/>
            <String CONTENT="upon" HEIGHT="33" HPOS="506" ID="ST_547.4.1.5" STYLEREFS="Style_3" VPOS="740" WIDTH="92" WC="0.99" CC="0000" TAGREFS=""/>
            <SP HPOS="598" ID="SP_547.4.1.6" VPOS="730" WIDTH="14"/>
            <String CONTENT="Rastle" HEIGHT="34" HPOS="612" ID="ST_547.4.1.7" STYLEREFS="Style_4" VPOS="730" WIDTH="125" WC="0.88" CC="000000" TAGREFS=""/>
            <SP HPOS="737" ID="SP_547.4.1.8" VPOS="730" WIDTH="13"/>
            <String CONTENT="is" HEIGHT="34" HPOS="750" ID="ST_547.4.1.9" STYLEREFS="Style_3" VPOS="730" WIDTH="28" WC="1.00" CC="00" TAGREFS=""/>
            <SP HPOS="778" ID="SP_547.4.1.10" VPOS="730" WIDTH="13"/>
            <String CONTENT="misplaced," HEIGHT="44" HPOS="791" ID="ST_547.4.1.11" STYLEREFS="Style_3" VPOS="730" WIDTH="200" WC="0.97" CC="0000000000" TAGREFS=""/>
            <SP HPOS="991" ID="SP_547.4.1.12" VPOS="730" WIDTH="15"/>
            <String CONTENT="since" HEIGHT="35" HPOS="1006" ID="ST_547.4.1.13" STYLEREFS="Style_3" VPOS="730" WIDTH="93" WC="0.99" CC="00000" TAGREFS=""/>
            <SP HPOS="1099" ID="SP_547.4.1.14" VPOS="731" WIDTH="13"/>
            <String CONTENT="the" HEIGHT="34" HPOS="1112" ID="ST_547.4.1.15" STYLEREFS="Style_3" VPOS="731" WIDTH="59" WC="0.84" CC="000" TAGREFS=""/>
            <SP HPOS="1171" ID="SP_547.4.1.16" VPOS="735" WIDTH="12"/>
            <String CONTENT="statutory" HEIGHT="40" HPOS="1183" ID="ST_547.4.1.17" STYLEREFS="Style_3" VPOS="735" WIDTH="170" WC="1.00" CC="000000000" TAGREFS=""/>
          </TextLine>
          <TextLine HEIGHT="45" HPOS="143" ID="TL_547.4.2" VPOS="779" WIDTH="1211">
            <String CONTENT="law" HEIGHT="34" HPOS="143" ID="ST_547.4.2.1" STYLEREFS="Style_3" VPOS="779" WIDTH="65" WC="0.82" CC="000" TAGREFS=""/>
            <SP HPOS="208" ID="SP_547.4.2.2" VPOS="779" WIDTH="27"/>
            <String CONTENT="governing" HEIGHT="43" HPOS="235" ID="ST_547.4.2.3" STYLEREFS="Style_3" VPOS="779" WIDTH="185" WC="0.89" CC="000000000" TAGREFS=""/>
            <SP HPOS="420" ID="SP_547.4.2.4" VPOS="779" WIDTH="27"/>
            <String CONTENT="teaching" HEIGHT="43" HPOS="447" ID="ST_547.4.2.5" STYLEREFS="Style_3" VPOS="779" WIDTH="161" WC="0.94" CC="00000000" TAGREFS=""/>
            <SP HPOS="608" ID="SP_547.4.2.6" VPOS="785" WIDTH="26"/>
            <String CONTENT="contracts" HEIGHT="29" HPOS="634" ID="ST_547.4.2.7" STYLEREFS="Style_3" VPOS="785" WIDTH="174" WC="0.96" CC="000000000" TAGREFS=""/>
            <SP HPOS="808" ID="SP_547.4.2.8" VPOS="780" WIDTH="26"/>
            <String CONTENT="had" HEIGHT="35" HPOS="834" ID="ST_547.4.2.9" STYLEREFS="Style_3" VPOS="780" WIDTH="68" WC="0.89" CC="000" TAGREFS=""/>
            <SP HPOS="902" ID="SP_547.4.2.10" VPOS="780" WIDTH="27"/>
            <String CONTENT="been" HEIGHT="34" HPOS="929" ID="ST_547.4.2.11" STYLEREFS="Style_3" VPOS="780" WIDTH="87" WC="1.00" CC="0000" TAGREFS=""/>
            <SP HPOS="1016" ID="SP_547.4.2.12" VPOS="780" WIDTH="26"/>
            <String CONTENT="changed" HEIGHT="44" HPOS="1042" ID="ST_547.4.2.13" STYLEREFS="Style_3" VPOS="780" WIDTH="157" WC="0.95" CC="0000000" TAGREFS=""/>
            <SP HPOS="1199" ID="SP_547.4.2.14" VPOS="781" WIDTH="26"/>
            <String CONTENT="by" HEIGHT="43" HPOS="1225" ID="ST_547.4.2.15" STYLEREFS="Style_3" VPOS="781" WIDTH="44" WC="1.00" CC="00" TAGREFS=""/>
            <SP HPOS="1269" ID="SP_547.4.2.16" VPOS="781" WIDTH="26"/>
            <String CONTENT="the" HEIGHT="34" HPOS="1295" ID="ST_547.4.2.17" STYLEREFS="Style_3" VPOS="781" WIDTH="59" WC="0.88" CC="000" TAGREFS=""/>
          </TextLine>
          <TextLine HEIGHT="45" HPOS="143" ID="TL_547.4.3" VPOS="829" WIDTH="1211">
            <String CONTENT="legislature" HEIGHT="43" HPOS="143" ID="ST_547.4.3.1" STYLEREFS="Style_3" VPOS="829" WIDTH="200" WC="0.88" CC="00000000000" TAGREFS=""/>
            <SP HPOS="343" ID="SP_547.4.3.2" VPOS="829" WIDTH="21"/>
            <String CONTENT="prior" HEIGHT="44" HPOS="364" ID="ST_547.4.3.3" STYLEREFS="Style_3" VPOS="829" WIDTH="91" WC="0.96" CC="00000" TAGREFS=""/>
            <SP HPOS="455" ID="SP_547.4.3.4" VPOS="835" WIDTH="23"/>
            <String CONTENT="to" HEIGHT="29" HPOS="478" ID="ST_547.4.3.5" STYLEREFS="Style_3" VPOS="835" WIDTH="35" WC="1.00" CC="00" TAGREFS=""/>
            <SP HPOS="513" ID="SP_547.4.3.6" VPOS="829" WIDTH="23"/>
            <String CONTENT="the" HEIGHT="35" HPOS="536" ID="ST_547.4.3.7" STYLEREFS="Style_3" VPOS="829" WIDTH="59" WC="1.00" CC="000" TAGREFS=""/>
            <SP HPOS="595" ID="SP_547.4.3.8" VPOS="829" WIDTH="22"/>
            <String CONTENT="dispute" HEIGHT="45" HPOS="617" ID="ST_547.4.3.9" STYLEREFS="Style_3" VPOS="829" WIDTH="137" WC="1.00" CC="0000000" TAGREFS=""/>
            <SP HPOS="754" ID="SP_547.4.3.10" VPOS="830" WIDTH="22"/>
            <String CONTENT="between" HEIGHT="35" HPOS="776" ID="ST_547.4.3.11" STYLEREFS="Style_3" VPOS="830" WIDTH="154" WC="0.90" CC="0000000" TAGREFS=""/>
            <SP HPOS="930" ID="SP_547.4.3.12" VPOS="830" WIDTH="23"/>
            <String CONTENT="Mrs." HEIGHT="34" HPOS="953" ID="ST_547.4.3.13" STYLEREFS="Style_3" VPOS="830" WIDTH="88" WC="0.98" CC="0000" TAGREFS=""/>
            <SP HPOS="1041" ID="SP_547.4.3.14" VPOS="830" WIDTH="24"/>
            <String CONTENT="Strain" HEIGHT="35" HPOS="1065" ID="ST_547.4.3.15" STYLEREFS="Style_3" VPOS="830" WIDTH="117" WC="0.99" CC="000000" TAGREFS=""/>
            <SP HPOS="1182" ID="SP_547.4.3.16" VPOS="830" WIDTH="23"/>
            <String CONTENT="and" HEIGHT="35" HPOS="1205" ID="ST_547.4.3.17" STYLEREFS="Style_3" VPOS="830" WIDTH="68" WC="0.92" CC="000" TAGREFS=""/>
            <SP HPOS="1273" ID="SP_547.4.3.18" VPOS="831" WIDTH="22"/>
            <String CONTENT="the" HEIGHT="35" HPOS="1295" ID="ST_547.4.3.19" STYLEREFS="Style_3" VPOS="831" WIDTH="59" WC="0.99" CC="000" TAGREFS=""/>
          </TextLine>
          <TextLine HEIGHT="42" HPOS="143" ID="TL_547.4.4" VPOS="879" WIDTH="1209">
            <String CONTENT="school" HEIGHT="34" HPOS="143" ID="ST_547.4.4.1" STYLEREFS="Style_3" VPOS="879" WIDTH="117" WC="0.92" CC="000000" TAGREFS=""/>
            <SP HPOS="260" ID="SP_547.4.4.2" VPOS="879" WIDTH="19"/>
            <String CONTENT="district." HEIGHT="35" HPOS="279" ID="ST_547.4.4.3" STYLEREFS="Style_3" VPOS="879" WIDTH="143" WC="0.97" CC="000000000" TAGREFS=""/>
            <SP HPOS="422" ID="SP_547.4.4.4" VPOS="880" WIDTH="19"/>
            <String CONTENT="The" HEIGHT="34" HPOS="441" ID="ST_547.4.4.5" STYLEREFS="Style_3" VPOS="880" WIDTH="75" WC="1.00" CC="000" TAGREFS=""/>
            <SP HPOS="516" ID="SP_547.4.4.6" VPOS="880" WIDTH="17"/>
            <String CONTENT="Teacher" HEIGHT="34" HPOS="533" ID="ST_547.4.4.7" STYLEREFS="Style_3" VPOS="880" WIDTH="156" WC="0.92" CC="0000000" TAGREFS=""/>
            <SP HPOS="689" ID="SP_547.4.4.8" VPOS="880" WIDTH="20"/>
            <String CONTENT="Fair" HEIGHT="35" HPOS="709" ID="ST_547.4.4.9" STYLEREFS="Style_3" VPOS="880" WIDTH="78" WC="0.89" CC="0000" TAGREFS=""/>
            <SP HPOS="787" ID="SP_547.4.4.10" VPOS="880" WIDTH="19"/>
            <String CONTENT="Dismissal" HEIGHT="35" HPOS="806" ID="ST_547.4.4.11" STYLEREFS="Style_3" VPOS="880" WIDTH="181" WC="0.95" CC="000000000" TAGREFS=""/>
            <SP HPOS="987" ID="SP_547.4.4.12" VPOS="881" WIDTH="18"/>
            <String CONTENT="Act" HEIGHT="34" HPOS="1005" ID="ST_547.4.4.13" STYLEREFS="Style_3" VPOS="881" WIDTH="70" WC="1.00" CC="000" TAGREFS=""/>
            <SP HPOS="1075" ID="SP_547.4.4.14" VPOS="880" WIDTH="18"/>
            <String CONTENT="of" HEIGHT="35" HPOS="1093" ID="ST_547.4.4.15" STYLEREFS="Style_3" VPOS="880" WIDTH="39" WC="1.00" CC="00" TAGREFS=""/>
            <SP HPOS="1132" ID="SP_547.4.4.16" VPOS="881" WIDTH="19"/>
            <String CONTENT="1979," HEIGHT="40" HPOS="1151" ID="ST_547.4.4.17" STYLEREFS="Style_3" VPOS="881" WIDTH="98" WC="0.83" CC="00000" TAGREFS=""/>
            <SP HPOS="1249" ID="SP_547.4.4.18" VPOS="881" WIDTH="18"/>
            <String CONTENT="Ark." HEIGHT="34" HPOS="1267" ID="ST_547.4.4.19" STYLEREFS="Style_3" VPOS="881" WIDTH="85" WC="0.96" CC="0000" TAGREFS=""/>
          </TextLine>
          <TextLine HEIGHT="45" HPOS="144" ID="TL_547.4.5" VPOS="929" WIDTH="1211">
            <String CONTENT="Stat." HEIGHT="34" HPOS="144" ID="ST_547.4.5.1" STYLEREFS="Style_3" VPOS="929" WIDTH="90" WC="0.99" CC="00000" TAGREFS=""/>
            <SP HPOS="234" ID="SP_547.4.5.2" VPOS="930" WIDTH="16"/>
            <String CONTENT="Ann." HEIGHT="34" HPOS="250" ID="ST_547.4.5.3" STYLEREFS="Style_3" VPOS="930" WIDTH="92" WC="0.93" CC="0000" TAGREFS=""/>
            <SP HPOS="342" ID="SP_547.4.5.4" VPOS="929" WIDTH="18"/>
            <String CONTENT="§§" HEIGHT="43" HPOS="360" ID="ST_547.4.5.5" STYLEREFS="Style_3" VPOS="929" WIDTH="40" WC="0.81" CC="90" TAGREFS=""/>
            <SP HPOS="400" ID="SP_547.4.5.6" VPOS="930" WIDTH="18"/>
            <String CONTENT="80-1264­" HEIGHT="34" HPOS="418" ID="ST_547.4.5.7" STYLEREFS="Style_3" VPOS="930" WIDTH="156" WC="1.0" CC="00000000" TAGREFS=""/>
            <SP HPOS="574" ID="SP_547.4.5.8" VPOS="930" WIDTH="0"/>
            <String CONTENT="—­" HEIGHT="34" HPOS="574" ID="ST_547.4.5.9" STYLEREFS="Style_3" VPOS="930" WIDTH="47" WC="1.0" CC="00" TAGREFS=""/>
            <SP HPOS="621" ID="SP_547.4.5.10" VPOS="930" WIDTH="0"/>
            <String CONTENT="80-1264.10" HEIGHT="34" HPOS="621" ID="ST_547.4.5.11" STYLEREFS="Style_3" VPOS="930" WIDTH="214" WC="0.88" CC="0000000000" TAGREFS=""/>
            <SP HPOS="835" ID="SP_547.4.5.12" VPOS="930" WIDTH="16"/>
            <String CONTENT="(Repl." HEIGHT="44" HPOS="851" ID="ST_547.4.5.13" STYLEREFS="Style_3" VPOS="930" WIDTH="116" WC="0.95" CC="000090" TAGREFS=""/>
            <SP HPOS="967" ID="SP_547.4.5.14" VPOS="930" WIDTH="20"/>
            <String CONTENT="1980)," HEIGHT="43" HPOS="987" ID="ST_547.4.5.15" STYLEREFS="Style_3" VPOS="930" WIDTH="118" WC="0.84" CC="000000" TAGREFS=""/>
            <SP HPOS="1105" ID="SP_547.4.5.16" VPOS="941" WIDTH="14"/>
            <String CONTENT="was" HEIGHT="24" HPOS="1119" ID="ST_547.4.5.17" STYLEREFS="Style_3" VPOS="941" WIDTH="70" WC="1.00" CC="000" TAGREFS=""/>
            <SP HPOS="1189" ID="SP_547.4.5.18" VPOS="930" WIDTH="15"/>
            <String CONTENT="in" HEIGHT="34" HPOS="1204" ID="ST_547.4.5.19" STYLEREFS="Style_3" VPOS="930" WIDTH="33" WC="0.84" CC="00" TAGREFS=""/>
            <SP HPOS="1237" ID="SP_547.4.5.20" VPOS="931" WIDTH="15"/>
            <String CONTENT="effect" HEIGHT="34" HPOS="1252" ID="ST_547.4.5.21" STYLEREFS="Style_3" VPOS="931" WIDTH="103" WC="0.74" CC="090000" TAGREFS=""/>
          </TextLine>
          <TextLine HEIGHT="44" HPOS="145" ID="TL_547.4.6" VPOS="979" WIDTH="1209">
            <String CONTENT="and" HEIGHT="34" HPOS="145" ID="ST_547.4.6.1" STYLEREFS="Style_3" VPOS="979" WIDTH="69" WC="0.92" CC="000" TAGREFS=""/>
            <SP HPOS="214" ID="SP_547.4.6.2" VPOS="979" WIDTH="19"/>
            <String CONTENT="it" HEIGHT="34" HPOS="233" ID="ST_547.4.6.3" STYLEREFS="Style_3" VPOS="979" WIDTH="26" WC="1.00" CC="00" TAGREFS=""/>
            <SP HPOS="259" ID="SP_547.4.6.4" VPOS="979" WIDTH="19"/>
            <String CONTENT="provided" HEIGHT="44" HPOS="278" ID="ST_547.4.6.5" STYLEREFS="Style_3" VPOS="979" WIDTH="161" WC="1.00" CC="00000000" TAGREFS=""/>
            <SP HPOS="439" ID="SP_547.4.6.6" VPOS="980" WIDTH="19"/>
            <String CONTENT="that" HEIGHT="34" HPOS="458" ID="ST_547.4.6.7" STYLEREFS="Style_3" VPOS="980" WIDTH="76" WC="1.00" CC="0000" TAGREFS=""/>
            <SP HPOS="534" ID="SP_547.4.6.8" VPOS="979" WIDTH="19"/>
            <String CONTENT="before" HEIGHT="35" HPOS="553" ID="ST_547.4.6.9" STYLEREFS="Style_3" VPOS="979" WIDTH="119" WC="1.00" CC="000000" TAGREFS=""/>
            <SP HPOS="672" ID="SP_547.4.6.10" VPOS="991" WIDTH="18"/>
            <String CONTENT="a" HEIGHT="23" HPOS="690" ID="ST_547.4.6.11" STYLEREFS="Style_3" VPOS="991" WIDTH="20" WC="1.00" CC="0" TAGREFS=""/>
            <SP HPOS="710" ID="SP_547.4.6.12" VPOS="979" WIDTH="19"/>
            <String CONTENT="school" HEIGHT="35" HPOS="729" ID="ST_547.4.6.13" STYLEREFS="Style_3" VPOS="979" WIDTH="115" WC="0.92" CC="000000" TAGREFS=""/>
            <SP HPOS="844" ID="SP_547.4.6.14" VPOS="979" WIDTH="19"/>
            <String CONTENT="district" HEIGHT="36" HPOS="863" ID="ST_547.4.6.15" STYLEREFS="Style_3" VPOS="979" WIDTH="134" WC="1.00" CC="00000000" TAGREFS=""/>
            <SP HPOS="997" ID="SP_547.4.6.16" VPOS="980" WIDTH="18"/>
            <String CONTENT="could" HEIGHT="35" HPOS="1015" ID="ST_547.4.6.17" STYLEREFS="Style_3" VPOS="980" WIDTH="102" WC="1.00" CC="00000" TAGREFS=""/>
            <SP HPOS="1117" ID="SP_547.4.6.18" VPOS="990" WIDTH="18"/>
            <String CONTENT="nonrenew" HEIGHT="25" HPOS="1135" ID="ST_547.4.6.19" STYLEREFS="Style_3" VPOS="990" WIDTH="181" WC="0.94" CC="00000000" TAGREFS=""/>
            <SP HPOS="1316" ID="SP_547.4.6.20" VPOS="992" WIDTH="18"/>
            <String CONTENT="a" HEIGHT="23" HPOS="1334" ID="ST_547.4.6.21" STYLEREFS="Style_3" VPOS="992" WIDTH="20" WC="0.99" CC="0" TAGREFS=""/>
          </TextLine>
          <TextLine HEIGHT="43" HPOS="145" ID="TL_547.4.7" VPOS="1029" WIDTH="1210">
            <String CONTENT="nonprobationary" HEIGHT="43" HPOS="145" ID="ST_547.4.7.1" STYLEREFS="Style_3" VPOS="1029" WIDTH="315" WC="0.93" CC="000000000000000" TAGREFS=""/>
            <SP HPOS="460" ID="SP_547.4.7.2" VPOS="1029" WIDTH="14"/>
            <String CONTENT="teacher," HEIGHT="41" HPOS="474" ID="ST_547.4.7.3" STYLEREFS="Style_3" VPOS="1029" WIDTH="151" WC="0.88" CC="00000000" TAGREFS=""/>
            <SP HPOS="625" ID="SP_547.4.7.4" VPOS="1030" WIDTH="16"/>
            <String CONTENT="such" HEIGHT="34" HPOS="641" ID="ST_547.4.7.5" STYLEREFS="Style_3" VPOS="1030" WIDTH="85" WC="0.89" CC="0000" TAGREFS=""/>
            <SP HPOS="726" ID="SP_547.4.7.6" VPOS="1040" WIDTH="15"/>
            <String CONTENT="as" HEIGHT="23" HPOS="741" ID="ST_547.4.7.7" STYLEREFS="Style_3" VPOS="1040" WIDTH="37" WC="1.00" CC="00" TAGREFS=""/>
            <SP HPOS="778" ID="SP_547.4.7.8" VPOS="1030" WIDTH="17"/>
            <String CONTENT="Mrs." HEIGHT="34" HPOS="795" ID="ST_547.4.7.9" STYLEREFS="Style_3" VPOS="1030" WIDTH="86" WC="0.99" CC="0000" TAGREFS=""/>
            <SP HPOS="881" ID="SP_547.4.7.10" VPOS="1030" WIDTH="16"/>
            <String CONTENT="Strain," HEIGHT="40" HPOS="897" ID="ST_547.4.7.11" STYLEREFS="Style_3" VPOS="1030" WIDTH="130" WC="0.91" CC="0000000" TAGREFS=""/>
            <SP HPOS="1027" ID="SP_547.4.7.12" VPOS="1030" WIDTH="15"/>
            <String CONTENT="the" HEIGHT="34" HPOS="1042" ID="ST_547.4.7.13" STYLEREFS="Style_3" VPOS="1030" WIDTH="59" WC="1.00" CC="000" TAGREFS=""/>
            <SP HPOS="1101" ID="SP_547.4.7.14" VPOS="1030" WIDTH="14"/>
            <String CONTENT="district" HEIGHT="34" HPOS="1115" ID="ST_547.4.7.15" STYLEREFS="Style_3" VPOS="1030" WIDTH="133" WC="1.00" CC="00000000" TAGREFS=""/>
            <SP HPOS="1248" ID="SP_547.4.7.16" VPOS="1036" WIDTH="15"/>
            <String CONTENT="must" HEIGHT="29" HPOS="1263" ID="ST_547.4.7.17" STYLEREFS="Style_3" VPOS="1036" WIDTH="92" WC="1.00" CC="0000" TAGREFS=""/>
          </TextLine>
          <TextLine HEIGHT="45" HPOS="144" ID="TL_547.4.8" VPOS="1078" WIDTH="1214">
            <String CONTENT="give" HEIGHT="42" HPOS="144" ID="ST_547.4.8.1" STYLEREFS="Style_3" VPOS="1078" WIDTH="77" WC="1.00" CC="0000" TAGREFS=""/>
            <SP HPOS="221" ID="SP_547.4.8.2" VPOS="1078" WIDTH="26"/>
            <String CONTENT="notice," HEIGHT="40" HPOS="247" ID="ST_547.4.8.3" STYLEREFS="Style_3" VPOS="1078" WIDTH="124" WC="0.88" CC="0000000" TAGREFS=""/>
            <SP HPOS="371" ID="SP_547.4.8.4" VPOS="1084" WIDTH="26"/>
            <String CONTENT="state" HEIGHT="29" HPOS="397" ID="ST_547.4.8.5" STYLEREFS="Style_3" VPOS="1084" WIDTH="90" WC="1.00" CC="00000" TAGREFS=""/>
            <SP HPOS="487" ID="SP_547.4.8.6" VPOS="1079" WIDTH="25"/>
            <String CONTENT="grounds" HEIGHT="42" HPOS="512" ID="ST_547.4.8.7" STYLEREFS="Style_3" VPOS="1079" WIDTH="151" WC="0.91" CC="0000000" TAGREFS=""/>
            <SP HPOS="663" ID="SP_547.4.8.8" VPOS="1079" WIDTH="27"/>
            <String CONTENT="for" HEIGHT="34" HPOS="690" ID="ST_547.4.8.9" STYLEREFS="Style_3" VPOS="1079" WIDTH="54" WC="1.00" CC="000" TAGREFS=""/>
            <SP HPOS="744" ID="SP_547.4.8.10" VPOS="1079" WIDTH="25"/>
            <String CONTENT="the" HEIGHT="34" HPOS="769" ID="ST_547.4.8.11" STYLEREFS="Style_3" VPOS="1079" WIDTH="59" WC="1.00" CC="000" TAGREFS=""/>
            <SP HPOS="828" ID="SP_547.4.8.12" VPOS="1080" WIDTH="25"/>
            <String CONTENT="action," HEIGHT="39" HPOS="853" ID="ST_547.4.8.13" STYLEREFS="Style_3" VPOS="1080" WIDTH="126" WC="0.82" CC="0000000" TAGREFS=""/>
            <SP HPOS="979" ID="SP_547.4.8.14" VPOS="1080" WIDTH="27"/>
            <String CONTENT="hold" HEIGHT="34" HPOS="1006" ID="ST_547.4.8.15" STYLEREFS="Style_3" VPOS="1080" WIDTH="81" WC="0.83" CC="0000" TAGREFS=""/>
            <SP HPOS="1087" ID="SP_547.4.8.16" VPOS="1091" WIDTH="27"/>
            <String CONTENT="a" HEIGHT="23" HPOS="1114" ID="ST_547.4.8.17" STYLEREFS="Style_3" VPOS="1091" WIDTH="20" WC="1.00" CC="0" TAGREFS=""/>
            <SP HPOS="1134" ID="SP_547.4.8.18" VPOS="1079" WIDTH="26"/>
            <String CONTENT="hearing" HEIGHT="44" HPOS="1160" ID="ST_547.4.8.19" STYLEREFS="Style_3" VPOS="1079" WIDTH="142" WC="0.98" CC="0000000" TAGREFS=""/>
            <SP HPOS="1302" ID="SP_547.4.8.20" VPOS="1079" WIDTH="26"/>
            <String CONTENT="if" HEIGHT="35" HPOS="1328" ID="ST_547.4.8.21" STYLEREFS="Style_3" VPOS="1079" WIDTH="30" WC="0.95" CC="00" TAGREFS=""/>
          </TextLine>
          <TextLine HEIGHT="46" HPOS="144" ID="TL_547.4.9" VPOS="1127" WIDTH="1211">
            <String CONTENT="requested," HEIGHT="44" HPOS="144" ID="ST_547.4.9.1" STYLEREFS="Style_3" VPOS="1127" WIDTH="195" WC="0.87" CC="0000000000" TAGREFS=""/>
            <SP HPOS="339" ID="SP_547.4.9.2" VPOS="1128" WIDTH="24"/>
            <String CONTENT="and" HEIGHT="34" HPOS="363" ID="ST_547.4.9.3" STYLEREFS="Style_3" VPOS="1128" WIDTH="68" WC="0.69" CC="000" TAGREFS=""/>
            <SP HPOS="431" ID="SP_547.4.9.4" VPOS="1139" WIDTH="23"/>
            <String CONTENT="nonrenew" HEIGHT="23" HPOS="454" ID="ST_547.4.9.5" STYLEREFS="Style_3" VPOS="1139" WIDTH="183" WC="0.94" CC="00000000" TAGREFS=""/>
            <SP HPOS="637" ID="SP_547.4.9.6" VPOS="1128" WIDTH="23"/>
            <String CONTENT="for" HEIGHT="35" HPOS="660" ID="ST_547.4.9.7" STYLEREFS="Style_3" VPOS="1128" WIDTH="54" WC="1.00" CC="000" TAGREFS=""/>
            <SP HPOS="714" ID="SP_547.4.9.8" VPOS="1139" WIDTH="23"/>
            <String CONTENT="a" HEIGHT="23" HPOS="737" ID="ST_547.4.9.9" STYLEREFS="Style_3" VPOS="1139" WIDTH="20" WC="1.00" CC="0" TAGREFS=""/>
            <SP HPOS="757" ID="SP_547.4.9.10" VPOS="1139" WIDTH="23"/>
            <String CONTENT="cause" HEIGHT="24" HPOS="780" ID="ST_547.4.9.11" STYLEREFS="Style_3" VPOS="1139" WIDTH="104" WC="0.98" CC="00000" TAGREFS=""/>
            <SP HPOS="884" ID="SP_547.4.9.12" VPOS="1128" WIDTH="22"/>
            <String CONTENT="which" HEIGHT="35" HPOS="906" ID="ST_547.4.9.13" STYLEREFS="Style_3" VPOS="1128" WIDTH="112" WC="0.95" CC="00000" TAGREFS=""/>
            <SP HPOS="1018" ID="SP_547.4.9.14" VPOS="1129" WIDTH="23"/>
            <String CONTENT="is" HEIGHT="34" HPOS="1041" ID="ST_547.4.9.15" STYLEREFS="Style_3" VPOS="1129" WIDTH="28" WC="1.00" CC="00" TAGREFS=""/>
            <SP HPOS="1069" ID="SP_547.4.9.16" VPOS="1133" WIDTH="23"/>
            <String CONTENT="not" HEIGHT="30" HPOS="1092" ID="ST_547.4.9.17" STYLEREFS="Style_3" VPOS="1133" WIDTH="59" WC="0.82" CC="000" TAGREFS=""/>
            <SP HPOS="1151" ID="SP_547.4.9.18" VPOS="1129" WIDTH="23"/>
            <String CONTENT="arbitrary," HEIGHT="44" HPOS="1174" ID="ST_547.4.9.19" STYLEREFS="Style_3" VPOS="1129" WIDTH="181" WC="0.93" CC="0000000000" TAGREFS=""/>
          </TextLine>
          <TextLine HEIGHT="44" HPOS="145" ID="TL_547.4.10" VPOS="1177" WIDTH="571">
            <String CONTENT="capricious," HEIGHT="42" HPOS="145" ID="ST_547.4.10.1" STYLEREFS="Style_3" VPOS="1178" WIDTH="204" WC="1.00" CC="00000000000" TAGREFS=""/>
            <SP HPOS="349" ID="SP_547.4.10.2" VPOS="1188" WIDTH="21"/>
            <String CONTENT="or" HEIGHT="23" HPOS="370" ID="ST_547.4.10.3" STYLEREFS="Style_3" VPOS="1188" WIDTH="38" WC="1.00" CC="00" TAGREFS=""/>
            <SP HPOS="408" ID="SP_547.4.10.4" VPOS="1177" WIDTH="19"/>
            <String CONTENT="discriminatory." HEIGHT="44" HPOS="427" ID="ST_547.4.10.5" STYLEREFS="Style_3" VPOS="1177" WIDTH="289" WC="0.96" CC="000000000000000" TAGREFS=""/>
          </TextLine>
        </TextBlock>
        <TextBlock HEIGHT="883.0" HPOS="146.0" ID="BL_547.5" TAGREFS="b547-6" VPOS="1279.0" WIDTH="1215.0">
          <TextLine HEIGHT="44" HPOS="238" ID="TL_547.5.1" VPOS="1279" WIDTH="1118">
            <String CONTENT="By" HEIGHT="43" HPOS="371" ID="ST_547.5.1.3" STYLEREFS="Style_3" VPOS="1280" WIDTH="50" WC="1.00" CC="00" TAGREFS=""/>
            <SP HPOS="421" ID="SP_547.5.1.4" VPOS="1284" WIDTH="21"/>
            <String CONTENT="statute," HEIGHT="36" HPOS="442" ID="ST_547.5.1.5" STYLEREFS="Style_3" VPOS="1284" WIDTH="140" WC="0.95" CC="00000000" TAGREFS=""/>
            <SP HPOS="582" ID="SP_547.5.1.6" VPOS="1280" WIDTH="23"/>
            <String CONTENT="Mrs." HEIGHT="34" HPOS="605" ID="ST_547.5.1.7" STYLEREFS="Style_3" VPOS="1280" WIDTH="87" WC="1.00" CC="0000" TAGREFS=""/>
            <SP HPOS="692" ID="SP_547.5.1.8" VPOS="1279" WIDTH="23"/>
            <String CONTENT="Strain’s" HEIGHT="35" HPOS="715" ID="ST_547.5.1.9" STYLEREFS="Style_3" VPOS="1279" WIDTH="146" WC="0.80" CC="00000090" TAGREFS=""/>
            <SP HPOS="861" ID="SP_547.5.1.10" VPOS="1285" WIDTH="20"/>
            <String CONTENT="contract" HEIGHT="29" HPOS="881" ID="ST_547.5.1.11" STYLEREFS="Style_3" VPOS="1285" WIDTH="157" WC="0.95" CC="00000000" TAGREFS=""/>
            <SP HPOS="1038" ID="SP_547.5.1.12" VPOS="1280" WIDTH="21"/>
            <String CONTENT="with" HEIGHT="35" HPOS="1059" ID="ST_547.5.1.13" STYLEREFS="Style_3" VPOS="1280" WIDTH="82" WC="0.93" CC="0000" TAGREFS=""/>
            <SP HPOS="1141" ID="SP_547.5.1.14" VPOS="1280" WIDTH="21"/>
            <String CONTENT="the" HEIGHT="34" HPOS="1162" ID="ST_547.5.1.15" STYLEREFS="Style_3" VPOS="1280" WIDTH="59" WC="1.00" CC="000" TAGREFS=""/>
            <SP HPOS="1221" ID="SP_547.5.1.16" VPOS="1280" WIDTH="20"/>
            <String CONTENT="school" HEIGHT="35" HPOS="1241" ID="ST_547.5.1.17" STYLEREFS="Style_3" VPOS="1280" WIDTH="115" WC="0.92" CC="000000" TAGREFS=""/>
          </TextLine>
          <TextLine HEIGHT="37" HPOS="146" ID="TL_547.5.2" VPOS="1328" WIDTH="1211">
            <String CONTENT="district" HEIGHT="35" HPOS="146" ID="ST_547.5.2.1" STYLEREFS="Style_3" VPOS="1328" WIDTH="136" WC="0.59" CC="00000000" TAGREFS=""/>
            <SP HPOS="282" ID="SP_547.5.2.2" VPOS="1329" WIDTH="19"/>
            <String CONTENT="continues" HEIGHT="35" HPOS="301" ID="ST_547.5.2.3" STYLEREFS="Style_3" VPOS="1329" WIDTH="178" WC="0.64" CC="000000000" TAGREFS=""/>
            <SP HPOS="479" ID="SP_547.5.2.4" VPOS="1329" WIDTH="19"/>
            <String CONTENT="unless" HEIGHT="35" HPOS="498" ID="ST_547.5.2.5" STYLEREFS="Style_3" VPOS="1329" WIDTH="116" WC="0.69" CC="000000" TAGREFS=""/>
            <SP HPOS="614" ID="SP_547.5.2.6" VPOS="1330" WIDTH="20"/>
            <String CONTENT="nonrenewed" HEIGHT="34" HPOS="634" ID="ST_547.5.2.7" STYLEREFS="Style_3" VPOS="1330" WIDTH="226" WC="0.73" CC="0000000000" TAGREFS=""/>
            <SP HPOS="860" ID="SP_547.5.2.8" VPOS="1330" WIDTH="21"/>
            <String CONTENT="for" HEIGHT="35" HPOS="881" ID="ST_547.5.2.9" STYLEREFS="Style_3" VPOS="1330" WIDTH="52" WC="0.83" CC="000" TAGREFS=""/>
            <SP HPOS="933" ID="SP_547.5.2.10" VPOS="1340" WIDTH="22"/>
            <String CONTENT="cause." HEIGHT="25" HPOS="955" ID="ST_547.5.2.11" STYLEREFS="Style_3" VPOS="1340" WIDTH="114" WC="0.77" CC="000000" TAGREFS=""/>
            <SP HPOS="1069" ID="SP_547.5.2.12" VPOS="1330" WIDTH="21"/>
            <String CONTENT="Once" HEIGHT="35" HPOS="1090" ID="ST_547.5.2.13" STYLEREFS="Style_3" VPOS="1330" WIDTH="99" WC="0.76" CC="0000" TAGREFS=""/>
            <SP HPOS="1189" ID="SP_547.5.2.14" VPOS="1330" WIDTH="19"/>
            <String CONTENT="she" HEIGHT="35" HPOS="1208" ID="ST_547.5.2.15" STYLEREFS="Style_3" VPOS="1330" WIDTH="60" WC="0.61" CC="000" TAGREFS=""/>
            <SP HPOS="1268" ID="SP_547.5.2.16" VPOS="1341" WIDTH="18"/>
            <String CONTENT="was" HEIGHT="24" HPOS="1286" ID="ST_547.5.2.17" STYLEREFS="Style_3" VPOS="1341" WIDTH="71" WC="0.62" CC="000" TAGREFS=""/>
          </TextLine>
          <TextLine HEIGHT="46" HPOS="147" ID="TL_547.5.3" VPOS="1378" WIDTH="1211">
            <String CONTENT="removed" HEIGHT="35" HPOS="147" ID="ST_547.5.3.1" STYLEREFS="Style_3" VPOS="1379" WIDTH="161" WC="1.00" CC="0000000" TAGREFS=""/>
            <SP HPOS="308" ID="SP_547.5.3.2" VPOS="1378" WIDTH="17"/>
            <String CONTENT="from" HEIGHT="36" HPOS="325" ID="ST_547.5.3.3" STYLEREFS="Style_3" VPOS="1378" WIDTH="91" WC="0.85" CC="0000" TAGREFS=""/>
            <SP HPOS="416" ID="SP_547.5.3.4" VPOS="1379" WIDTH="17"/>
            <String CONTENT="her" HEIGHT="35" HPOS="433" ID="ST_547.5.3.5" STYLEREFS="Style_3" VPOS="1379" WIDTH="60" WC="1.00" CC="000" TAGREFS=""/>
            <SP HPOS="493" ID="SP_547.5.3.6" VPOS="1379" WIDTH="12"/>
            <String CONTENT="job" HEIGHT="44" HPOS="505" ID="ST_547.5.3.7" STYLEREFS="Style_3" VPOS="1379" WIDTH="62" WC="1.00" CC="000" TAGREFS=""/>
            <SP HPOS="567" ID="SP_547.5.3.8" VPOS="1380" WIDTH="17"/>
            <String CONTENT="by" HEIGHT="44" HPOS="584" ID="ST_547.5.3.9" STYLEREFS="Style_3" VPOS="1380" WIDTH="45" WC="1.00" CC="00" TAGREFS=""/>
            <SP HPOS="629" ID="SP_547.5.3.10" VPOS="1380" WIDTH="17"/>
            <String CONTENT="the" HEIGHT="35" HPOS="646" ID="ST_547.5.3.11" STYLEREFS="Style_3" VPOS="1380" WIDTH="59" WC="0.85" CC="000" TAGREFS=""/>
            <SP HPOS="705" ID="SP_547.5.3.12" VPOS="1380" WIDTH="17"/>
            <String CONTENT="school" HEIGHT="35" HPOS="722" ID="ST_547.5.3.13" STYLEREFS="Style_3" VPOS="1380" WIDTH="115" WC="1.00" CC="000000" TAGREFS=""/>
            <SP HPOS="837" ID="SP_547.5.3.14" VPOS="1380" WIDTH="17"/>
            <String CONTENT="district" HEIGHT="35" HPOS="854" ID="ST_547.5.3.15" STYLEREFS="Style_3" VPOS="1380" WIDTH="134" WC="0.97" CC="00000000" TAGREFS=""/>
            <SP HPOS="988" ID="SP_547.5.3.16" VPOS="1381" WIDTH="16"/>
            <String CONTENT="without" HEIGHT="35" HPOS="1004" ID="ST_547.5.3.17" STYLEREFS="Style_3" VPOS="1381" WIDTH="145" WC="0.88" CC="0000000" TAGREFS=""/>
            <SP HPOS="1149" ID="SP_547.5.3.18" VPOS="1391" WIDTH="17"/>
            <String CONTENT="cause," HEIGHT="31" HPOS="1166" ID="ST_547.5.3.19" STYLEREFS="Style_3" VPOS="1391" WIDTH="113" WC="1.00" CC="000000" TAGREFS=""/>
            <SP HPOS="1279" ID="SP_547.5.3.20" VPOS="1381" WIDTH="18"/>
            <String CONTENT="her" HEIGHT="35" HPOS="1297" ID="ST_547.5.3.21" STYLEREFS="Style_3" VPOS="1381" WIDTH="61" WC="0.97" CC="000" TAGREFS=""/>
          </TextLine>
          <TextLine HEIGHT="45" HPOS="146" ID="TL_547.5.4" VPOS="1430" WIDTH="1209">
            <String CONTENT="contract" HEIGHT="29" HPOS="146" ID="ST_547.5.4.1" STYLEREFS="Style_3" VPOS="1435" WIDTH="158" WC="1.00" CC="00000000" TAGREFS=""/>
            <SP HPOS="304" ID="SP_547.5.4.2" VPOS="1440" WIDTH="19"/>
            <String CONTENT="was" HEIGHT="24" HPOS="323" ID="ST_547.5.4.3" STYLEREFS="Style_3" VPOS="1440" WIDTH="69" WC="0.96" CC="000" TAGREFS=""/>
            <SP HPOS="392" ID="SP_547.5.4.4" VPOS="1430" WIDTH="19"/>
            <String CONTENT="in" HEIGHT="34" HPOS="411" ID="ST_547.5.4.5" STYLEREFS="Style_3" VPOS="1430" WIDTH="34" WC="0.95" CC="00" TAGREFS=""/>
            <SP HPOS="445" ID="SP_547.5.4.6" VPOS="1430" WIDTH="20"/>
            <String CONTENT="abeyance" HEIGHT="43" HPOS="465" ID="ST_547.5.4.7" STYLEREFS="Style_3" VPOS="1430" WIDTH="177" WC="0.94" CC="00000000" TAGREFS=""/>
            <SP HPOS="642" ID="SP_547.5.4.8" VPOS="1430" WIDTH="19"/>
            <String CONTENT="during" HEIGHT="44" HPOS="661" ID="ST_547.5.4.9" STYLEREFS="Style_3" VPOS="1430" WIDTH="124" WC="0.92" CC="000000" TAGREFS=""/>
            <SP HPOS="785" ID="SP_547.5.4.10" VPOS="1430" WIDTH="19"/>
            <String CONTENT="the" HEIGHT="35" HPOS="804" ID="ST_547.5.4.11" STYLEREFS="Style_3" VPOS="1430" WIDTH="58" WC="1.00" CC="000" TAGREFS=""/>
            <SP HPOS="862" ID="SP_547.5.4.12" VPOS="1430" WIDTH="19"/>
            <String CONTENT="pendency" HEIGHT="45" HPOS="881" ID="ST_547.5.4.13" STYLEREFS="Style_3" VPOS="1430" WIDTH="179" WC="0.91" CC="00000000" TAGREFS=""/>
            <SP HPOS="1060" ID="SP_547.5.4.14" VPOS="1431" WIDTH="19"/>
            <String CONTENT="of" HEIGHT="35" HPOS="1079" ID="ST_547.5.4.15" STYLEREFS="Style_3" VPOS="1431" WIDTH="39" WC="1.00" CC="00" TAGREFS=""/>
            <SP HPOS="1118" ID="SP_547.5.4.16" VPOS="1431" WIDTH="16"/>
            <String CONTENT="the" HEIGHT="35" HPOS="1134" ID="ST_547.5.4.17" STYLEREFS="Style_3" VPOS="1431" WIDTH="59" WC="0.91" CC="000" TAGREFS=""/>
            <SP HPOS="1193" ID="SP_547.5.4.18" VPOS="1431" WIDTH="18"/>
            <String CONTENT="lawsuit." HEIGHT="35" HPOS="1211" ID="ST_547.5.4.19" STYLEREFS="Style_3" VPOS="1431" WIDTH="144" WC="0.94" CC="00000000" TAGREFS=""/>
          </TextLine>
          <TextLine HEIGHT="43" HPOS="146" ID="TL_547.5.5" VPOS="1479" WIDTH="1211">
            <String CONTENT="Since" HEIGHT="35" HPOS="146" ID="ST_547.5.5.1" STYLEREFS="Style_3" VPOS="1479" WIDTH="105" WC="0.98" CC="00000" TAGREFS=""/>
            <SP HPOS="251" ID="SP_547.5.5.2" VPOS="1480" WIDTH="17"/>
            <String CONTENT="the" HEIGHT="34" HPOS="268" ID="ST_547.5.5.3" STYLEREFS="Style_3" VPOS="1480" WIDTH="59" WC="0.87" CC="000" TAGREFS=""/>
            <SP HPOS="327" ID="SP_547.5.5.4" VPOS="1480" WIDTH="18"/>
            <String CONTENT="lawsuit" HEIGHT="35" HPOS="345" ID="ST_547.5.5.5" STYLEREFS="Style_3" VPOS="1480" WIDTH="134" WC="1.00" CC="0000000" TAGREFS=""/>
            <SP HPOS="479" ID="SP_547.5.5.6" VPOS="1480" WIDTH="18"/>
            <String CONTENT="resulted" HEIGHT="35" HPOS="497" ID="ST_547.5.5.7" STYLEREFS="Style_3" VPOS="1480" WIDTH="150" WC="0.98" CC="00000000" TAGREFS=""/>
            <SP HPOS="647" ID="SP_547.5.5.8" VPOS="1481" WIDTH="19"/>
            <String CONTENT="in" HEIGHT="34" HPOS="666" ID="ST_547.5.5.9" STYLEREFS="Style_3" VPOS="1481" WIDTH="34" WC="1.00" CC="00" TAGREFS=""/>
            <SP HPOS="700" ID="SP_547.5.5.10" VPOS="1481" WIDTH="18"/>
            <String CONTENT="her" HEIGHT="34" HPOS="718" ID="ST_547.5.5.11" STYLEREFS="Style_3" VPOS="1481" WIDTH="61" WC="0.83" CC="000" TAGREFS=""/>
            <SP HPOS="779" ID="SP_547.5.5.12" VPOS="1481" WIDTH="17"/>
            <String CONTENT="reinstatement," HEIGHT="41" HPOS="796" ID="ST_547.5.5.13" STYLEREFS="Style_3" VPOS="1481" WIDTH="272" WC="0.93" CC="00000000000000" TAGREFS=""/>
            <SP HPOS="1068" ID="SP_547.5.5.14" VPOS="1482" WIDTH="20"/>
            <String CONTENT="Mrs." HEIGHT="34" HPOS="1088" ID="ST_547.5.5.15" STYLEREFS="Style_3" VPOS="1482" WIDTH="87" WC="0.92" CC="0000" TAGREFS=""/>
            <SP HPOS="1175" ID="SP_547.5.5.16" VPOS="1481" WIDTH="20"/>
            <String CONTENT="Strain" HEIGHT="35" HPOS="1195" ID="ST_547.5.5.17" STYLEREFS="Style_3" VPOS="1481" WIDTH="116" WC="0.89" CC="000000" TAGREFS=""/>
            <SP HPOS="1311" ID="SP_547.5.5.18" VPOS="1482" WIDTH="18"/>
            <String CONTENT="is" HEIGHT="34" HPOS="1329" ID="ST_547.5.5.19" STYLEREFS="Style_3" VPOS="1482" WIDTH="28" WC="1.00" CC="00" TAGREFS=""/>
          </TextLine>
          <TextLine HEIGHT="45" HPOS="146" ID="TL_547.5.6" VPOS="1529" WIDTH="1213">
            <String CONTENT="entitled" HEIGHT="34" HPOS="146" ID="ST_547.5.6.1" STYLEREFS="Style_3" VPOS="1530" WIDTH="145" WC="0.75" CC="00000000" TAGREFS=""/>
            <SP HPOS="291" ID="SP_547.5.6.2" VPOS="1535" WIDTH="9"/>
            <String CONTENT="to" HEIGHT="29" HPOS="300" ID="ST_547.5.6.3" STYLEREFS="Style_3" VPOS="1535" WIDTH="35" WC="0.86" CC="00" TAGREFS=""/>
            <SP HPOS="335" ID="SP_547.5.6.4" VPOS="1529" WIDTH="9"/>
            <String CONTENT="be" HEIGHT="35" HPOS="344" ID="ST_547.5.6.5" STYLEREFS="Style_3" VPOS="1529" WIDTH="42" WC="0.71" CC="00" TAGREFS=""/>
            <SP HPOS="386" ID="SP_547.5.6.6" VPOS="1530" WIDTH="8"/>
            <String CONTENT="compensated" HEIGHT="44" HPOS="394" ID="ST_547.5.6.7" STYLEREFS="Style_3" VPOS="1530" WIDTH="246" WC="0.85" CC="00000000000" TAGREFS=""/>
            <SP HPOS="640" ID="SP_547.5.6.8" VPOS="1530" WIDTH="10"/>
            <String CONTENT="for" HEIGHT="34" HPOS="650" ID="ST_547.5.6.9" STYLEREFS="Style_3" VPOS="1530" WIDTH="52" WC="0.98" CC="000" TAGREFS=""/>
            <SP HPOS="702" ID="SP_547.5.6.10" VPOS="1530" WIDTH="9"/>
            <String CONTENT="the" HEIGHT="35" HPOS="711" ID="ST_547.5.6.11" STYLEREFS="Style_3" VPOS="1530" WIDTH="59" WC="0.77" CC="000" TAGREFS=""/>
            <SP HPOS="770" ID="SP_547.5.6.12" VPOS="1531" WIDTH="8"/>
            <String CONTENT="period" HEIGHT="43" HPOS="778" ID="ST_547.5.6.13" STYLEREFS="Style_3" VPOS="1531" WIDTH="119" WC="0.64" CC="000000" TAGREFS=""/>
            <SP HPOS="897" ID="SP_547.5.6.14" VPOS="1531" WIDTH="8"/>
            <String CONTENT="she" HEIGHT="34" HPOS="905" ID="ST_547.5.6.15" STYLEREFS="Style_3" VPOS="1531" WIDTH="62" WC="0.62" CC="000" TAGREFS=""/>
            <SP HPOS="967" ID="SP_547.5.6.16" VPOS="1542" WIDTH="7"/>
            <String CONTENT="was" HEIGHT="23" HPOS="974" ID="ST_547.5.6.17" STYLEREFS="Style_3" VPOS="1542" WIDTH="70" WC="1.00" CC="000" TAGREFS=""/>
            <SP HPOS="1044" ID="SP_547.5.6.18" VPOS="1531" WIDTH="8"/>
            <String CONTENT="unemployed" HEIGHT="43" HPOS="1052" ID="ST_547.5.6.19" STYLEREFS="Style_3" VPOS="1531" WIDTH="230" WC="0.66" CC="0000000000" TAGREFS=""/>
            <SP HPOS="1282" ID="SP_547.5.6.20" VPOS="1531" WIDTH="8"/>
            <String CONTENT="due" HEIGHT="35" HPOS="1290" ID="ST_547.5.6.21" STYLEREFS="Style_3" VPOS="1531" WIDTH="69" WC="0.57" CC="000" TAGREFS=""/>
          </TextLine>
          <TextLine HEIGHT="44" HPOS="147" ID="TL_547.5.7" VPOS="1579" WIDTH="1210">
            <String CONTENT="to" HEIGHT="29" HPOS="147" ID="ST_547.5.7.1" STYLEREFS="Style_3" VPOS="1584" WIDTH="36" WC="1.00" CC="00" TAGREFS=""/>
            <SP HPOS="183" ID="SP_547.5.7.2" VPOS="1579" WIDTH="11"/>
            <String CONTENT="the" HEIGHT="34" HPOS="194" ID="ST_547.5.7.3" STYLEREFS="Style_3" VPOS="1579" WIDTH="60" WC="0.88" CC="000" TAGREFS=""/>
            <SP HPOS="254" ID="SP_547.5.7.4" VPOS="1579" WIDTH="11"/>
            <String CONTENT="actions" HEIGHT="34" HPOS="265" ID="ST_547.5.7.5" STYLEREFS="Style_3" VPOS="1579" WIDTH="131" WC="0.86" CC="0000000" TAGREFS=""/>
            <SP HPOS="396" ID="SP_547.5.7.6" VPOS="1579" WIDTH="11"/>
            <String CONTENT="of" HEIGHT="35" HPOS="407" ID="ST_547.5.7.7" STYLEREFS="Style_3" VPOS="1579" WIDTH="39" WC="1.00" CC="00" TAGREFS=""/>
            <SP HPOS="446" ID="SP_547.5.7.8" VPOS="1580" WIDTH="7"/>
            <String CONTENT="the" HEIGHT="34" HPOS="453" ID="ST_547.5.7.9" STYLEREFS="Style_3" VPOS="1580" WIDTH="60" WC="0.88" CC="000" TAGREFS=""/>
            <SP HPOS="513" ID="SP_547.5.7.10" VPOS="1579" WIDTH="10"/>
            <String CONTENT="school" HEIGHT="35" HPOS="523" ID="ST_547.5.7.11" STYLEREFS="Style_3" VPOS="1579" WIDTH="117" WC="1.00" CC="000000" TAGREFS=""/>
            <SP HPOS="640" ID="SP_547.5.7.12" VPOS="1580" WIDTH="12"/>
            <String CONTENT="district." HEIGHT="34" HPOS="652" ID="ST_547.5.7.13" STYLEREFS="Style_3" VPOS="1580" WIDTH="144" WC="1.00" CC="000000000" TAGREFS=""/>
            <SP HPOS="796" ID="SP_547.5.7.14" VPOS="1580" WIDTH="12"/>
            <String CONTENT="This" HEIGHT="34" HPOS="808" ID="ST_547.5.7.15" STYLEREFS="Style_3" VPOS="1580" WIDTH="83" WC="0.99" CC="0000" TAGREFS=""/>
            <SP HPOS="891" ID="SP_547.5.7.16" VPOS="1580" WIDTH="12"/>
            <String CONTENT="holding" HEIGHT="43" HPOS="903" ID="ST_547.5.7.17" STYLEREFS="Style_3" VPOS="1580" WIDTH="141" WC="0.78" CC="0000000" TAGREFS=""/>
            <SP HPOS="1044" ID="SP_547.5.7.18" VPOS="1581" WIDTH="11"/>
            <String CONTENT="is" HEIGHT="34" HPOS="1055" ID="ST_547.5.7.19" STYLEREFS="Style_3" VPOS="1581" WIDTH="27" WC="0.98" CC="00" TAGREFS=""/>
            <SP HPOS="1082" ID="SP_547.5.7.20" VPOS="1581" WIDTH="12"/>
            <String CONTENT="in" HEIGHT="34" HPOS="1094" ID="ST_547.5.7.21" STYLEREFS="Style_3" VPOS="1581" WIDTH="35" WC="1.00" CC="00" TAGREFS=""/>
            <SP HPOS="1129" ID="SP_547.5.7.22" VPOS="1581" WIDTH="11"/>
            <String CONTENT="accord" HEIGHT="34" HPOS="1140" ID="ST_547.5.7.23" STYLEREFS="Style_3" VPOS="1581" WIDTH="124" WC="0.94" CC="000000" TAGREFS=""/>
            <SP HPOS="1264" ID="SP_547.5.7.24" VPOS="1581" WIDTH="11"/>
            <String CONTENT="with" HEIGHT="34" HPOS="1275" ID="ST_547.5.7.25" STYLEREFS="Style_3" VPOS="1581" WIDTH="82" WC="0.95" CC="0000" TAGREFS=""/>
          </TextLine>
          <TextLine HEIGHT="45" HPOS="147" ID="TL_547.5.8" VPOS="1628" WIDTH="1214">
            <String CONTENT="the" HEIGHT="35" HPOS="147" ID="ST_547.5.8.1" STYLEREFS="Style_3" VPOS="1628" WIDTH="60" WC="1.00" CC="000" TAGREFS=""/>
            <SP HPOS="207" ID="SP_547.5.8.2" VPOS="1629" WIDTH="9"/>
            <String CONTENT="general" HEIGHT="43" HPOS="216" ID="ST_547.5.8.3" STYLEREFS="Style_3" VPOS="1629" WIDTH="138" WC="1.00" CC="0000000" TAGREFS=""/>
            <SP HPOS="354" ID="SP_547.5.8.4" VPOS="1629" WIDTH="11"/>
            <String CONTENT="rule" HEIGHT="34" HPOS="365" ID="ST_547.5.8.5" STYLEREFS="Style_3" VPOS="1629" WIDTH="73" WC="1.00" CC="0000" TAGREFS=""/>
            <SP HPOS="438" ID="SP_547.5.8.6" VPOS="1629" WIDTH="9"/>
            <String CONTENT="of" HEIGHT="35" HPOS="447" ID="ST_547.5.8.7" STYLEREFS="Style_3" VPOS="1629" WIDTH="39" WC="1.00" CC="00" TAGREFS=""/>
            <SP HPOS="486" ID="SP_547.5.8.8" VPOS="1630" WIDTH="6"/>
            <String CONTENT="law" HEIGHT="34" HPOS="492" ID="ST_547.5.8.9" STYLEREFS="Style_3" VPOS="1630" WIDTH="66" WC="1.00" CC="000" TAGREFS=""/>
            <SP HPOS="558" ID="SP_547.5.8.10" VPOS="1629" WIDTH="9"/>
            <String CONTENT="that" HEIGHT="35" HPOS="567" ID="ST_547.5.8.11" STYLEREFS="Style_3" VPOS="1629" WIDTH="77" WC="0.96" CC="0000" TAGREFS=""/>
            <SP HPOS="644" ID="SP_547.5.8.12" VPOS="1630" WIDTH="10"/>
            <String CONTENT="the" HEIGHT="34" HPOS="654" ID="ST_547.5.8.13" STYLEREFS="Style_3" VPOS="1630" WIDTH="59" WC="1.00" CC="000" TAGREFS=""/>
            <SP HPOS="713" ID="SP_547.5.8.14" VPOS="1640" WIDTH="10"/>
            <String CONTENT="measure" HEIGHT="24" HPOS="723" ID="ST_547.5.8.15" STYLEREFS="Style_3" VPOS="1640" WIDTH="158" WC="0.87" CC="0000000" TAGREFS=""/>
            <SP HPOS="881" ID="SP_547.5.8.16" VPOS="1630" WIDTH="9"/>
            <String CONTENT="of" HEIGHT="35" HPOS="890" ID="ST_547.5.8.17" STYLEREFS="Style_3" VPOS="1630" WIDTH="39" WC="1.00" CC="00" TAGREFS=""/>
            <SP HPOS="929" ID="SP_547.5.8.18" VPOS="1629" WIDTH="6"/>
            <String CONTENT="damages" HEIGHT="44" HPOS="935" ID="ST_547.5.8.19" STYLEREFS="Style_3" VPOS="1629" WIDTH="165" WC="1.00" CC="0000000" TAGREFS=""/>
            <SP HPOS="1100" ID="SP_547.5.8.20" VPOS="1631" WIDTH="11"/>
            <String CONTENT="in" HEIGHT="34" HPOS="1111" ID="ST_547.5.8.21" STYLEREFS="Style_3" VPOS="1631" WIDTH="34" WC="0.95" CC="00" TAGREFS=""/>
            <SP HPOS="1145" ID="SP_547.5.8.22" VPOS="1641" WIDTH="11"/>
            <String CONTENT="a" HEIGHT="23" HPOS="1156" ID="ST_547.5.8.23" STYLEREFS="Style_3" VPOS="1641" WIDTH="19" WC="0.98" CC="0" TAGREFS=""/>
            <SP HPOS="1175" ID="SP_547.5.8.24" VPOS="1630" WIDTH="11"/>
            <String CONTENT="breach" HEIGHT="35" HPOS="1186" ID="ST_547.5.8.25" STYLEREFS="Style_3" VPOS="1630" WIDTH="126" WC="1.00" CC="000000" TAGREFS=""/>
            <SP HPOS="1312" ID="SP_547.5.8.26" VPOS="1630" WIDTH="9"/>
            <String CONTENT="of" HEIGHT="35" HPOS="1321" ID="ST_547.5.8.27" STYLEREFS="Style_3" VPOS="1630" WIDTH="40" WC="1.00" CC="00" TAGREFS=""/>
          </TextLine>
          <TextLine HEIGHT="45" HPOS="146" ID="TL_547.5.9" VPOS="1679" WIDTH="1210">
            <String CONTENT="employment" HEIGHT="44" HPOS="146" ID="ST_547.5.9.1" STYLEREFS="Style_3" VPOS="1679" WIDTH="235" WC="0.93" CC="0000000000" TAGREFS=""/>
            <SP HPOS="381" ID="SP_547.5.9.2" VPOS="1684" WIDTH="10"/>
            <String CONTENT="contract" HEIGHT="30" HPOS="391" ID="ST_547.5.9.3" STYLEREFS="Style_3" VPOS="1684" WIDTH="157" WC="0.91" CC="00000000" TAGREFS=""/>
            <SP HPOS="548" ID="SP_547.5.9.4" VPOS="1689" WIDTH="10"/>
            <String CONTENT="case" HEIGHT="25" HPOS="558" ID="ST_547.5.9.5" STYLEREFS="Style_3" VPOS="1689" WIDTH="80" WC="1.00" CC="0000" TAGREFS=""/>
            <SP HPOS="638" ID="SP_547.5.9.6" VPOS="1680" WIDTH="11"/>
            <String CONTENT="is" HEIGHT="34" HPOS="649" ID="ST_547.5.9.7" STYLEREFS="Style_3" VPOS="1680" WIDTH="27" WC="1.00" CC="00" TAGREFS=""/>
            <SP HPOS="676" ID="SP_547.5.9.8" VPOS="1680" WIDTH="11"/>
            <String CONTENT="the" HEIGHT="34" HPOS="687" ID="ST_547.5.9.9" STYLEREFS="Style_3" VPOS="1680" WIDTH="59" WC="1.00" CC="000" TAGREFS=""/>
            <SP HPOS="746" ID="SP_547.5.9.10" VPOS="1690" WIDTH="11"/>
            <String CONTENT="wages" HEIGHT="33" HPOS="757" ID="ST_547.5.9.11" STYLEREFS="Style_3" VPOS="1690" WIDTH="112" WC="1.00" CC="00000" TAGREFS=""/>
            <SP HPOS="869" ID="SP_547.5.9.12" VPOS="1679" WIDTH="11"/>
            <String CONTENT="which" HEIGHT="36" HPOS="880" ID="ST_547.5.9.13" STYLEREFS="Style_3" VPOS="1679" WIDTH="112" WC="0.98" CC="00000" TAGREFS=""/>
            <SP HPOS="992" ID="SP_547.5.9.14" VPOS="1691" WIDTH="10"/>
            <String CONTENT="were" HEIGHT="24" HPOS="1002" ID="ST_547.5.9.15" STYLEREFS="Style_3" VPOS="1691" WIDTH="90" WC="0.96" CC="0000" TAGREFS=""/>
            <SP HPOS="1092" ID="SP_547.5.9.16" VPOS="1685" WIDTH="10"/>
            <String CONTENT="to" HEIGHT="30" HPOS="1102" ID="ST_547.5.9.17" STYLEREFS="Style_3" VPOS="1685" WIDTH="35" WC="1.00" CC="00" TAGREFS=""/>
            <SP HPOS="1137" ID="SP_547.5.9.18" VPOS="1680" WIDTH="11"/>
            <String CONTENT="be" HEIGHT="35" HPOS="1148" ID="ST_547.5.9.19" STYLEREFS="Style_3" VPOS="1680" WIDTH="43" WC="1.00" CC="00" TAGREFS=""/>
            <SP HPOS="1191" ID="SP_547.5.9.20" VPOS="1681" WIDTH="10"/>
            <String CONTENT="paid" HEIGHT="43" HPOS="1201" ID="ST_547.5.9.21" STYLEREFS="Style_3" VPOS="1681" WIDTH="80" WC="1.00" CC="0000" TAGREFS=""/>
            <SP HPOS="1281" ID="SP_547.5.9.22" VPOS="1681" WIDTH="11"/>
            <String CONTENT="less" HEIGHT="35" HPOS="1292" ID="ST_547.5.9.23" STYLEREFS="Style_3" VPOS="1681" WIDTH="64" WC="0.99" CC="0000" TAGREFS=""/>
          </TextLine>
          <TextLine HEIGHT="46" HPOS="146" ID="TL_547.5.10" VPOS="1729" WIDTH="1209">
            <String CONTENT="any" HEIGHT="32" HPOS="146" ID="ST_547.5.10.1" STYLEREFS="Style_3" VPOS="1740" WIDTH="68" WC="0.97" CC="000" TAGREFS=""/>
            <SP HPOS="214" ID="SP_547.5.10.2" VPOS="1740" WIDTH="15"/>
            <String CONTENT="sum" HEIGHT="24" HPOS="229" ID="ST_547.5.10.3" STYLEREFS="Style_3" VPOS="1740" WIDTH="77" WC="0.93" CC="000" TAGREFS=""/>
            <SP HPOS="306" ID="SP_547.5.10.4" VPOS="1729" WIDTH="15"/>
            <String CONTENT="earned" HEIGHT="35" HPOS="321" ID="ST_547.5.10.5" STYLEREFS="Style_3" VPOS="1729" WIDTH="126" WC="0.97" CC="000000" TAGREFS=""/>
            <SP HPOS="447" ID="SP_547.5.10.6" VPOS="1730" WIDTH="16"/>
            <String CONTENT="in" HEIGHT="34" HPOS="463" ID="ST_547.5.10.7" STYLEREFS="Style_3" VPOS="1730" WIDTH="34" WC="1.00" CC="00" TAGREFS=""/>
            <SP HPOS="497" ID="SP_547.5.10.8" VPOS="1729" WIDTH="15"/>
            <String CONTENT="mitigation." HEIGHT="44" HPOS="512" ID="ST_547.5.10.9" STYLEREFS="Style_3" VPOS="1729" WIDTH="207" WC="0.96" CC="00000000000" TAGREFS=""/>
            <SP HPOS="719" ID="SP_547.5.10.10" VPOS="1730" WIDTH="17"/>
            <String CONTENT="68" HEIGHT="34" HPOS="736" ID="ST_547.5.10.11" STYLEREFS="Style_3" VPOS="1730" WIDTH="43" WC="1.00" CC="00" TAGREFS=""/>
            <SP HPOS="779" ID="SP_547.5.10.12" VPOS="1731" WIDTH="16"/>
            <String CONTENT="Am." HEIGHT="34" HPOS="795" ID="ST_547.5.10.13" STYLEREFS="Style_3" VPOS="1731" WIDTH="80" WC="1.00" CC="000" TAGREFS=""/>
            <SP HPOS="875" ID="SP_547.5.10.14" VPOS="1731" WIDTH="16"/>
            <String CONTENT="Jur." HEIGHT="34" HPOS="891" ID="ST_547.5.10.15" STYLEREFS="Style_3" VPOS="1731" WIDTH="72" WC="0.99" CC="0000" TAGREFS=""/>
            <SP HPOS="963" ID="SP_547.5.10.16" VPOS="1730" WIDTH="18"/>
            <String CONTENT="2d" HEIGHT="35" HPOS="981" ID="ST_547.5.10.17" STYLEREFS="Style_3" VPOS="1730" WIDTH="44" WC="1.00" CC="00" TAGREFS=""/>
            <SP HPOS="1025" ID="SP_547.5.10.18" VPOS="1730" WIDTH="14"/>
            <String CONTENT="Schools" HEIGHT="35" HPOS="1039" ID="ST_547.5.10.19" STYLEREFS="Style_4" VPOS="1730" WIDTH="152" WC="0.88" CC="0000000" TAGREFS=""/>
            <SP HPOS="1191" ID="SP_547.5.10.20" VPOS="1731" WIDTH="16"/>
            <String CONTENT="§" HEIGHT="42" HPOS="1207" ID="ST_547.5.10.21" STYLEREFS="Style_3" VPOS="1731" WIDTH="17" WC="0.60" CC="0" TAGREFS=""/>
            <SP HPOS="1224" ID="SP_547.5.10.22" VPOS="1732" WIDTH="17"/>
            <String CONTENT="211" HEIGHT="33" HPOS="1241" ID="ST_547.5.10.23" STYLEREFS="Style_3" VPOS="1732" WIDTH="64" WC="1.00" CC="099" TAGREFS=""/>
            <SP HPOS="1305" ID="SP_547.5.10.24" VPOS="1742" WIDTH="18"/>
            <String CONTENT="p." HEIGHT="33" HPOS="1323" ID="ST_547.5.10.25" STYLEREFS="Style_3" VPOS="1742" WIDTH="32" WC="0.72" CC="09" TAGREFS=""/>
          </TextLine>
          <TextLine HEIGHT="44" HPOS="148" ID="TL_547.5.11" VPOS="1778" WIDTH="1210">
            <String CONTENT="534" HEIGHT="33" HPOS="148" ID="ST_547.5.11.1" STYLEREFS="Style_3" VPOS="1780" WIDTH="68" WC="1.00" CC="000" TAGREFS=""/>
            <SP HPOS="216" ID="SP_547.5.11.2" VPOS="1778" WIDTH="13"/>
            <String CONTENT="(1973)." HEIGHT="43" HPOS="229" ID="ST_547.5.11.3" STYLEREFS="Style_3" VPOS="1778" WIDTH="137" WC="1.00" CC="0000099" TAGREFS=""/>
            <SP HPOS="366" ID="SP_547.5.11.4" VPOS="1779" WIDTH="11"/>
            <String CONTENT="This" HEIGHT="34" HPOS="377" ID="ST_547.5.11.5" STYLEREFS="Style_3" VPOS="1779" WIDTH="83" WC="0.96" CC="0000" TAGREFS=""/>
            <SP HPOS="460" ID="SP_547.5.11.6" VPOS="1784" WIDTH="10"/>
            <String CONTENT="court" HEIGHT="30" HPOS="470" ID="ST_547.5.11.7" STYLEREFS="Style_3" VPOS="1784" WIDTH="99" WC="1.00" CC="00000" TAGREFS=""/>
            <SP HPOS="569" ID="SP_547.5.11.8" VPOS="1779" WIDTH="10"/>
            <String CONTENT="has" HEIGHT="34" HPOS="579" ID="ST_547.5.11.9" STYLEREFS="Style_3" VPOS="1779" WIDTH="62" WC="1.00" CC="000" TAGREFS=""/>
            <SP HPOS="641" ID="SP_547.5.11.10" VPOS="1780" WIDTH="11"/>
            <String CONTENT="recognized" HEIGHT="42" HPOS="652" ID="ST_547.5.11.11" STYLEREFS="Style_3" VPOS="1780" WIDTH="203" WC="0.96" CC="0000000000" TAGREFS=""/>
            <SP HPOS="855" ID="SP_547.5.11.12" VPOS="1780" WIDTH="10"/>
            <String CONTENT="that" HEIGHT="34" HPOS="865" ID="ST_547.5.11.13" STYLEREFS="Style_3" VPOS="1780" WIDTH="77" WC="0.95" CC="0000" TAGREFS=""/>
            <SP HPOS="942" ID="SP_547.5.11.14" VPOS="1791" WIDTH="10"/>
            <String CONTENT="a" HEIGHT="23" HPOS="952" ID="ST_547.5.11.15" STYLEREFS="Style_3" VPOS="1791" WIDTH="20" WC="1.00" CC="0" TAGREFS=""/>
            <SP HPOS="972" ID="SP_547.5.11.16" VPOS="1780" WIDTH="11"/>
            <String CONTENT="teacher" HEIGHT="34" HPOS="983" ID="ST_547.5.11.17" STYLEREFS="Style_3" VPOS="1780" WIDTH="140" WC="1.00" CC="0000000" TAGREFS=""/>
            <SP HPOS="1123" ID="SP_547.5.11.18" VPOS="1781" WIDTH="10"/>
            <String CONTENT="is" HEIGHT="33" HPOS="1133" ID="ST_547.5.11.19" STYLEREFS="Style_3" VPOS="1781" WIDTH="27" WC="1.00" CC="00" TAGREFS=""/>
            <SP HPOS="1160" ID="SP_547.5.11.20" VPOS="1781" WIDTH="11"/>
            <String CONTENT="entitled" HEIGHT="34" HPOS="1171" ID="ST_547.5.11.21" STYLEREFS="Style_3" VPOS="1781" WIDTH="141" WC="1.00" CC="00000000" TAGREFS=""/>
            <SP HPOS="1312" ID="SP_547.5.11.22" VPOS="1786" WIDTH="11"/>
            <String CONTENT="to" HEIGHT="29" HPOS="1323" ID="ST_547.5.11.23" STYLEREFS="Style_3" VPOS="1786" WIDTH="35" WC="1.00" CC="00" TAGREFS=""/>
          </TextLine>
          <TextLine HEIGHT="43" HPOS="146" ID="TL_547.5.12" VPOS="1828" WIDTH="1212">
            <String CONTENT="damages" HEIGHT="42" HPOS="146" ID="ST_547.5.12.1" STYLEREFS="Style_3" VPOS="1828" WIDTH="168" WC="0.88" CC="0000000" TAGREFS=""/>
            <SP HPOS="314" ID="SP_547.5.12.2" VPOS="1828" WIDTH="20"/>
            <String CONTENT="equivalent" HEIGHT="43" HPOS="334" ID="ST_547.5.12.3" STYLEREFS="Style_3" VPOS="1828" WIDTH="196" WC="1.00" CC="0000000000" TAGREFS=""/>
            <SP HPOS="530" ID="SP_547.5.12.4" VPOS="1833" WIDTH="19"/>
            <String CONTENT="to" HEIGHT="29" HPOS="549" ID="ST_547.5.12.5" STYLEREFS="Style_3" VPOS="1833" WIDTH="36" WC="1.00" CC="00" TAGREFS=""/>
            <SP HPOS="585" ID="SP_547.5.12.6" VPOS="1829" WIDTH="20"/>
            <String CONTENT="the" HEIGHT="33" HPOS="605" ID="ST_547.5.12.7" STYLEREFS="Style_3" VPOS="1829" WIDTH="59" WC="0.95" CC="000" TAGREFS=""/>
            <SP HPOS="664" ID="SP_547.5.12.8" VPOS="1834" WIDTH="19"/>
            <String CONTENT="amount" HEIGHT="29" HPOS="683" ID="ST_547.5.12.9" STYLEREFS="Style_3" VPOS="1834" WIDTH="144" WC="0.96" CC="000000" TAGREFS=""/>
            <SP HPOS="827" ID="SP_547.5.12.10" VPOS="1829" WIDTH="19"/>
            <String CONTENT="of" HEIGHT="34" HPOS="846" ID="ST_547.5.12.11" STYLEREFS="Style_3" VPOS="1829" WIDTH="39" WC="1.00" CC="00" TAGREFS=""/>
            <SP HPOS="885" ID="SP_547.5.12.12" VPOS="1829" WIDTH="17"/>
            <String CONTENT="actual" HEIGHT="34" HPOS="902" ID="ST_547.5.12.13" STYLEREFS="Style_3" VPOS="1829" WIDTH="116" WC="1.00" CC="000000" TAGREFS=""/>
            <SP HPOS="1018" ID="SP_547.5.12.14" VPOS="1830" WIDTH="20"/>
            <String CONTENT="loss" HEIGHT="33" HPOS="1038" ID="ST_547.5.12.15" STYLEREFS="Style_3" VPOS="1830" WIDTH="67" WC="1.00" CC="0000" TAGREFS=""/>
            <SP HPOS="1105" ID="SP_547.5.12.16" VPOS="1830" WIDTH="20"/>
            <String CONTENT="sustained" HEIGHT="33" HPOS="1125" ID="ST_547.5.12.17" STYLEREFS="Style_3" VPOS="1830" WIDTH="175" WC="0.92" CC="000000000" TAGREFS=""/>
            <SP HPOS="1300" ID="SP_547.5.12.18" VPOS="1841" WIDTH="20"/>
            <String CONTENT="as" HEIGHT="23" HPOS="1320" ID="ST_547.5.12.19" STYLEREFS="Style_3" VPOS="1841" WIDTH="38" WC="0.85" CC="00" TAGREFS=""/>
          </TextLine>
          <TextLine HEIGHT="45" HPOS="147" ID="TL_547.5.13" VPOS="1876" WIDTH="1212">
            <String CONTENT="measured" HEIGHT="35" HPOS="147" ID="ST_547.5.13.1" STYLEREFS="Style_3" VPOS="1876" WIDTH="183" WC="0.96" CC="00000000" TAGREFS=""/>
            <SP HPOS="330" ID="SP_547.5.13.2" VPOS="1877" WIDTH="15"/>
            <String CONTENT="by" HEIGHT="42" HPOS="345" ID="ST_547.5.13.3" STYLEREFS="Style_3" VPOS="1877" WIDTH="45" WC="1.00" CC="00" TAGREFS=""/>
            <SP HPOS="390" ID="SP_547.5.13.4" VPOS="1877" WIDTH="14"/>
            <String CONTENT="the" HEIGHT="34" HPOS="404" ID="ST_547.5.13.5" STYLEREFS="Style_3" VPOS="1877" WIDTH="58" WC="1.00" CC="000" TAGREFS=""/>
            <SP HPOS="462" ID="SP_547.5.13.6" VPOS="1887" WIDTH="14"/>
            <String CONTENT="wages" HEIGHT="32" HPOS="476" ID="ST_547.5.13.7" STYLEREFS="Style_3" VPOS="1887" WIDTH="113" WC="1.00" CC="00000" TAGREFS=""/>
            <SP HPOS="589" ID="SP_547.5.13.8" VPOS="1877" WIDTH="15"/>
            <String CONTENT="that" HEIGHT="34" HPOS="604" ID="ST_547.5.13.9" STYLEREFS="Style_3" VPOS="1877" WIDTH="77" WC="1.00" CC="0000" TAGREFS=""/>
            <SP HPOS="681" ID="SP_547.5.13.10" VPOS="1877" WIDTH="14"/>
            <String CONTENT="would" HEIGHT="34" HPOS="695" ID="ST_547.5.13.11" STYLEREFS="Style_3" VPOS="1877" WIDTH="112" WC="0.79" CC="00000" TAGREFS=""/>
            <SP HPOS="807" ID="SP_547.5.13.12" VPOS="1878" WIDTH="15"/>
            <String CONTENT="have" HEIGHT="34" HPOS="822" ID="ST_547.5.13.13" STYLEREFS="Style_3" VPOS="1878" WIDTH="86" WC="0.98" CC="0000" TAGREFS=""/>
            <SP HPOS="908" ID="SP_547.5.13.14" VPOS="1878" WIDTH="14"/>
            <String CONTENT="been" HEIGHT="34" HPOS="922" ID="ST_547.5.13.15" STYLEREFS="Style_3" VPOS="1878" WIDTH="87" WC="0.90" CC="0000" TAGREFS=""/>
            <SP HPOS="1009" ID="SP_547.5.13.16" VPOS="1878" WIDTH="15"/>
            <String CONTENT="paid" HEIGHT="43" HPOS="1024" ID="ST_547.5.13.17" STYLEREFS="Style_3" VPOS="1878" WIDTH="81" WC="1.00" CC="0000" TAGREFS=""/>
            <SP HPOS="1105" ID="SP_547.5.13.18" VPOS="1878" WIDTH="14"/>
            <String CONTENT="if" HEIGHT="34" HPOS="1119" ID="ST_547.5.13.19" STYLEREFS="Style_3" VPOS="1878" WIDTH="30" WC="1.00" CC="00" TAGREFS=""/>
            <SP HPOS="1149" ID="SP_547.5.13.20" VPOS="1883" WIDTH="11"/>
            <String CONTENT="not" HEIGHT="28" HPOS="1160" ID="ST_547.5.13.21" STYLEREFS="Style_3" VPOS="1883" WIDTH="59" WC="0.97" CC="000" TAGREFS=""/>
            <SP HPOS="1219" ID="SP_547.5.13.22" VPOS="1878" WIDTH="14"/>
            <String CONTENT="for" HEIGHT="34" HPOS="1233" ID="ST_547.5.13.23" STYLEREFS="Style_3" VPOS="1878" WIDTH="53" WC="0.79" CC="000" TAGREFS=""/>
            <SP HPOS="1286" ID="SP_547.5.13.24" VPOS="1879" WIDTH="14"/>
            <String CONTENT="the" HEIGHT="33" HPOS="1300" ID="ST_547.5.13.25" STYLEREFS="Style_3" VPOS="1879" WIDTH="59" WC="0.86" CC="000" TAGREFS=""/>
          </TextLine>
          <TextLine HEIGHT="45" HPOS="147" ID="TL_547.5.14" VPOS="1925" WIDTH="1213">
            <String CONTENT="wrongful" HEIGHT="43" HPOS="147" ID="ST_547.5.14.1" STYLEREFS="Style_3" VPOS="1925" WIDTH="171" WC="0.93" CC="00000000" TAGREFS=""/>
            <SP HPOS="318" ID="SP_547.5.14.2" VPOS="1925" WIDTH="23"/>
            <String CONTENT="discharge," HEIGHT="44" HPOS="341" ID="ST_547.5.14.3" STYLEREFS="Style_3" VPOS="1925" WIDTH="191" WC="0.99" CC="0000000000" TAGREFS=""/>
            <SP HPOS="532" ID="SP_547.5.14.4" VPOS="1926" WIDTH="25"/>
            <String CONTENT="less" HEIGHT="34" HPOS="557" ID="ST_547.5.14.5" STYLEREFS="Style_3" VPOS="1926" WIDTH="65" WC="0.96" CC="0000" TAGREFS=""/>
            <SP HPOS="622" ID="SP_547.5.14.6" VPOS="1937" WIDTH="24"/>
            <String CONTENT="any" HEIGHT="33" HPOS="646" ID="ST_547.5.14.7" STYLEREFS="Style_3" VPOS="1937" WIDTH="68" WC="0.95" CC="000" TAGREFS=""/>
            <SP HPOS="714" ID="SP_547.5.14.8" VPOS="1926" WIDTH="23"/>
            <String CONTENT="mitigation." HEIGHT="43" HPOS="737" ID="ST_547.5.14.9" STYLEREFS="Style_3" VPOS="1926" WIDTH="205" WC="0.95" CC="00000000000" TAGREFS=""/>
            <SP HPOS="942" ID="SP_547.5.14.10" VPOS="1926" WIDTH="24"/>
            <String CONTENT="Russellville" HEIGHT="35" HPOS="966" ID="ST_547.5.14.11" STYLEREFS="Style_4" VPOS="1926" WIDTH="229" WC="0.98" CC="000000000000" TAGREFS=""/>
            <SP HPOS="1195" ID="SP_547.5.14.12" VPOS="1926" WIDTH="21"/>
            <String CONTENT="Special" HEIGHT="44" HPOS="1216" ID="ST_547.5.14.13" STYLEREFS="Style_4" VPOS="1926" WIDTH="144" WC="0.97" CC="0000000" TAGREFS=""/>
          </TextLine>
          <TextLine HEIGHT="46" HPOS="146" ID="TL_547.5.15" VPOS="1974" WIDTH="1212">
            <String CONTENT="School" HEIGHT="35" HPOS="146" ID="ST_547.5.15.1" STYLEREFS="Style_4" VPOS="1974" WIDTH="136" WC="0.77" CC="000000" TAGREFS=""/>
            <SP HPOS="282" ID="SP_547.5.15.2" VPOS="1976" WIDTH="18"/>
            <String CONTENT="Dist." HEIGHT="33" HPOS="300" ID="ST_547.5.15.3" STYLEREFS="Style_4" VPOS="1976" WIDTH="88" WC="0.65" CC="00000" TAGREFS=""/>
            <SP HPOS="388" ID="SP_547.5.15.4" VPOS="1986" WIDTH="21"/>
            <String CONTENT="v." HEIGHT="24" HPOS="409" ID="ST_547.5.15.5" STYLEREFS="Style_3" VPOS="1986" WIDTH="30" WC="0.92" CC="00" TAGREFS=""/>
            <SP HPOS="439" ID="SP_547.5.15.6" VPOS="1975" WIDTH="25"/>
            <String CONTENT="Tinsley," HEIGHT="43" HPOS="464" ID="ST_547.5.15.7" STYLEREFS="Style_4" VPOS="1975" WIDTH="150" WC="0.87" CC="00000000" TAGREFS=""/>
            <SP HPOS="614" ID="SP_547.5.15.8" VPOS="1976" WIDTH="24"/>
            <String CONTENT="156" HEIGHT="34" HPOS="638" ID="ST_547.5.15.9" STYLEREFS="Style_3" VPOS="1976" WIDTH="64" WC="0.98" CC="000" TAGREFS=""/>
            <SP HPOS="702" ID="SP_547.5.15.10" VPOS="1975" WIDTH="21"/>
            <String CONTENT="Ark." HEIGHT="35" HPOS="723" ID="ST_547.5.15.11" STYLEREFS="Style_3" VPOS="1975" WIDTH="84" WC="0.88" CC="0000" TAGREFS=""/>
            <SP HPOS="807" ID="SP_547.5.15.12" VPOS="1976" WIDTH="21"/>
            <String CONTENT="283," HEIGHT="41" HPOS="828" ID="ST_547.5.15.13" STYLEREFS="Style_3" VPOS="1976" WIDTH="79" WC="0.88" CC="0000" TAGREFS=""/>
            <SP HPOS="907" ID="SP_547.5.15.14" VPOS="1976" WIDTH="21"/>
            <String CONTENT="245" HEIGHT="34" HPOS="928" ID="ST_547.5.15.15" STYLEREFS="Style_3" VPOS="1976" WIDTH="67" WC="0.77" CC="000" TAGREFS=""/>
            <SP HPOS="995" ID="SP_547.5.15.16" VPOS="1976" WIDTH="21"/>
            <String CONTENT="S.W." HEIGHT="35" HPOS="1016" ID="ST_547.5.15.17" STYLEREFS="Style_3" VPOS="1976" WIDTH="94" WC="0.94" CC="0000" TAGREFS=""/>
            <SP HPOS="1110" ID="SP_547.5.15.18" VPOS="1977" WIDTH="23"/>
            <String CONTENT="831" HEIGHT="34" HPOS="1133" ID="ST_547.5.15.19" STYLEREFS="Style_3" VPOS="1977" WIDTH="63" WC="0.77" CC="000" TAGREFS=""/>
            <SP HPOS="1196" ID="SP_547.5.15.20" VPOS="1976" WIDTH="26"/>
            <String CONTENT="(1922);" HEIGHT="44" HPOS="1222" ID="ST_547.5.15.21" STYLEREFS="Style_3" VPOS="1976" WIDTH="136" WC="0.90" CC="0000000" TAGREFS=""/>
          </TextLine>
          <TextLine HEIGHT="46" HPOS="148" ID="TL_547.5.16" VPOS="2025" WIDTH="1209">
            <String CONTENT="Annot.," HEIGHT="41" HPOS="148" ID="ST_547.5.16.1" STYLEREFS="Style_3" VPOS="2025" WIDTH="142" WC="0.91" CC="0000099" TAGREFS=""/>
            <SP HPOS="290" ID="SP_547.5.16.2" VPOS="2025" WIDTH="27"/>
            <String CONTENT="22" HEIGHT="34" HPOS="317" ID="ST_547.5.16.3" STYLEREFS="Style_3" VPOS="2025" WIDTH="44" WC="1.00" CC="00" TAGREFS=""/>
            <SP HPOS="361" ID="SP_547.5.16.4" VPOS="2025" WIDTH="24"/>
            <String CONTENT="A.L.R.3d" HEIGHT="36" HPOS="385" ID="ST_547.5.16.5" STYLEREFS="Style_3" VPOS="2025" WIDTH="181" WC="1.0" CC="00000000" TAGREFS=""/>
            <SP HPOS="566" ID="SP_547.5.16.6" VPOS="2026" WIDTH="29"/>
            <String CONTENT="1047," HEIGHT="42" HPOS="595" ID="ST_547.5.16.7" STYLEREFS="Style_3" VPOS="2026" WIDTH="99" WC="0.91" CC="00000" TAGREFS=""/>
            <SP HPOS="694" ID="SP_547.5.16.8" VPOS="2027" WIDTH="31"/>
            <String CONTENT="1054" HEIGHT="34" HPOS="725" ID="ST_547.5.16.9" STYLEREFS="Style_3" VPOS="2027" WIDTH="87" WC="0.83" CC="0000" TAGREFS=""/>
            <SP HPOS="812" ID="SP_547.5.16.10" VPOS="2026" WIDTH="27"/>
            <String CONTENT="§" HEIGHT="43" HPOS="839" ID="ST_547.5.16.11" STYLEREFS="Style_3" VPOS="2026" WIDTH="17" WC="0.87" CC="0" TAGREFS=""/>
            <SP HPOS="856" ID="SP_547.5.16.12" VPOS="2025" WIDTH="28"/>
            <String CONTENT="3[b]." HEIGHT="45" HPOS="884" ID="ST_547.5.16.13" STYLEREFS="Style_3" VPOS="2025" WIDTH="91" WC="0.89" CC="99099" TAGREFS=""/>
            <SP HPOS="975" ID="SP_547.5.16.14" VPOS="2026" WIDTH="26"/>
            <String CONTENT="Accordingly," HEIGHT="45" HPOS="1001" ID="ST_547.5.16.15" STYLEREFS="Style_3" VPOS="2026" WIDTH="244" WC="0.91" CC="000000000000" TAGREFS=""/>
            <SP HPOS="1245" ID="SP_547.5.16.16" VPOS="2027" WIDTH="25"/>
            <String CONTENT="Mrs." HEIGHT="35" HPOS="1270" ID="ST_547.5.16.17" STYLEREFS="Style_3" VPOS="2027" WIDTH="87" WC="1.00" CC="0000" TAGREFS=""/>
          </TextLine>
          <TextLine HEIGHT="46" HPOS="148" ID="TL_547.5.17" VPOS="2075" WIDTH="1212">
            <String CONTENT="Strain" HEIGHT="36" HPOS="148" ID="ST_547.5.17.1" STYLEREFS="Style_3" VPOS="2075" WIDTH="119" WC="1.00" CC="000000" TAGREFS=""/>
            <SP HPOS="267" ID="SP_547.5.17.2" VPOS="2076" WIDTH="13"/>
            <String CONTENT="is" HEIGHT="35" HPOS="280" ID="ST_547.5.17.3" STYLEREFS="Style_3" VPOS="2076" WIDTH="28" WC="0.88" CC="00" TAGREFS=""/>
            <SP HPOS="308" ID="SP_547.5.17.4" VPOS="2076" WIDTH="12"/>
            <String CONTENT="entitled" HEIGHT="35" HPOS="320" ID="ST_547.5.17.5" STYLEREFS="Style_3" VPOS="2076" WIDTH="142" WC="0.96" CC="00000000" TAGREFS=""/>
            <SP HPOS="462" ID="SP_547.5.17.6" VPOS="2081" WIDTH="14"/>
            <String CONTENT="to" HEIGHT="30" HPOS="476" ID="ST_547.5.17.7" STYLEREFS="Style_3" VPOS="2081" WIDTH="35" WC="1.00" CC="00" TAGREFS=""/>
            <SP HPOS="511" ID="SP_547.5.17.8" VPOS="2076" WIDTH="13"/>
            <String CONTENT="compensation" HEIGHT="45" HPOS="524" ID="ST_547.5.17.9" STYLEREFS="Style_3" VPOS="2076" WIDTH="260" WC="0.91" CC="000000000000" TAGREFS=""/>
            <SP HPOS="784" ID="SP_547.5.17.10" VPOS="2076" WIDTH="13"/>
            <String CONTENT="for" HEIGHT="36" HPOS="797" ID="ST_547.5.17.11" STYLEREFS="Style_3" VPOS="2076" WIDTH="53" WC="1.00" CC="000" TAGREFS=""/>
            <SP HPOS="850" ID="SP_547.5.17.12" VPOS="2077" WIDTH="12"/>
            <String CONTENT="the" HEIGHT="35" HPOS="862" ID="ST_547.5.17.13" STYLEREFS="Style_3" VPOS="2077" WIDTH="59" WC="1.00" CC="000" TAGREFS=""/>
            <SP HPOS="921" ID="SP_547.5.17.14" VPOS="2082" WIDTH="13"/>
            <String CONTENT="two" HEIGHT="30" HPOS="934" ID="ST_547.5.17.15" STYLEREFS="Style_3" VPOS="2082" WIDTH="67" WC="1.00" CC="000" TAGREFS=""/>
            <SP HPOS="1001" ID="SP_547.5.17.16" VPOS="2088" WIDTH="13"/>
            <String CONTENT="years" HEIGHT="33" HPOS="1014" ID="ST_547.5.17.17" STYLEREFS="Style_3" VPOS="2088" WIDTH="98" WC="1.00" CC="00000" TAGREFS=""/>
            <SP HPOS="1112" ID="SP_547.5.17.18" VPOS="2077" WIDTH="13"/>
            <String CONTENT="of" HEIGHT="36" HPOS="1125" ID="ST_547.5.17.19" STYLEREFS="Style_3" VPOS="2077" WIDTH="39" WC="1.00" CC="00" TAGREFS=""/>
            <SP HPOS="1164" ID="SP_547.5.17.20" VPOS="2077" WIDTH="10"/>
            <String CONTENT="salary" HEIGHT="44" HPOS="1174" ID="ST_547.5.17.21" STYLEREFS="Style_3" VPOS="2077" WIDTH="113" WC="1.00" CC="000000" TAGREFS=""/>
            <SP HPOS="1287" ID="SP_547.5.17.22" VPOS="2078" WIDTH="12"/>
            <String CONTENT="she" HEIGHT="34" HPOS="1299" ID="ST_547.5.17.23" STYLEREFS="Style_3" VPOS="2078" WIDTH="61" WC="1.00" CC="000" TAGREFS=""/>
          </TextLine>
          <TextLine HEIGHT="36" HPOS="148" ID="TL_547.5.18" VPOS="2126" WIDTH="1021">
            <String CONTENT="lost" HEIGHT="34" HPOS="148" ID="ST_547.5.18.1" STYLEREFS="Style_3" VPOS="2126" WIDTH="66" WC="0.97" CC="0000" TAGREFS=""/>
            <SP HPOS="214" ID="SP_547.5.18.2" VPOS="2127" WIDTH="21"/>
            <String CONTENT="between" HEIGHT="34" HPOS="235" ID="ST_547.5.18.3" STYLEREFS="Style_3" VPOS="2127" WIDTH="153" WC="0.97" CC="0000000" TAGREFS=""/>
            <SP HPOS="388" ID="SP_547.5.18.4" VPOS="2127" WIDTH="21"/>
            <String CONTENT="her" HEIGHT="34" HPOS="409" ID="ST_547.5.18.5" STYLEREFS="Style_3" VPOS="2127" WIDTH="60" WC="0.85" CC="000" TAGREFS=""/>
            <SP HPOS="469" ID="SP_547.5.18.6" VPOS="2128" WIDTH="20"/>
            <String CONTENT="nonrenewal" HEIGHT="34" HPOS="489" ID="ST_547.5.18.7" STYLEREFS="Style_3" VPOS="2128" WIDTH="219" WC="0.95" CC="0000000000" TAGREFS=""/>
            <SP HPOS="708" ID="SP_547.5.18.8" VPOS="2127" WIDTH="20"/>
            <String CONTENT="and" HEIGHT="34" HPOS="728" ID="ST_547.5.18.9" STYLEREFS="Style_3" VPOS="2127" WIDTH="68" WC="0.96" CC="000" TAGREFS=""/>
            <SP HPOS="796" ID="SP_547.5.18.10" VPOS="2127" WIDTH="21"/>
            <String CONTENT="her" HEIGHT="34" HPOS="817" ID="ST_547.5.18.11" STYLEREFS="Style_3" VPOS="2127" WIDTH="60" WC="0.88" CC="000" TAGREFS=""/>
            <SP HPOS="877" ID="SP_547.5.18.12" VPOS="2127" WIDTH="21"/>
            <String CONTENT="reinstatement." HEIGHT="35" HPOS="898" ID="ST_547.5.18.13" STYLEREFS="Style_3" VPOS="2127" WIDTH="271" WC="0.91" CC="00000000000000" TAGREFS=""/>
          </TextLine>
        </TextBlock>
        <TextBlock HEIGHT="243.0" HPOS="148.0" ID="BL_547.6" TAGREFS="b547-7" VPOS="2228.0" WIDTH="1214.0">
          <TextLine HEIGHT="44" HPOS="240" ID="TL_547.6.1" VPOS="2228" WIDTH="1119">
            <String CONTENT="As" HEIGHT="33" HPOS="240" ID="ST_547.6.1.1" STYLEREFS="Style_3" VPOS="2229" WIDTH="50" WC="1.00" CC="00" TAGREFS=""/>
            <SP HPOS="290" ID="SP_547.6.1.2" VPOS="2232" WIDTH="23"/>
            <String CONTENT="to" HEIGHT="29" HPOS="313" ID="ST_547.6.1.3" STYLEREFS="Style_3" VPOS="2232" WIDTH="36" WC="1.00" CC="00" TAGREFS=""/>
            <SP HPOS="349" ID="SP_547.6.1.4" VPOS="2228" WIDTH="22"/>
            <String CONTENT="the" HEIGHT="34" HPOS="371" ID="ST_547.6.1.5" STYLEREFS="Style_3" VPOS="2228" WIDTH="58" WC="0.96" CC="000" TAGREFS=""/>
            <SP HPOS="429" ID="SP_547.6.1.6" VPOS="2228" WIDTH="22"/>
            <String CONTENT="second" HEIGHT="34" HPOS="451" ID="ST_547.6.1.7" STYLEREFS="Style_3" VPOS="2228" WIDTH="126" WC="1.00" CC="000000" TAGREFS=""/>
            <SP HPOS="577" ID="SP_547.6.1.8" VPOS="2228" WIDTH="23"/>
            <String CONTENT="point" HEIGHT="44" HPOS="600" ID="ST_547.6.1.9" STYLEREFS="Style_3" VPOS="2228" WIDTH="96" WC="1.00" CC="00000" TAGREFS=""/>
            <SP HPOS="696" ID="SP_547.6.1.10" VPOS="2228" WIDTH="23"/>
            <String CONTENT="raised" HEIGHT="35" HPOS="719" ID="ST_547.6.1.11" STYLEREFS="Style_3" VPOS="2228" WIDTH="112" WC="0.94" CC="000000" TAGREFS=""/>
            <SP HPOS="831" ID="SP_547.6.1.12" VPOS="2229" WIDTH="23"/>
            <String CONTENT="by" HEIGHT="43" HPOS="854" ID="ST_547.6.1.13" STYLEREFS="Style_3" VPOS="2229" WIDTH="44" WC="0.89" CC="00" TAGREFS=""/>
            <SP HPOS="898" ID="SP_547.6.1.14" VPOS="2229" WIDTH="23"/>
            <String CONTENT="appellant," HEIGHT="43" HPOS="921" ID="ST_547.6.1.15" STYLEREFS="Style_3" VPOS="2229" WIDTH="186" WC="0.95" CC="0000000000" TAGREFS=""/>
            <SP HPOS="1107" ID="SP_547.6.1.16" VPOS="2229" WIDTH="25"/>
            <String CONTENT="Mrs." HEIGHT="34" HPOS="1132" ID="ST_547.6.1.17" STYLEREFS="Style_3" VPOS="2229" WIDTH="87" WC="0.99" CC="0000" TAGREFS=""/>
            <SP HPOS="1219" ID="SP_547.6.1.18" VPOS="2229" WIDTH="24"/>
            <String CONTENT="Strain" HEIGHT="34" HPOS="1243" ID="ST_547.6.1.19" STYLEREFS="Style_3" VPOS="2229" WIDTH="116" WC="0.94" CC="000000" TAGREFS=""/>
          </TextLine>
          <TextLine HEIGHT="44" HPOS="148" ID="TL_547.6.2" VPOS="2277" WIDTH="1212">
            <String CONTENT="offered" HEIGHT="35" HPOS="148" ID="ST_547.6.2.1" STYLEREFS="Style_3" VPOS="2277" WIDTH="133" WC="0.81" CC="0000000" TAGREFS=""/>
            <SP HPOS="281" ID="SP_547.6.2.2" VPOS="2277" WIDTH="24"/>
            <String CONTENT="ample" HEIGHT="44" HPOS="305" ID="ST_547.6.2.3" STYLEREFS="Style_3" VPOS="2277" WIDTH="115" WC="0.94" CC="00000" TAGREFS=""/>
            <SP HPOS="420" ID="SP_547.6.2.4" VPOS="2277" WIDTH="22"/>
            <String CONTENT="proof" HEIGHT="44" HPOS="442" ID="ST_547.6.2.5" STYLEREFS="Style_3" VPOS="2277" WIDTH="103" WC="1.00" CC="00000" TAGREFS=""/>
            <SP HPOS="545" ID="SP_547.6.2.6" VPOS="2277" WIDTH="20"/>
            <String CONTENT="of" HEIGHT="35" HPOS="565" ID="ST_547.6.2.7" STYLEREFS="Style_3" VPOS="2277" WIDTH="39" WC="1.00" CC="00" TAGREFS=""/>
            <SP HPOS="604" ID="SP_547.6.2.8" VPOS="2278" WIDTH="20"/>
            <String CONTENT="her" HEIGHT="34" HPOS="624" ID="ST_547.6.2.9" STYLEREFS="Style_3" VPOS="2278" WIDTH="61" WC="0.89" CC="000" TAGREFS=""/>
            <SP HPOS="685" ID="SP_547.6.2.10" VPOS="2277" WIDTH="24"/>
            <String CONTENT="efforts" HEIGHT="36" HPOS="709" ID="ST_547.6.2.11" STYLEREFS="Style_3" VPOS="2277" WIDTH="119" WC="0.79" CC="0000000" TAGREFS=""/>
            <SP HPOS="828" ID="SP_547.6.2.12" VPOS="2283" WIDTH="23"/>
            <String CONTENT="to" HEIGHT="30" HPOS="851" ID="ST_547.6.2.13" STYLEREFS="Style_3" VPOS="2283" WIDTH="35" WC="1.00" CC="00" TAGREFS=""/>
            <SP HPOS="886" ID="SP_547.6.2.14" VPOS="2278" WIDTH="24"/>
            <String CONTENT="mitigate" HEIGHT="43" HPOS="910" ID="ST_547.6.2.15" STYLEREFS="Style_3" VPOS="2278" WIDTH="159" WC="0.91" CC="00000000" TAGREFS=""/>
            <SP HPOS="1069" ID="SP_547.6.2.16" VPOS="2278" WIDTH="22"/>
            <String CONTENT="damages" HEIGHT="43" HPOS="1091" ID="ST_547.6.2.17" STYLEREFS="Style_3" VPOS="2278" WIDTH="165" WC="0.93" CC="0000000" TAGREFS=""/>
            <SP HPOS="1256" ID="SP_547.6.2.18" VPOS="2284" WIDTH="24"/>
            <String CONTENT="at" HEIGHT="29" HPOS="1280" ID="ST_547.6.2.19" STYLEREFS="Style_3" VPOS="2284" WIDTH="36" WC="1.00" CC="00" TAGREFS=""/>
            <SP HPOS="1316" ID="SP_547.6.2.20" VPOS="2290" WIDTH="24"/>
            <String CONTENT="a" HEIGHT="23" HPOS="1340" ID="ST_547.6.2.21" STYLEREFS="Style_3" VPOS="2290" WIDTH="20" WC="1.00" CC="0" TAGREFS=""/>
          </TextLine>
          <TextLine HEIGHT="45" HPOS="148" ID="TL_547.6.3" VPOS="2327" WIDTH="1211">
            <String CONTENT="hearing" HEIGHT="43" HPOS="148" ID="ST_547.6.3.1" STYLEREFS="Style_3" VPOS="2327" WIDTH="145" WC="0.94" CC="0000000" TAGREFS=""/>
            <SP HPOS="293" ID="SP_547.6.3.2" VPOS="2327" WIDTH="28"/>
            <String CONTENT="held" HEIGHT="34" HPOS="321" ID="ST_547.6.3.3" STYLEREFS="Style_3" VPOS="2327" WIDTH="79" WC="0.92" CC="0000" TAGREFS=""/>
            <SP HPOS="400" ID="SP_547.6.3.4" VPOS="2338" WIDTH="28"/>
            <String CONTENT="on" HEIGHT="24" HPOS="428" ID="ST_547.6.3.5" STYLEREFS="Style_3" VPOS="2338" WIDTH="43" WC="1.00" CC="00" TAGREFS=""/>
            <SP HPOS="471" ID="SP_547.6.3.6" VPOS="2327" WIDTH="28"/>
            <String CONTENT="that" HEIGHT="35" HPOS="499" ID="ST_547.6.3.7" STYLEREFS="Style_3" VPOS="2327" WIDTH="77" WC="0.84" CC="0000" TAGREFS=""/>
            <SP HPOS="576" ID="SP_547.6.3.8" VPOS="2328" WIDTH="28"/>
            <String CONTENT="specific" HEIGHT="44" HPOS="604" ID="ST_547.6.3.9" STYLEREFS="Style_3" VPOS="2328" WIDTH="139" WC="0.91" CC="00000000" TAGREFS=""/>
            <SP HPOS="743" ID="SP_547.6.3.10" VPOS="2328" WIDTH="27"/>
            <String CONTENT="question." HEIGHT="43" HPOS="770" ID="ST_547.6.3.11" STYLEREFS="Style_3" VPOS="2328" WIDTH="168" WC="0.97" CC="000000000" TAGREFS=""/>
            <SP HPOS="938" ID="SP_547.6.3.12" VPOS="2329" WIDTH="29"/>
            <String CONTENT="Appellant" HEIGHT="43" HPOS="967" ID="ST_547.6.3.13" STYLEREFS="Style_3" VPOS="2329" WIDTH="189" WC="0.95" CC="000000000" TAGREFS=""/>
            <SP HPOS="1156" ID="SP_547.6.3.14" VPOS="2328" WIDTH="28"/>
            <String CONTENT="contends," HEIGHT="42" HPOS="1184" ID="ST_547.6.3.15" STYLEREFS="Style_3" VPOS="2328" WIDTH="175" WC="0.94" CC="000000000" TAGREFS=""/>
          </TextLine>
          <TextLine HEIGHT="45" HPOS="149" ID="TL_547.6.4" VPOS="2376" WIDTH="1212">
            <String CONTENT="however," HEIGHT="42" HPOS="149" ID="ST_547.6.4.1" STYLEREFS="Style_3" VPOS="2376" WIDTH="168" WC="0.66" CC="00000000" TAGREFS=""/>
            <SP HPOS="317" ID="SP_547.6.4.2" VPOS="2377" WIDTH="11"/>
            <String CONTENT="that" HEIGHT="34" HPOS="328" ID="ST_547.6.4.3" STYLEREFS="Style_3" VPOS="2377" WIDTH="78" WC="0.45" CC="0000" TAGREFS=""/>
            <SP HPOS="406" ID="SP_547.6.4.4" VPOS="2377" WIDTH="11"/>
            <String CONTENT="despite" HEIGHT="44" HPOS="417" ID="ST_547.6.4.5" STYLEREFS="Style_3" VPOS="2377" WIDTH="133" WC="0.67" CC="0000000" TAGREFS=""/>
            <SP HPOS="550" ID="SP_547.6.4.6" VPOS="2377" WIDTH="10"/>
            <String CONTENT="the" HEIGHT="35" HPOS="560" ID="ST_547.6.4.7" STYLEREFS="Style_3" VPOS="2377" WIDTH="60" WC="0.68" CC="000" TAGREFS=""/>
            <SP HPOS="620" ID="SP_547.6.4.8" VPOS="2377" WIDTH="11"/>
            <String CONTENT="fact" HEIGHT="35" HPOS="631" ID="ST_547.6.4.9" STYLEREFS="Style_3" VPOS="2377" WIDTH="73" WC="0.96" CC="0000" TAGREFS=""/>
            <SP HPOS="704" ID="SP_547.6.4.10" VPOS="2377" WIDTH="11"/>
            <String CONTENT="that" HEIGHT="35" HPOS="715" ID="ST_547.6.4.11" STYLEREFS="Style_3" VPOS="2377" WIDTH="77" WC="0.85" CC="0000" TAGREFS=""/>
            <SP HPOS="792" ID="SP_547.6.4.12" VPOS="2378" WIDTH="11"/>
            <String CONTENT="Mrs." HEIGHT="34" HPOS="803" ID="ST_547.6.4.13" STYLEREFS="Style_3" VPOS="2378" WIDTH="88" WC="0.84" CC="0000" TAGREFS=""/>
            <SP HPOS="891" ID="SP_547.6.4.14" VPOS="2378" WIDTH="13"/>
            <String CONTENT="Strain’s" HEIGHT="35" HPOS="904" ID="ST_547.6.4.15" STYLEREFS="Style_3" VPOS="2378" WIDTH="147" WC="0.75" CC="00000090" TAGREFS=""/>
            <SP HPOS="1051" ID="SP_547.6.4.16" VPOS="2378" WIDTH="12"/>
            <String CONTENT="nonrenewal" HEIGHT="34" HPOS="1063" ID="ST_547.6.4.17" STYLEREFS="Style_3" VPOS="2378" WIDTH="217" WC="0.94" CC="0000000000" TAGREFS=""/>
            <SP HPOS="1280" ID="SP_547.6.4.18" VPOS="2389" WIDTH="11"/>
            <String CONTENT="was" HEIGHT="24" HPOS="1291" ID="ST_547.6.4.19" STYLEREFS="Style_3" VPOS="2389" WIDTH="70" WC="0.85" CC="000" TAGREFS=""/>
          </TextLine>
          <TextLine HEIGHT="45" HPOS="149" ID="TL_547.6.5" VPOS="2426" WIDTH="1213">
            <String CONTENT="the" HEIGHT="35" HPOS="149" ID="ST_547.6.5.1" STYLEREFS="Style_3" VPOS="2426" WIDTH="60" WC="0.94" CC="000" TAGREFS=""/>
            <SP HPOS="209" ID="SP_547.6.5.2" VPOS="2428" WIDTH="13"/>
            <String CONTENT="result" HEIGHT="33" HPOS="222" ID="ST_547.6.5.3" STYLEREFS="Style_3" VPOS="2428" WIDTH="107" WC="0.95" CC="000000" TAGREFS=""/>
            <SP HPOS="329" ID="SP_547.6.5.4" VPOS="2427" WIDTH="13"/>
            <String CONTENT="of" HEIGHT="34" HPOS="342" ID="ST_547.6.5.5" STYLEREFS="Style_3" VPOS="2427" WIDTH="39" WC="1.00" CC="00" TAGREFS=""/>
            <SP HPOS="381" ID="SP_547.6.5.6" VPOS="2438" WIDTH="10"/>
            <String CONTENT="an" HEIGHT="23" HPOS="391" ID="ST_547.6.5.7" STYLEREFS="Style_3" VPOS="2438" WIDTH="44" WC="0.84" CC="00" TAGREFS=""/>
            <SP HPOS="435" ID="SP_547.6.5.8" VPOS="2427" WIDTH="14"/>
            <String CONTENT="alleged" HEIGHT="43" HPOS="449" ID="ST_547.6.5.9" STYLEREFS="Style_3" VPOS="2427" WIDTH="134" WC="1.00" CC="0000000" TAGREFS=""/>
            <SP HPOS="583" ID="SP_547.6.5.10" VPOS="2427" WIDTH="13"/>
            <String CONTENT="dispute" HEIGHT="44" HPOS="596" ID="ST_547.6.5.11" STYLEREFS="Style_3" VPOS="2427" WIDTH="137" WC="1.00" CC="0000000" TAGREFS=""/>
            <SP HPOS="733" ID="SP_547.6.5.12" VPOS="2427" WIDTH="13"/>
            <String CONTENT="with" HEIGHT="34" HPOS="746" ID="ST_547.6.5.13" STYLEREFS="Style_3" VPOS="2427" WIDTH="82" WC="0.99" CC="0000" TAGREFS=""/>
            <SP HPOS="828" ID="SP_547.6.5.14" VPOS="2427" WIDTH="13"/>
            <String CONTENT="the" HEIGHT="35" HPOS="841" ID="ST_547.6.5.15" STYLEREFS="Style_3" VPOS="2427" WIDTH="59" WC="0.90" CC="000" TAGREFS=""/>
            <SP HPOS="900" ID="SP_547.6.5.16" VPOS="2427" WIDTH="13"/>
            <String CONTENT="superintendent" HEIGHT="43" HPOS="913" ID="ST_547.6.5.17" STYLEREFS="Style_3" VPOS="2427" WIDTH="283" WC="0.91" CC="00000000000000" TAGREFS=""/>
            <SP HPOS="1196" ID="SP_547.6.5.18" VPOS="2438" WIDTH="12"/>
            <String CONTENT="over" HEIGHT="24" HPOS="1208" ID="ST_547.6.5.19" STYLEREFS="Style_3" VPOS="2438" WIDTH="79" WC="1.00" CC="0000" TAGREFS=""/>
            <SP HPOS="1287" ID="SP_547.6.5.20" VPOS="2428" WIDTH="14"/>
            <String CONTENT="her" HEIGHT="34" HPOS="1301" ID="ST_547.6.5.21" STYLEREFS="Style_3" VPOS="2428" WIDTH="61" WC="0.79" CC="000" TAGREFS=""/>
          </TextLine>
        </TextBlock>
      </PrintSpace>
    </Page>
  </Layout>
</alto>
