1632 2696
239 399 136 38 present
392 394 64 34 law
473 404 65 23 can
555 393 79 43 only
651 393 43 34 be
710 392 94 35 dealt
820 393 82 34 with
919 404 38 23 as
970 392 180 44 juveniles;
1166 392 77 35 that
1259 392 67 34 this

238 443 164 35 situation
414 443 123 34 results
550 443 34 34 in
596 454 19 23 a
628 443 162 43 mockery
801 442 39 35 of
844 442 128 44 justice
982 442 69 35 and
1063 442 76 35 that
1150 442 59 34 the
1219 442 70 34 Act
1299 441 28 35 is

239 493 236 43 immediately
490 503 182 33 necessary
687 498 35 29 to
737 492 99 35 allow
850 503 141 33 persons
1006 491 158 35 fourteen
1179 502 98 33 years
1291 491 40 35 of

239 553 65 32 age
324 548 35 29 to
379 543 43 34 be
442 542 204 44 prosecuted
667 542 53 34 for
740 542 158 34 criminal
918 542 160 34 offenses.
1106 569 6 7 .
1140 569 7 7 .

1282 251 39 33 81

347 620 249 43 Additionally,
614 620 103 34 while
734 619 218 44 recognizing
969 619 78 35 that
1064 619 102 44 penal
1183 624 146 30 statutes

116 669 59 35 áre
187 670 100 43 given
301 681 19 23 a
333 670 97 34 strict
442 670 246 40 construction,
701 670 60 34 the
773 670 73 34 rule
858 669 27 35 is
898 674 60 29 not
970 680 38 23 so
1020 669 89 43 rigid
1121 669 77 34 that
1209 669 27 34 it
1247 668 82 35 does

116 725 60 29 not
190 720 76 42 give
280 731 75 32 way
369 725 35 28 to
417 720 60 34 the
490 720 142 34 obvious
646 719 190 43 legislative
849 719 111 34 intent
973 730 38 23 or
1025 719 76 34 bow
1115 724 35 29 to
1164 718 59 35 the
1236 718 94 44 plain

117 769 112 44 policy
247 769 68 35 and
333 780 162 33 purposes
512 769 40 34 of
566 769 59 34 the
642 774 140 30 statute.
800 768 223 42 Sutherland,
1040 769 181 43 Statutory
1238 768 91 35 Con­

116 819 181 41 struction,
310 819 17 43 §
341 820 112 33 59.06.
465 819 75 34 The
550 819 74 34 rule
634 818 39 35 of
680 819 97 34 strict
787 819 234 34 construction
1032 818 28 35 is
1070 823 60 30 not
1139 818 60 35 the
1208 829 123 33 enemy

117 869 39 34 of
173 880 161 23 common
355 880 97 23 sense
471 868 69 35 and
560 869 82 34 does
662 874 60 29 not
742 869 135 44 require
896 879 20 24 a
936 869 113 34 literal
1069 868 262 44 interpretation

118 919 139 43 leading
285 924 35 29 to
348 919 127 34 absurd
503 929 265 34 consequences.
797 919 94 34 Such
920 930 20 23 a
968 918 143 44 reading
1139 917 122 36 should
1289 918 43 35 be

117 969 184 35 discarded
315 969 33 34 in
361 969 96 34 favor
470 969 39 34 of
519 980 20 23 a
554 980 96 23 more
662 969 202 35 reasonable
876 969 273 44 interpretation.
1163 967 127 36 Dollar
1299 979 31 23 v.

117 1020 115 40 State,
248 1020 66 34 287
330 1020 84 34 Ark.
431 1020 55 40 61,
502 1020 67 34 697
585 1018 143 36 S.W.2d
745 1020 65 34 868
828 1018 138 44 (1985);
980 1018 183 36 Fairchild
1174 1030 30 23 v.
1218 1019 113 40 State,

119 1070 68 34 286
197 1070 86 34 Ark.
298 1069 307 41 194, 690 S.W.2d
616 1070 65 34 355
695 1069 398 43 (1985);Hice v. State,
1104 1070 65 33 268
1180 1069 84 35 Ark.
1277 1070 54 40 57,

120 1121 66 33 593
209 1119 144 35 S.W.2d
377 1120 63 34 169
463 1119 139 43 (1980).

212 1198 108 34 What
338 1198 176 43 appellant
533 1203 157 38 suggests
709 1197 112 35 would
841 1198 106 34 result
966 1198 34 33 in
1020 1209 20 23 a
1059 1197 128 44 clearly
1205 1197 128 35 absurd

120 1247 191 43 procedure
338 1247 68 34 and
434 1258 161 23 common
623 1258 99 23 sense
749 1247 146 34 dictates
923 1247 59 34 the
1010 1258 96 23 more
1133 1247 201 34 reasonable

120 1297 274 43 interpretation,
416 1308 37 23 as
474 1296 113 35 stated
608 1297 119 34 above.

212 1362 180 35 Affirmed.

213 1429 159 40 Purtle,
393 1429 42 40 J.,
456 1433 60 30 not
536 1428 257 44 participating.

143 1634 147 35 Charles
312 1634 42 34 D.
376 1634 254 41 RAGLAND,
652 1634 271 34 Commissioner
943 1634 39 34 of
999 1635 180 34 Revenues
1199 1633 39 35 of
1255 1634 59 34 the

344 1684 100 34 State
463 1684 40 34 of
520 1684 179 34 Arkansas
720 1695 28 23 v.
771 1684 81 34 Earl
872 1684 242 34 YEARGAN

123 1763 131 33 85-196

1040 1763 68 33 702
1128 1761 142 35 S.W.2d
1292 1763 41 33 23

452 1839 171 43 Supreme
643 1839 111 34 Court
774 1839 39 34 of
829 1839 179 34 Arkansas

375 1888 152 44 Opinion
548 1888 172 35 delivered
741 1889 154 43 January
916 1890 55 39 21,
997 1889 88 35 1986
