1671 2705
155 408 188 30 statement
357 403 67 34 and
438 404 59 34 the
510 403 116 43 illegal
640 409 120 29 arrest.
774 405 123 33 Brown
909 415 31 23 v.
954 404 150 40 Illinois,
1119 404 68 34 422
1201 403 83 35 U.S.
1301 404 67 34 590

157 452 139 43 (1975).
319 454 179 43 Dunaway
518 464 31 23 v.
571 455 87 33 New
681 453 105 41 York,
807 454 70 33 442
897 454 85 34 U.S.
1006 454 67 34 200
1096 452 138 44 (1979).
1255 453 114 35 Those

156 502 285 35 determinations
450 513 59 24 are
518 503 103 34 made
629 513 92 34 upon
731 503 59 34 the
798 503 137 43 totality
943 503 40 34 of
988 502 60 36 the
1056 503 268 35 circumstances
1333 507 36 31 at

156 552 60 34 the
229 552 85 34 time
326 552 59 34 the
397 557 187 30 statement
597 563 70 24 was
680 552 110 43 given.
804 552 122 35 Fuller
936 564 31 23 v.
980 554 114 39 State,
1108 554 67 33 278
1189 553 85 34 Ark.
1289 554 79 39 450,

157 602 68 34 646
246 601 143 35 S.W.2d
410 603 67 34 700
499 601 138 44 (1983).
658 602 57 34 On
735 602 124 44 appeal
878 602 77 35 that
974 602 163 35 evidence
1156 603 28 34 is
1203 602 166 35 reviewed

157 651 268 44 independently
448 652 39 35 of
508 651 60 35 the
591 652 79 35 trial
695 653 126 34 courtâ€™s
845 652 149 44 findings
1018 663 38 23 as
1080 657 35 30 to
1139 652 59 35 the
1221 652 90 35 issue
1334 651 40 36 of

156 701 261 35 voluntariness.
437 703 124 33 Hunes
578 713 31 23 v.
628 702 114 40 State,
761 703 68 33 274
848 702 85 34 Ark.
954 702 79 40 268,
1053 702 67 34 623
1140 701 142 36 S.W.2d
1302 703 66 34 835

159 750 138 43 (1981).

1299 262 66 35 365

343 829 50 33 As
410 833 35 30 to
461 829 60 34 the
537 828 116 44 illegal
670 834 120 36 arrest,
808 829 26 34 it
851 828 62 35 has
929 829 80 43 long
1027 828 87 35 been
1130 829 59 35 the
1205 829 74 34 rule
1295 829 77 35 that

158 882 216 37 statements,
386 878 67 35 like
463 877 143 44 objects,
617 889 60 24 are
687 883 35 30 to
733 878 43 35 be
786 878 167 35 excluded
963 890 38 24 as
1012 878 162 36 evidence
1184 878 30 35 if
1221 879 81 44 they
1312 890 59 24 are

158 927 109 35 found
280 933 36 30 to
329 928 43 34 be
383 928 59 35 the
454 928 102 35 fruits
569 928 40 35 of
618 940 45 24 an
676 929 167 35 unlawful
855 934 120 30 arrest.
994 930 109 43 Wong
1111 930 77 35 Sun
1199 940 30 23 v.
1246 928 127 37 United

157 978 134 42 States,
313 979 63 34 371
399 979 84 34 U.S.
503 979 66 34 471
594 978 139 44 (1963).
754 980 40 34 In
813 980 124 34 Brown
953 991 32 23 v.
1005 978 148 41 Illinois,
1174 990 119 33 supra,
1312 980 60 35 the

158 1028 172 44 Supreme
341 1028 110 36 Court
462 1029 157 35 reversed
631 1040 20 24 a
662 1029 142 44 holding
815 1030 45 43 by
870 1029 59 35 the
940 1029 130 36 Illinois
1081 1030 170 44 Supreme
1261 1030 110 35 Court

158 1078 78 35 that
257 1079 60 35 the
338 1079 114 43 giving
473 1078 40 36 of
531 1079 60 35 the
613 1079 166 36 Miranda
800 1080 172 44 warnings
994 1080 175 44 following
1191 1091 44 24 an
1257 1080 115 44 illegal

159 1134 110 29 arrest
279 1129 163 44 operated
452 1140 37 24 as
500 1140 44 23 an
554 1129 215 44 intervening
778 1140 104 25 cause
891 1135 36 29 to
936 1140 109 34 purge
1054 1130 59 35 the
1122 1130 152 44 primary
1283 1130 89 35 taint

159 1178 40 35 of
225 1179 59 34 the
312 1179 166 35 unlawful
507 1185 121 29 arrest.
657 1179 75 35 The
760 1179 130 36 United
919 1180 117 35 States
1065 1180 169 44 Supreme
1262 1180 110 35 Court

159 1228 177 35 observed:

285 1306 31 34 It
333 1305 27 34 is
378 1305 144 44 entirely
539 1306 150 43 possible
707 1333 6 7 .
742 1333 6 7 .
776 1334 6 6 .
801 1307 76 34 that
894 1317 140 33 persons
1052 1306 153 36 arrested
1222 1306 150 45 illegally

285 1355 195 44 frequently
499 1366 82 32 may
600 1355 122 35 decide
740 1361 36 29 to
795 1355 146 41 confess,
961 1367 38 24 as
1019 1367 45 23 an
1083 1361 57 29 act
1158 1355 40 37 of
1214 1355 73 35 free
1304 1356 69 35 will

285 1404 197 35 unaffected
513 1404 45 44 by
586 1405 60 34 the
675 1405 111 34 initial
815 1405 176 44 illegality.
1023 1406 68 34 But
1119 1406 60 34 the
1208 1406 164 36 Miranda

284 1454 182 43 warnings,
484 1453 104 36 alone
605 1454 69 35 and
687 1465 66 33 per
767 1466 49 30 se,
833 1460 128 29 cannot
977 1456 128 43 always
1123 1455 102 35 make
1241 1455 59 35 the
1316 1460 57 30 act

285 1503 205 45 sufficiently
513 1515 20 24 a
556 1504 147 44 product
724 1504 40 35 of
783 1504 73 36 free
877 1505 69 35 will
968 1510 37 30 to
1026 1504 119 43 break,
1168 1505 53 35 for
1244 1505 129 35 Fourth

285 1554 236 36 Amendment
534 1565 177 34 purposes,
726 1555 59 34 the
797 1555 119 35 causal
929 1555 204 35 connection
1148 1556 153 35 between
1315 1556 59 35 the

285 1603 165 45 illegality
470 1604 69 35 and
560 1605 60 34 the
639 1604 204 35 confession.

344 1680 106 41 Thus,
464 1680 155 35 whether
632 1681 61 34 the
706 1680 194 35 confession
913 1692 38 23 or
965 1685 188 31 statement
1166 1682 29 34 is
1208 1692 45 24 an
1267 1687 57 29 act
1336 1681 40 35 of

160 1729 74 34 free
258 1729 68 35 will
352 1735 92 29 must
469 1730 43 35 be
536 1730 177 35 answered
739 1741 43 23 on
807 1731 59 34 the
890 1730 90 35 facts
1005 1730 39 35 of
1066 1731 86 34 each
1176 1741 89 24 case:
1291 1731 82 35 â€œthe

159 1779 171 43 temporal
349 1779 184 44 proximity
551 1779 156 36 between
725 1780 59 35 the
801 1785 110 30 arrest
929 1781 69 34 and
1015 1780 60 35 the
1092 1781 203 41 confession,
1314 1781 60 35 the

159 1839 165 33 presence
348 1828 39 35 of
407 1829 215 44 intervening
645 1829 280 42 circumstances,
951 1829 80 42 and,
1056 1830 233 44 particularly,
1314 1831 59 35 the

160 1889 150 33 purpose
321 1878 68 35 and
400 1879 177 44 flagrancy
588 1879 40 35 of
636 1880 59 34 the
706 1880 125 34 official
842 1880 217 35 misconduct
1071 1891 60 24 are
1141 1881 46 34 all
1198 1880 174 35 relevantâ€

163 1928 140 42 (Brown
321 1939 31 24 v.
373 1928 147 40 Illinois,
542 1940 120 33 supra,
683 1934 37 29 at
740 1940 55 33 pp.
817 1930 184 43 603-604).

346 2006 51 42 By
411 2006 76 34 that
501 2005 167 35 standard
683 2017 52 23 we
749 2006 130 35 believe
892 2006 69 34 this
975 2011 188 33 statement
1177 2006 122 35 should
1314 2011 60 30 not

161 2054 88 34 have
269 2055 86 34 been
376 2054 179 35 admitted.
576 2055 75 34 The
670 2055 93 34 clear
782 2055 79 35 lack
879 2055 39 34 of
935 2055 166 44 probable
1120 2066 114 30 cause,
1254 2056 121 43 tacitly

160 2103 176 35 conceded
347 2103 44 44 by
401 2104 59 34 the
470 2104 145 41 officers,
626 2105 60 34 the
696 2104 73 35 fact
779 2105 76 34 that
866 2105 174 35 Roderick
1049 2116 70 23 was
1126 2104 108 44 jailed
1245 2105 130 45 merely

160 2163 45 24 on
220 2153 173 45 suspicion
409 2154 68 35 and
493 2153 72 36 told
581 2159 36 30 to
633 2154 123 35 â€œthink
770 2155 27 35 it
811 2155 114 41 over,â€
941 2155 59 35 the
1015 2154 96 45 lapse
1126 2155 39 35 of
1177 2155 80 44 only
1272 2166 20 25 a
1307 2155 66 35 few

160 2203 106 36 hours
283 2204 154 35 between
454 2205 60 35 the
531 2210 110 30 arrest
658 2204 69 36 and
743 2205 60 36 the
819 2210 198 37 statement,
1035 2205 111 45 weigh
1163 2205 136 44 against
1315 2206 61 35 the

161 2255 149 43 premise
328 2255 76 35 that
421 2255 59 35 the
498 2260 187 30 statement
702 2267 70 23 was
789 2256 192 45 voluntary.
1001 2256 158 44 Coupled
1177 2256 82 35 with
1277 2256 99 35 those

161 2305 167 34 elements
359 2305 26 34 is
415 2305 59 34 the
504 2305 186 43 testimony
720 2305 45 44 by
794 2305 175 35 Roderick
997 2306 44 34 he
1070 2317 70 23 was
1170 2306 205 43 alternately

161 2353 204 35 threatened
385 2354 81 34 with
488 2354 102 42 being
610 2354 121 34 locked
751 2365 46 33 up
817 2355 35 33 in
871 2355 60 33 the
950 2355 79 34 hole
1050 2354 130 42 (where
1199 2354 44 34 he
1262 2354 113 35 would

162 2402 126 34 â€œnever
314 2413 57 23 see
397 2402 156 44 daylight
579 2402 143 43 againâ€)
751 2403 68 34 and
846 2403 130 34 coaxed
1002 2403 83 34 with
1111 2413 202 24 assurances
1339 2402 40 35 of
