1664 2698
127 400 187 43 rehearing
333 400 134 41 denied,
491 400 68 34 this
582 405 99 29 court
703 399 80 35 held
805 400 76 34 that
903 405 205 30 statements
1131 400 103 35 made
1255 400 45 43 by
1322 411 20 24 a

127 450 138 34 witness
278 455 35 29 to
324 450 59 34 the
394 450 122 34 sheriff
524 449 125 44 during
662 450 52 34 his
725 450 242 43 investigation
979 461 89 24 were
1080 450 199 35 admissible
1290 450 53 35 for

127 499 259 44 impeachment
403 510 164 34 purposes
585 510 37 24 as
640 499 235 42 inconsistent,
892 500 231 35 out-of-court
1140 505 203 30 statements

127 549 110 35 under
257 550 90 34 Rule
366 551 65 33 613
452 550 99 34 when
570 549 60 36 the
648 550 137 35 witness
804 549 177 45 professed
1000 556 36 29 at
1055 551 59 34 the
1132 551 79 34 trial
1230 555 59 30 not
1308 556 35 29 to

128 599 195 35 remember
333 600 92 34 what
434 600 61 34 she
504 600 73 34 told
587 600 59 34 the
655 600 130 35 sheriff.
797 601 65 34 We
872 600 182 44 explained
1064 601 35 34 in
1111 600 146 35 Chisum
1268 601 76 34 that

128 649 26 35 it
182 661 71 23 was
283 649 163 44 formerly
474 650 60 34 the
562 650 75 34 rule
665 650 77 35 that
770 650 225 35 inconsistent
1023 655 204 30 statements
1255 662 89 23 were

128 699 201 35 admissible
337 700 80 44 only
425 699 53 35 for
487 700 259 44 impeachment
755 700 68 34 and
832 706 60 29 not
901 711 37 24 as
948 700 214 35 substantive
1171 701 170 34 evidence.

127 750 94 34 That
234 750 185 35 limitation
432 750 62 35 has
508 750 88 35 been
610 750 179 35 abolished
801 750 35 35 in
850 750 77 36 civil
941 761 97 24 cases
1051 750 69 36 and
1133 751 163 35 modified
1309 751 35 35 in

128 800 160 34 criminal
307 810 95 25 cases
421 805 35 29 to
475 800 59 35 the
552 805 118 30 extent
689 801 77 35 that
784 801 92 43 prior
894 805 205 31 statements
1117 801 100 43 given
1235 801 109 35 under

128 850 83 34 oath
235 849 68 35 and
326 850 134 43 subject
481 856 36 29 to
540 851 59 34 the
621 851 141 44 penalty
784 850 39 35 of
841 851 140 44 perjury
1003 862 60 24 are
1085 851 200 35 admissible
1307 863 37 23 as

127 900 216 35 substantive
368 900 172 35 evidence.
566 900 75 35 The
666 911 162 24 common
853 901 65 34 law
944 901 75 34 rule
1043 901 69 35 still
1138 901 145 44 prevails
1309 902 35 34 in

128 949 160 35 criminal
300 960 96 24 cases
408 950 76 35 that
495 950 92 44 prior
599 950 225 35 inconsistent
835 956 205 30 statements
1051 956 60 29 not
1123 951 103 35 made
1236 951 109 35 under

128 999 95 41 oath,
240 1010 37 24 as
294 999 34 34 in
344 1000 59 33 the
418 1010 79 24 case
513 1000 119 34 before
648 1011 50 30 us,
715 1010 60 25 are
790 1000 200 35 admissible
1005 1001 80 43 only
1101 1000 53 35 for
1170 1001 173 44 impeach-

128 1054 97 29 ment
245 1059 174 33 purposes.

1275 260 63 34 601

339 1135 65 34 We
422 1134 202 36 considered
643 1135 59 35 the
720 1135 158 44 question
896 1135 40 35 of
951 1147 161 24 unsworn
1131 1136 92 44 prior
1241 1141 104 30 state­

129 1190 113 29 ments
259 1184 103 43 again
379 1185 33 34 in
427 1184 153 36 Roberts
594 1196 31 23 v.
641 1185 114 41 State,
772 1186 66 33 278
856 1185 85 35 Ark.
960 1187 79 40 550,
1057 1186 66 35 648
1141 1186 143 35 S.W.2d
1300 1187 44 33 44

130 1233 140 43 (1983),
283 1234 185 44 rehearing
478 1234 137 41 denied,
628 1235 114 34 where
754 1246 52 23 we
818 1235 79 34 held
909 1235 27 35 it
948 1246 70 24 was
1031 1236 216 43 permissible
1259 1235 52 35 for
1324 1247 21 23 a

129 1289 102 38 party
241 1289 35 29 to
286 1283 159 44 impeach
455 1284 52 34 his
517 1295 76 24 own
603 1285 138 34 witness
752 1284 44 44 by
806 1285 59 34 the
873 1296 62 24 use
944 1285 39 34 of
990 1296 20 23 a
1020 1286 92 43 prior
1122 1285 223 35 inconsistent

129 1333 148 43 hearsay
288 1339 187 29 statement
486 1334 30 34 if
524 1334 60 35 the
595 1335 179 42 probative
783 1335 101 34 value
895 1346 43 23 on
950 1335 60 34 the
1021 1335 91 35 issue
1123 1335 40 34 of
1171 1336 173 44 impeach­

129 1389 96 29 ment
244 1384 190 42 outweighs
453 1384 59 34 the
531 1384 205 44 prejudicial
756 1384 103 35 effect
878 1385 129 43 arising
1027 1385 91 35 from
1137 1385 59 35 the
1215 1386 130 43 danger

129 1433 78 34 that
220 1434 59 33 the
288 1433 81 44 jury
382 1433 67 35 will
462 1434 77 42 give
552 1434 215 35 substantive
780 1434 103 35 effect
896 1440 35 30 to
944 1435 60 34 the
1017 1436 92 43 prior
1123 1435 223 35 inconsistent

129 1488 199 30 statement.

221 1570 176 44 Applying
408 1571 97 35 these
517 1572 91 34 rules
619 1576 37 29 to
667 1571 60 35 the
737 1582 81 24 case
828 1577 37 29 at
876 1572 74 41 bar,
962 1583 52 24 we
1024 1571 72 36 find
1108 1572 77 35 that
1196 1573 60 34 the
1265 1573 80 34 trial

125 1619 110 44 judge
243 1620 172 43 complied
424 1621 82 33 with
516 1621 60 34 the
584 1621 189 43 provisions
782 1621 39 34 of
827 1622 91 34 Rule
927 1622 79 33 613.
1018 1622 90 34 Both
1118 1622 70 34 Ms.
1198 1622 148 35 Tolliver

129 1669 69 34 and
208 1670 61 33 the
278 1670 176 43 appellant
463 1681 90 23 were
562 1670 158 34 afforded
730 1681 45 24 an
784 1671 223 43 opportunity
1016 1676 36 29 to
1062 1671 137 43 explain
1209 1682 38 24 or
1256 1671 90 44 deny

130 1719 70 34 Ms.
216 1718 178 35 Tolliver’s
409 1724 198 36 statement,
623 1719 69 35 and
708 1720 59 34 the
782 1720 176 44 appellant
972 1731 71 24 was
1058 1720 80 35 able
1152 1726 35 30 to
1202 1721 142 35 interro-

129 1774 82 37 gate
227 1769 59 34 the
302 1769 147 35 witness.
467 1769 74 35 The
558 1769 79 35 trial
650 1769 109 44 judge
775 1770 168 44 correctly
959 1771 98 34 ruled
1074 1770 76 36 that
1166 1771 59 35 the
1241 1776 104 30 state-

129 1824 97 30 ment
235 1830 70 23 was
315 1819 199 35 admissible
523 1820 106 43 solely
639 1819 54 36 for
702 1820 258 44 impeachment
969 1831 165 34 purposes
1144 1821 68 35 and
1222 1822 34 34 in
1265 1826 80 30 turn

128 1868 230 35 admonished
373 1869 58 35 the
441 1869 82 44 jury
538 1875 35 30 to
588 1870 80 44 only
683 1870 157 35 consider
855 1871 59 35 the
929 1871 163 35 evidence
1106 1871 35 34 in
1156 1871 76 35 that
1247 1871 97 43 light.

129 1919 97 40 Also,
247 1919 59 34 the
326 1919 79 35 trial
421 1919 108 43 judge
549 1920 157 42 weighed
726 1921 59 34 the
804 1920 204 44 prejudicial
1028 1921 104 34 effect
1151 1932 116 24 versus
1287 1922 60 34 the

128 1968 181 43 probative
332 1969 101 34 value
457 1969 39 34 of
518 1970 60 34 the
602 1974 188 30 statement
815 1970 34 34 in
874 1970 143 43 making
1042 1971 53 34 his
1119 1970 163 41 decision,
1308 1982 38 23 as

128 2017 161 44 required
310 2018 45 43 by
374 2018 161 35 Roberts.

402 2104 31 33 It
451 2103 28 33 is
498 2114 21 23 a
537 2104 141 42 general
697 2104 74 34 rule
789 2104 76 33 that
883 2104 182 43 relevancy
1083 2104 40 33 of
1138 2104 162 35 evidence
1318 2105 27 33 is

128 2151 121 34 within
262 2151 59 34 the
333 2152 79 34 trial
424 2152 127 34 court’s
564 2152 186 35 discretion
763 2152 79 41 and,
856 2153 122 34 absent
991 2164 20 23 a
1024 2153 154 43 showing
1190 2153 40 35 of
1239 2153 107 35 abuse

127 2200 40 35 of
175 2201 78 35 that
264 2200 196 43 discretion,
472 2201 43 36 its
526 2201 153 36 decision
691 2202 68 36 will
771 2202 42 35 be
824 2202 168 36 affirmed.
1004 2202 97 37 Ford
1109 2214 30 24 v.
1150 2204 113 41 State,
1276 2204 68 35 276

128 2252 86 34 Ark.
231 2252 56 40 98,
303 2253 66 33 633
386 2252 143 35 S.W.2d
545 2254 18 33 3
582 2251 138 45 (1982),
736 2252 186 46 rehearing
934 2253 135 35 denied.
1085 2254 66 34 We
1164 2254 88 35 have
1265 2254 81 35 held

128 2301 78 35 that
226 2302 60 34 the
306 2302 131 35 similar
457 2303 157 43 problem
634 2303 39 34 of
691 2303 171 44 weighing
882 2304 59 34 the
961 2304 205 43 prejudicial
1186 2305 104 34 effect
1310 2304 39 35 of

127 2352 213 34 cumulative
359 2351 162 35 evidence
540 2352 137 44 against
697 2353 43 34 its
760 2353 178 43 probative
955 2354 102 34 value
1076 2353 28 35 is
1124 2365 20 23 a
1164 2359 127 29 matter
1310 2354 39 34 of

128 2400 187 44 balancing
326 2401 112 35 which
449 2402 29 34 is
489 2402 179 44 primarily
678 2403 61 34 the
750 2402 157 36 function
917 2402 40 35 of
964 2403 60 35 the
1034 2403 81 35 trial
1122 2403 109 44 judge
1241 2404 35 34 in
1286 2404 61 34 the
