1648 2688
306 429 124 33 money
444 423 35 30 to
493 429 43 24 an
551 419 119 34 attack
683 430 91 33 upon
789 419 146 43 existing
949 419 158 35 unsound
1121 420 212 43 precedents.
1347 420 125 34 Parish
1486 431 30 23 v.

305 470 102 39 Pitts,
428 469 68 34 244
516 469 85 34 Ark.
627 470 99 40 1239,
748 470 67 33 429
836 469 143 34 S.W.2d
1000 470 43 33 45
1067 469 137 43 (1968).

308 280 116 33 293-C

396 533 74 34 The
486 533 97 34 cities
600 533 39 34 of
653 533 183 35 Plainview
854 533 68 35 and
940 534 136 34 Eureka
1094 534 143 44 Springs
1255 539 137 39 request
1409 534 107 35 direc-

305 583 84 35 tives
402 583 106 35 about
520 583 89 35 their
622 583 127 45 special
762 584 165 44 problem.
941 584 96 44 They
1049 595 61 33 say
1122 584 81 44 they
1215 585 88 34 have
1314 595 88 33 gone
1413 596 38 24 so
1463 584 54 36 far

305 633 131 35 toward
448 634 156 43 entering
615 634 72 34 into
699 639 172 30 contracts
883 634 69 35 and
963 635 219 43 committing
1193 635 103 35 funds
1308 635 54 35 for
1373 636 142 43 capital-

304 683 250 43 improvement
566 683 91 34 bond
669 684 107 34 issues
788 684 76 34 that
875 684 81 43 they
968 685 122 33 should
1103 685 42 34 be
1156 685 144 34 allowed
1312 690 35 29 to
1358 685 157 44 proceed,

305 733 69 33 else
384 733 81 42 they
477 733 67 33 will
556 733 107 33 suffer
674 733 177 43 penalties.
864 734 74 33 The
949 734 184 34 Plainview
1144 734 144 43 petition
1300 734 27 34 is
1339 735 177 33 contested

304 781 45 42 by
372 781 142 34 citizens
538 782 77 33 who
638 793 61 31 say
723 782 130 33 related
878 782 171 42 litigation
1074 783 27 33 is
1126 783 34 33 in
1184 793 167 33 progress.
1377 783 138 34 Serious

304 830 174 42 questions
493 830 39 33 of
543 830 73 34 fact
630 841 81 32 may
725 831 86 33 exist
826 841 37 23 or
878 842 81 32 may
973 831 99 34 arise.
1089 832 39 33 In
1143 842 20 23 a
1178 843 77 22 rare
1269 832 163 34 situation
1447 832 26 34 it
1488 832 27 34 is

304 879 148 43 possible
465 879 76 34 that
555 879 58 34 the
626 879 109 43 rights
749 879 39 34 of
798 880 59 33 the
870 880 117 43 public
1000 891 80 32 may
1094 880 87 34 have
1193 880 117 35 vested
1324 886 35 29 to
1373 881 84 34 such
1471 892 44 23 an

304 933 116 29 extent
438 928 76 34 that
532 928 59 34 the
608 928 92 35 bond
719 929 90 34 issue
826 929 101 34 could
947 929 42 34 be
1007 930 172 43 approved
1198 930 44 43 by
1260 941 20 23 a
1299 930 216 44 declaratory

299 977 195 43 judgment.
505 978 94 34 Such
610 989 107 30 cases,
728 979 166 40 however,
904 984 127 29 cannot
1042 979 42 34 be
1094 980 123 43 passed
1227 990 92 33 upon
1329 980 35 34 in
1373 980 59 34 the
1442 981 73 34 first

303 1027 155 34 instance
478 1033 36 29 at
534 1028 59 34 the
613 1028 173 43 appellate
805 1029 95 34 level.

393 1093 33 33 A
439 1092 144 43 petition
596 1092 80 34 filed
689 1092 45 44 by
746 1093 59 34 the
817 1093 106 34 Little
935 1093 99 35 Rock
1047 1094 195 43 Municipal
1256 1095 121 33 Water
1390 1095 124 34 Works

302 1152 123 32 argues
450 1142 76 34 that
549 1153 62 23 our
635 1142 145 43 original
804 1143 138 43 opinion
967 1143 69 35 had
1059 1154 44 24 no
1127 1144 259 35 constitutional
1411 1144 102 42 basis,

302 1191 148 34 because
476 1191 140 35 Section
647 1193 12 33 1
690 1192 39 34 of
751 1193 133 34 Article
914 1194 40 33 16
980 1192 40 35 of
1042 1193 60 34 the
1128 1194 246 41 Constitution,
1402 1194 112 35 which

302 1241 155 43 provides
472 1241 76 35 that
561 1252 43 24 no
618 1247 127 38 county
758 1253 37 23 or
808 1242 240 44 municipality
1061 1243 87 34 shall
1162 1254 77 23 ever
1253 1244 91 34 issue
1356 1244 156 34 interest-

302 1290 142 44 bearing
457 1291 178 35 evidences
649 1291 39 35 of
697 1291 253 43 indebtedness,
964 1303 69 24 was
1046 1293 160 44 repealed
1220 1293 44 44 by
1276 1293 238 35 Amendment

302 1341 55 34 62.
367 1341 75 34 The
450 1341 121 44 theory
580 1342 27 33 is
617 1342 76 34 that
702 1342 236 35 Amendment
952 1344 38 33 13
1001 1343 170 34 amended
1181 1343 140 35 Section
1335 1345 13 33 1
1363 1344 58 34 “to
1429 1344 83 34 read

301 1401 38 23 as
348 1390 166 41 follows,”
524 1391 68 34 and
601 1391 173 35 therefore
782 1392 99 34 when
890 1392 236 35 Amendment
1135 1394 44 33 62
1188 1393 160 43 repealed
1357 1393 154 35 Amend-

301 1445 95 29 ment
421 1441 51 40 13,
493 1440 59 34 the
572 1441 106 34 result
698 1452 69 23 was
788 1447 35 28 to
843 1442 106 34 strike
969 1447 59 29 out
1048 1442 139 34 Section
1212 1444 13 32 1
1250 1454 37 23 as
1308 1443 86 34 well.

390 1504 83 34 This
490 1510 183 37 argument
689 1505 62 34 has
768 1516 43 23 no
827 1506 194 34 substance.
1039 1506 236 35 Amendment
1295 1508 39 33 13
1353 1507 159 44 recopied

300 1553 140 35 Section
456 1555 28 40 1,
497 1554 112 34 which
621 1565 69 24 was
703 1555 79 43 only
794 1566 20 23 a
826 1555 109 43 single
947 1556 206 44 paragraph,
1166 1556 69 34 and
1246 1557 83 34 then
1341 1556 114 35 added
1467 1568 45 24 an

304 1604 254 44 11-paragraph
569 1604 133 44 proviso
712 1604 166 44 detailing
888 1605 76 34 how
974 1605 107 42 cities,
1093 1606 61 34 but
1164 1611 59 29 not
1233 1607 166 41 counties,
1409 1607 103 35 could

299 1653 91 34 issue
402 1654 263 43 tax-supported
678 1654 107 35 bonds
798 1655 54 34 for
864 1666 95 23 some
972 1656 44 34 20
1029 1655 161 35 different
1202 1656 129 44 capital
1343 1657 167 43 improve-

299 1708 123 29 ments.
442 1703 95 34 Thus
557 1703 140 35 Section
721 1706 12 32 1
756 1704 185 34 continued
961 1705 34 34 in
1015 1705 64 34 full
1098 1705 105 41 force,
1223 1706 83 34 with
1326 1717 20 23 a
1366 1707 143 42 proviso.

300 1752 113 34 When
431 1752 236 35 Amendment
686 1754 44 33 62
749 1754 159 43 repealed
927 1754 237 35 Amendment
1187 1757 51 38 13,
1257 1756 177 43 obviously
1452 1756 59 34 the

299 1801 110 35 intent
426 1813 69 23 was
512 1807 35 29 to
564 1803 115 43 repeal
695 1803 80 43 only
790 1803 93 34 what
900 1803 69 35 had
986 1804 87 34 been
1090 1804 113 35 added
1220 1805 45 43 by
1281 1805 59 34 the
1355 1805 154 35 Amend-

299 1857 106 35 ment,
420 1857 59 29 not
493 1852 59 34 the
565 1852 145 43 original
725 1853 150 34 Section.
892 1854 39 33 In
945 1853 83 42 fact,
1043 1854 237 35 Amendment
1294 1856 44 33 62
1352 1856 156 34 contains

298 1901 186 35 substitute
501 1902 187 43 provisions
707 1902 45 44 by
768 1903 112 34 which
898 1903 60 35 the
975 1914 114 33 power
1106 1904 40 34 of
1159 1905 97 34 cities
1274 1910 35 29 to
1327 1905 90 35 issue
1434 1910 74 30 tax-

297 1951 186 43 supported
510 1952 108 34 bonds
644 1952 53 34 for
723 1953 58 34 the
807 1953 141 43 making
974 1953 39 35 of
1035 1954 129 44 capital
1189 1954 266 44 improvements
1481 1955 27 35 is

297 2001 191 43 preserved.
513 2001 34 34 If
566 2002 59 34 the
647 2002 141 34 authors
811 2002 39 35 of
869 2003 237 35 Amendment
1129 2005 44 33 62
1196 2010 117 29 meant
1335 2010 35 29 to
1393 2005 115 44 repeal

297 2050 139 35 Section
452 2052 13 33 1
481 2051 39 34 of
527 2052 133 34 Article
675 2053 52 40 16,
740 2052 81 44 they
832 2053 123 34 should
966 2053 69 34 and
1046 2054 113 34 would
1170 2054 87 34 have
1267 2054 75 34 said
1353 2065 47 24 so.
1414 2055 38 34 In
1464 2066 44 23 no

296 2100 99 34 other
418 2111 75 33 way
516 2101 101 34 could
641 2102 59 34 the
721 2107 112 29 voters
857 2102 87 35 have
967 2103 86 34 been
1077 2108 62 39 put
1162 2114 43 24 on
1229 2104 113 34 notice
1364 2104 76 35 that
1464 2105 44 43 by

297 2149 165 44 adopting
476 2150 236 35 Amendment
727 2152 44 34 62
786 2152 82 43 they
882 2163 89 23 were
984 2152 198 44 destroying
1196 2165 21 22 a
1231 2153 185 44 safeguard
1432 2154 76 35 that

296 2199 69 35 had
386 2200 130 34 existed
537 2200 53 35 for
610 2211 96 24 more
726 2201 84 35 than
831 2212 20 24 a
872 2207 153 39 century.

388 2264 143 44 Finally,
550 2276 19 23 a
587 2265 147 35 number
750 2265 39 35 of
803 2266 59 34 the
878 2266 200 44 petitioners
1096 2268 62 33 ask
1174 2279 39 23 us
1230 2273 35 29 to
1282 2268 149 44 suspend
1449 2269 59 34 the

295 2314 178 43 operation
485 2314 39 35 of
532 2314 59 35 the
603 2315 235 35 Constitution
850 2321 35 29 to
897 2316 99 34 allow
1007 2316 54 35 for
1072 2317 59 34 the
1142 2328 145 33 passage
1298 2317 39 35 of
1345 2318 162 43 enabling

295 2363 193 43 legislation
505 2364 67 34 and
588 2364 59 35 the
662 2365 148 43 possible
825 2365 164 44 adoption
1004 2366 40 34 of
1056 2377 20 24 a
1091 2367 259 34 constitutional
1365 2368 141 34 amend-

295 2418 105 29 ment.
428 2414 87 34 Ever
540 2414 93 34 since
658 2414 173 44 Marbury
855 2426 30 23 v.
912 2415 180 42 Madison,
1123 2418 13 32 1
1166 2417 140 34 Cranch
1335 2419 75 39 137,
1437 2428 69 24 was
