1632 2696
1261 275 44 33 69

128 422 80 34 Ona
230 422 71 34 Lea
323 421 217 34 BONHAM
563 418 161 45 (Bishop)
747 429 28 24 v.
797 418 67 34 ST.
885 418 129 34 PAUL
1035 417 109 34 FIRE
1164 416 105 34 AND

97 472 202 34 MARINE
320 470 290 35 INSURANCE
630 469 247 34 COMPANY
898 467 69 35 and
988 465 314 36 COMMUNITY

305 521 130 34 CARE
455 520 63 34 OF
538 519 200 35 EUREKA
758 517 218 41 SPRINGS,
999 517 97 34 INC.

94 598 131 34 85-216

1011 594 69 33 702
1100 591 143 36 S.W.2d
1267 592 41 34 16

423 671 171 44 Supreme
614 670 111 34 Court
745 669 39 35 of
801 669 179 35 Arkansas

348 721 150 44 Opinion
519 719 173 36 delivered
713 720 154 43 January
888 720 55 40 21,
968 719 88 34 1986

191 1426 196 39 Hamilton,
412 1425 155 43 Mackey
592 1426 32 33 &
648 1424 125 41 Hicks,
796 1424 55 43 by:
877 1423 149 35 Charles
1047 1424 43 33 R.
1114 1422 124 41 Hicks,
1261 1421 54 35 for

100 1476 188 43 appellant.

191 1550 122 44 Epley,
331 1549 112 44 Epley
461 1551 31 33 &
512 1548 233 44 Castleberry,
763 1547 89 42 Ltd.,
869 1548 55 43 by:
941 1549 111 32 Lewis
1066 1549 40 32 E.
1123 1546 123 44 Epley,
1263 1546 53 34 for

100 1600 167 44 appellee.

193 1677 181 34 Darrell
398 1676 198 41 Hickman,
621 1674 142 36 Justice.

787 1674 75 35 The
885 1673 159 45 question
1068 1673 28 35 is
1120 1672 153 35 whether
1296 1683 21 24 a

101 1727 151 44 hospital
274 1726 174 44 currently
469 1725 165 45 operated
657 1725 54 35 for
732 1725 102 44 profit
855 1725 28 34 is
905 1724 105 35 liable
1031 1723 54 35 for
1106 1729 69 29 tort
1196 1723 121 35 claims

102 1777 129 43 arising
242 1777 135 42 against
386 1776 43 35 its
439 1776 188 43 non-profit
636 1775 230 44 predecessor.
876 1774 75 35 The
959 1774 81 34 trial
1048 1779 100 29 court
1156 1773 109 35 found
1273 1784 45 23 no

102 1826 149 43 liability
271 1826 68 34 and
359 1837 51 23 we
429 1836 114 32 agree.

193 1900 76 34 The
287 1900 186 43 appellant,
494 1899 80 34 Ona
594 1899 71 34 Lea
685 1898 169 41 Bonham,
874 1898 122 34 claims
1015 1898 61 33 she
1094 1908 70 23 was
1183 1896 135 43 injured

101 1949 103 34 while
213 1960 21 23 a
245 1949 132 44 patient
386 1953 36 30 at
432 1948 60 35 the
501 1948 138 35 Eureka
649 1948 144 44 Springs
804 1947 196 44 Municipal
1011 1946 161 44 Hospital
1182 1946 35 34 in
1227 1946 91 44 July,

106 2000 100 34 1982.
219 1999 71 35 She
301 1998 84 36 sued
396 1998 59 36 the
466 1998 179 45 hospital’s
656 1998 183 35 insurance
849 1997 139 41 carrier,
1000 1996 51 35 St.
1064 1996 86 35 Paul
1162 1996 77 35 Fire
1250 1995 69 36 and

103 2050 143 35 Marine
262 2049 187 35 Insurance
465 2049 195 44 Company,
678 2048 34 35 in
728 2048 90 44 July,
840 2048 99 35 1984.
956 2047 51 35 St.
1025 2047 86 35 Paul
1127 2046 123 35 moved
1266 2046 53 35 for

103 2111 180 32 summary
294 2099 184 44 judgment
495 2099 149 34 because
659 2098 60 35 the
734 2098 112 44 policy
861 2109 70 23 was
947 2097 177 35 cancelled
1140 2097 35 34 in
1192 2097 126 34 Febru-

103 2161 73 32 ary,
202 2150 99 34 1984.
322 2149 74 34 The
416 2149 80 34 trial
512 2148 109 43 judge
641 2147 146 44 granted
807 2148 59 34 the
886 2147 142 34 motion.

196 2224 159 34 Bonham
380 2222 172 35 amended
577 2223 60 34 the
661 2222 190 44 complaint
875 2227 36 29 to
936 2221 139 34 include
1099 2221 60 34 the
1183 2220 137 34 Eureka

104 2273 145 45 Springs
268 2273 195 44 Municipal
481 2272 162 45 Hospital
661 2283 38 24 as
716 2283 21 24 a
754 2271 258 35 co-defendant.
1031 2270 114 35 When
1162 2270 159 35 Bonham

105 2323 141 36 learned
269 2324 77 34 that
367 2323 59 35 the
448 2322 149 45 hospital
620 2322 70 35 had
712 2322 87 35 been
822 2321 194 45 purchased
1038 2321 46 44 by
1106 2332 21 24 a
1149 2320 172 45 for-profit

105 2375 231 44 corporation,
352 2373 227 45 Community
595 2373 93 35 Care
701 2372 40 36 of
753 2373 137 34 Eureka
906 2372 155 44 Springs,
1078 2372 83 40 Inc.,
1177 2371 145 35 another

106 2425 226 35 amendment
340 2435 70 24 was
419 2424 104 35 made
531 2424 143 43 naming
683 2423 77 35 that
769 2422 219 45 corporation
997 2433 38 24 as
1045 2433 20 24 a
1074 2420 248 36 co-defendant
