1632 2688
312 403 89 34 John
414 404 137 33 Hoover
562 403 68 34 and
641 403 26 34 it
677 403 112 34 would
801 408 59 30 not
871 404 87 34 have
968 404 86 34 been
1065 404 127 35 ethical
1203 404 53 34 for
1267 404 115 34 Green
1393 409 36 29 to
1439 404 87 34 have

312 453 79 34 filed
412 453 84 34 such
517 464 20 23 a
558 453 114 35 claim.

313 263 42 33 28

627 544 58 33 No
707 542 160 44 Original
886 542 46 44 of
943 542 141 35 Bovard
1106 544 104 33 Trust

403 623 65 33 We
479 628 91 35 note,
581 628 68 35 too,
661 623 60 35 the
731 623 148 34 absence
889 623 39 35 of
936 623 59 35 the
1005 623 146 43 original
1162 623 40 34 of
1208 624 60 34 the
1279 623 135 35 Bovard
1425 629 100 36 trust,

311 672 82 34 with
411 683 44 24 no
471 683 81 33 very
569 673 170 43 plausible
756 673 220 43 explanation
995 673 53 35 for
1065 673 43 35 its
1125 673 273 44 disappearance
1398 673 43 44 —
1441 673 83 44 only

311 722 76 34 that
402 722 134 34 Bovard
550 733 77 33 says
642 723 43 34 he
697 733 87 32 gave
797 723 26 34 it
837 728 35 29 to
885 723 81 43 Guy
980 723 115 35 Green
1109 723 69 34 and
1192 723 115 34 Green
1321 724 65 34 lost
1400 724 36 34 it.
1451 724 74 34 The

311 772 125 43 upshot
449 772 27 33 is
488 783 51 23 we
550 783 60 26 are
621 772 62 34 left
695 772 83 34 with
790 783 20 23 a
823 773 194 43 photocopy
1031 772 73 43 (see
1115 773 187 43 appendix)
1317 773 39 34 of
1365 774 59 33 the
1435 778 90 30 most

311 821 141 34 inferior
496 821 136 44 quality
632 821 43 44 —
675 821 23 44 a
744 822 169 42 negative,
958 822 104 35 white
1106 833 44 23 on
1195 823 102 33 black
1341 823 183 43 reproduc-

310 870 75 34 tion
385 870 43 34 —
428 870 116 34 which
555 870 134 35 defeats
702 882 67 32 any
780 871 143 34 reliable
933 871 154 43 scrutiny
1098 871 72 35 into
1181 872 59 34 the
1251 872 226 42 genuineness
1489 872 39 34 of

310 920 59 33 the
389 920 177 42 signature
585 930 38 24 or
643 920 40 34 of
700 920 59 35 the
778 920 187 34 document
985 920 103 35 itself.

577 1007 142 35 Bovard
735 1009 115 33 Never
871 1007 165 35 Claimed
1055 1008 203 44 Ownership

401 1087 229 44 Particularly
648 1088 196 43 persuasive
863 1088 27 34 is
909 1088 59 34 the
986 1088 186 44 testimony
1190 1088 46 44 by
1253 1088 60 35 the
1331 1089 192 44 appellants

310 1137 68 34 and
389 1137 45 43 by
445 1137 139 35 Marvin
595 1137 68 35 and
674 1138 106 34 Orval
792 1138 133 41 Hobbs,
936 1138 76 35 that
1022 1138 134 35 neither
1166 1138 118 35 before
1294 1150 62 23 nor
1366 1139 90 35 after
1465 1139 59 35 the

310 1187 104 34 death
434 1187 39 34 of
488 1187 90 35 John
599 1189 138 33 Hoover
755 1188 59 34 did
833 1188 153 44 Spencer
1005 1188 135 35 Bovard
1159 1200 78 23 ever
1256 1189 164 41 mention,
1440 1201 84 23 even

310 1237 177 43 remotely,
501 1237 136 43 owning
651 1249 20 23 a
686 1243 77 38 part
776 1238 40 34 of
826 1238 59 35 the
898 1238 81 34 land
993 1238 35 35 in
1041 1239 189 34 Arkansas.
1246 1239 32 34 It
1291 1239 27 34 is
1332 1239 190 34 inconceiv-

309 1287 79 34 able
400 1292 35 29 to
448 1298 39 23 us
500 1287 76 34 that
589 1287 43 35 he
644 1287 113 35 would
769 1293 60 29 not
842 1288 87 35 have
940 1288 90 35 done
1042 1299 47 24 so.
1104 1289 93 34 Even
1210 1288 30 35 if
1249 1294 60 29 not
1321 1289 101 34 while
1434 1289 90 34 John

310 1337 138 34 Hoover
471 1348 69 23 was
564 1337 99 41 alive,
687 1337 59 35 the
769 1337 210 45 probability
1001 1338 77 35 that
1101 1338 91 35 after
1216 1339 167 34 Hoover’s
1406 1338 116 42 death,

309 1386 152 44 Spencer
474 1387 145 41 Bovard,
631 1387 115 35 whose
757 1387 142 35 interest
910 1399 70 23 was
991 1388 196 44 dependent
1198 1399 44 23 on
1254 1399 44 24 an
1309 1388 214 35 unrecorded

309 1436 212 35 declaration
537 1437 39 34 of
587 1442 89 30 trust
691 1437 134 43 subject
840 1443 35 29 to
891 1438 102 43 being
1008 1437 162 35 defeated
1185 1443 37 30 at
1237 1449 68 33 any
1319 1438 85 35 time
1419 1439 45 43 by
1479 1450 44 23 an

309 1486 161 35 innocent
495 1487 197 43 purchaser,
718 1487 113 34 would
857 1493 59 31 not
941 1488 87 34 have
1052 1488 75 34 said
1152 1488 196 44 something
1373 1493 35 30 to
1433 1489 90 34 John

309 1536 166 34 Hoover’s
486 1536 80 35 wife
577 1536 68 35 and
655 1537 171 43 daughter
837 1543 37 31 at
884 1548 20 24 a
915 1537 124 35 decent
1049 1538 145 34 interval
1205 1538 90 34 after
1306 1538 59 35 the
1375 1538 147 41 funeral,

309 1585 27 34 is
365 1586 237 34 unthinkable.
633 1587 87 34 Mrs.
751 1587 131 34 Deleon
912 1587 148 34 testified
1089 1587 77 35 that
1194 1588 26 34 it
1248 1599 70 23 was
1347 1593 59 29 not
1434 1588 88 34 until

308 1635 200 34 November
529 1635 38 34 of
590 1636 98 40 1949,
711 1636 118 43 nearly
850 1641 67 29 two
938 1647 99 32 years
1058 1637 91 34 after
1170 1637 59 34 the
1249 1637 105 34 death
1375 1637 39 34 of
1432 1638 89 33 John

309 1685 148 39 Hoover,
481 1684 77 34 that
581 1684 61 34 she
664 1685 74 34 first
761 1685 140 34 learned
924 1685 40 34 of
983 1685 59 35 the
1066 1686 135 34 Bovard
1224 1691 99 36 trust,
1347 1686 69 34 and
1439 1687 82 34 then

308 1733 172 43 evidently
511 1734 45 43 by
587 1734 141 35 chance.
761 1735 77 33 Nor
868 1734 82 35 does
983 1735 152 43 Spencer
1167 1735 134 35 Bovard
1333 1735 89 44 deny
1453 1736 68 34 this

307 1783 196 44 testimony.

635 1874 200 41 Testimony
855 1872 46 44 of
912 1874 143 34 Marvin
1074 1873 125 35 Hobbs

399 1952 65 34 We
480 1963 60 23 are
556 1952 189 43 impressed
763 1952 45 44 by
824 1953 59 34 the
899 1953 186 43 testimony
1102 1953 39 34 of
1155 1954 140 34 Marvin
1313 1954 121 34 Hobbs
1451 1954 69 34 and

307 2001 107 34 Orval
435 2001 133 41 Hobbs,
589 2001 115 35 whose
724 2001 126 42 father,
870 2002 121 34 Abner
1012 2003 132 40 Hobbs,
1166 2003 116 34 mined
1302 2003 75 34 coal
1397 2014 44 23 on
1462 2004 59 34 the

306 2051 264 34 Northwestern
583 2051 98 35 lands
695 2051 91 35 from
803 2053 87 33 1936
904 2057 35 29 to
956 2053 99 34 1951.
1070 2053 70 34 Mr.
1154 2052 122 35 Hobbs
1289 2052 69 37 had
1371 2053 115 35 leased
1499 2064 21 24 a

306 2101 75 33 coal
392 2101 93 34 mine
493 2100 91 35 from
593 2101 90 35 John
694 2102 148 34 Hoover.
853 2102 141 35 Marion
1005 2102 133 41 Hobbs,
1148 2114 45 23 an
1201 2103 111 41 uncle,
1322 2103 73 34 also
1404 2103 116 35 leased

306 2161 20 23 a
344 2150 93 34 mine
453 2150 91 35 from
562 2152 148 34 Hoover.
729 2152 140 34 Marvin
888 2152 122 35 Hobbs
1027 2152 148 34 testified
1192 2152 76 35 that
1284 2153 44 34 he
1344 2153 69 34 had
1430 2153 90 34 lived

306 2211 83 23 near
398 2201 60 34 the
466 2206 161 38 property
637 2201 45 34 all
692 2201 52 34 his
755 2201 69 41 life,
835 2201 69 35 had
913 2201 138 35 worked
1061 2202 34 34 in
1104 2202 59 34 the
1172 2203 75 34 coal
1256 2203 109 34 mines
1374 2203 83 34 with
1466 2203 53 34 his

306 2250 125 41 father,
445 2251 76 34 that
532 2250 53 35 his
597 2250 116 37 father
724 2262 102 24 never
837 2251 194 35 conducted
1043 2263 68 32 any
1123 2252 154 35 business
1289 2253 230 43 negotiations

305 2300 208 43 concerning
529 2300 59 34 the
603 2301 76 34 coal
695 2301 92 34 lease
801 2301 83 34 with
900 2312 135 33 anyone
1049 2302 99 34 other
1163 2302 85 34 than
1263 2302 90 34 John
1369 2303 149 34 Hoover.

306 2350 56 33 He
374 2349 75 35 said
462 2350 44 34 he
518 2361 69 23 saw
601 2350 152 44 Spencer
767 2350 134 35 Bovard
914 2351 83 35 with
1010 2351 90 35 John
1113 2352 138 35 Hoover
1263 2352 130 34 several
1406 2352 113 41 times,

305 2399 77 35 that
395 2401 138 34 Hoover
545 2400 152 35 referred
710 2405 36 30 to
759 2400 135 35 Bovard
907 2412 38 25 as
957 2412 20 24 a
990 2401 113 35 friend
1115 2401 76 35 that
1204 2401 92 44 “just
1308 2412 100 24 came
1419 2402 101 34 down
