1643 2700
304 418 222 35 transaction.
540 418 74 35 The
624 423 128 40 county
763 418 165 44 planning
940 418 186 35 ordinance
1138 418 72 36 also
1221 418 152 45 requires
1385 419 77 35 that
1473 429 44 24 no

303 473 189 30 structures
508 468 42 35 be
565 468 87 36 built
667 469 35 34 in
717 469 59 34 the
790 468 197 45 floodplain.
1005 468 35 35 If
1051 468 59 35 the
1124 469 225 35 chancellor’s
1364 469 152 35 decision

303 518 70 35 had
395 519 87 34 been
504 523 36 30 to
561 518 126 44 permit
709 519 179 34 rescission
911 519 149 34 because
1081 519 39 34 of
1139 519 59 34 the
1219 519 139 43 parties’
1381 519 79 34 lack
1481 519 40 34 of

303 568 201 43 knowledge
526 568 40 34 of
585 569 97 33 these
705 569 111 39 items,
841 580 51 23 we
914 568 113 34 would
1050 568 88 34 have
1160 568 69 34 had
1253 568 119 35 before
1394 580 40 22 us
1458 568 59 34 the

302 617 158 44 question
471 617 153 35 whether
635 617 59 35 the
704 618 148 34 mistake
862 628 70 24 was
943 628 65 24 one
1018 617 39 35 of
1064 617 66 35 law
1140 617 117 35 rather
1268 618 84 34 than
1363 617 73 35 fact
1447 617 69 35 and

303 667 80 34 thus
394 667 147 44 perhaps
551 666 252 36 irremediable.
815 669 69 33 But
893 678 59 23 see
963 667 164 43 Glasgow
1135 679 30 23 v.
1178 667 207 44 Greenfield,
1398 668 20 34 9
1429 667 85 35 Ark.

302 718 91 42 App.
416 717 78 40 224,
516 718 67 33 657
605 716 143 36 S.W.2d
770 718 65 33 578
859 717 137 43 (1983).

305 279 45 33 40

487 800 115 36 While
612 800 59 35 the
680 801 196 35 chancellor
886 801 171 35 mentions
1067 801 98 35 these
1174 800 112 43 items,
1297 800 52 36 his
1360 801 92 35 basis
1462 800 54 36 for

302 851 179 34 rescission
495 862 70 23 was
579 851 59 35 the
651 851 135 35 mutual
801 851 78 35 lack
892 851 39 34 of
942 851 201 43 knowledge
1156 851 106 35 about
1276 852 59 34 the
1349 856 116 30 extent
1479 851 39 35 of

301 901 60 33 the
386 900 161 43 flooding,
573 900 69 35 and
668 900 340 44 misunderstanding
1033 900 39 34 of
1094 901 59 34 the
1178 901 192 43 suitability
1395 901 39 34 of
1456 901 58 34 the

302 955 172 37 property,
486 960 37 23 as
535 960 20 23 a
566 954 128 30 matter
704 950 40 34 of
751 949 83 41 fact,
846 950 54 34 for
911 950 59 34 the
981 950 136 42 buyer’s
1127 961 165 32 purposes
1303 950 112 34 which
1426 961 89 23 were

301 999 123 33 known
442 1003 35 29 to
494 998 83 34 both
594 999 139 43 parties.
752 999 65 33 We
833 999 132 34 sustain
982 999 52 34 his
1051 999 132 42 finding
1200 999 76 34 that
1293 999 97 34 there
1406 1010 70 23 was
1493 1010 20 23 a

301 1047 136 34 mutual
447 1047 148 34 mistake
605 1047 40 34 of
653 1047 83 35 fact.
748 1048 33 34 A
791 1048 136 34 mutual
938 1048 149 34 mistake
1096 1048 40 34 of
1144 1048 73 34 fact
1227 1059 38 23 as
1276 1053 36 29 to
1323 1059 20 23 a
1354 1048 160 35 material

301 1097 149 34 element
474 1096 40 34 of
535 1107 20 24 a
580 1101 156 30 contract
761 1096 27 34 is
813 1108 45 23 an
883 1097 221 44 appropriate
1128 1097 91 35 basis
1244 1097 54 35 for
1322 1097 190 35 rescission.

305 1146 143 35 Troxell
467 1157 30 23 v.
520 1145 203 44 Sandusky,
747 1147 67 34 247
837 1146 85 35 Ark.
947 1148 78 40 898,
1048 1147 67 34 448
1140 1147 143 34 S.W.2d
1306 1148 42 33 28
1375 1146 138 44 (1969);

300 1195 167 43 Blythe v.
481 1196 128 43 Coney,
622 1197 66 33 228
700 1196 85 35 Ark.
799 1197 79 40 824,
892 1197 67 34 310
970 1196 144 35 S.W.2d
1125 1198 67 33 485
1208 1196 137 43 (1958).
1356 1197 96 34 Thus
1462 1208 52 23 we

300 1245 114 34 affirm
433 1256 44 24 on
497 1246 245 43 cross-appeal.

684 1337 30 34 2.
736 1338 179 43 Damages
927 1336 65 44 for
1009 1337 122 34 Fraud

530 1419 74 35 The
622 1419 197 36 chancellor
838 1420 139 35 refused
996 1425 35 30 to
1051 1420 100 35 allow
1170 1420 60 35 the
1249 1421 176 44 appellant
1445 1431 68 33 any

299 1469 166 43 damages
480 1469 53 34 for
549 1470 59 34 the
622 1469 68 35 loss
704 1470 62 34 she
780 1470 178 35 sustained
972 1470 83 35 with
1070 1475 135 40 respect
1219 1476 37 29 to
1269 1471 61 34 the
1344 1471 168 44 improve­

299 1524 112 29 ments
427 1519 61 35 she
504 1519 68 35 had
588 1519 122 45 placed
726 1520 35 34 in
776 1520 59 34 the
851 1520 197 44 floodplain.
1066 1521 56 34 He
1137 1520 108 35 found
1261 1521 59 35 the
1336 1521 176 44 appellant

299 1568 69 35 had
383 1569 103 35 made
501 1580 44 23 an
560 1568 232 45 independent
807 1570 241 43 investigation
1064 1570 39 34 of
1115 1571 59 34 the
1189 1571 198 44 propensity
1401 1571 40 34 of
1453 1571 58 34 the

299 1624 161 38 property
480 1623 36 29 to
535 1619 144 34 become
698 1619 135 35 flooded
854 1619 68 35 and
942 1620 70 34 had
1032 1620 227 41 ascertained,
1281 1621 229 43 erroneously,

298 1668 77 34 that
389 1668 59 34 the
462 1674 161 38 property
637 1679 70 24 was
721 1674 60 29 not
795 1669 35 34 in
845 1670 59 34 the
917 1669 197 44 floodplain.
1130 1669 106 41 Thus,
1251 1670 35 34 in
1300 1670 89 43 spite
1402 1670 40 34 of
1453 1670 58 34 the

298 1717 89 43 legal
397 1717 86 45 duty
492 1728 44 24 on
546 1718 59 34 the
614 1723 78 39 part
701 1718 40 35 of
747 1718 59 35 the
816 1718 171 44 appellees
997 1724 36 29 to
1042 1719 59 34 tell
1112 1719 59 35 the
1180 1720 176 43 appellant
1366 1720 76 34 that
1451 1720 59 34 the

299 1766 81 35 land
407 1778 69 24 was
503 1767 35 34 in
565 1768 59 34 the
649 1768 197 44 floodplain,
874 1768 68 35 and
969 1769 93 34 what
1088 1769 112 43 might
1225 1769 88 35 have
1339 1769 86 35 been
1452 1769 59 35 the

298 1816 169 35 resultant
481 1817 231 35 constructive
726 1817 102 35 fraud
843 1828 93 34 upon
951 1818 126 35 failure
1091 1823 36 29 to
1142 1818 127 35 inform
1284 1819 71 40 her,
1371 1819 44 34 he
1429 1819 80 34 held

297 1866 77 34 that
395 1866 103 35 fraud
520 1878 81 32 may
622 1872 60 29 not
704 1867 43 35 be
767 1867 59 34 the
847 1867 92 35 basis
961 1868 40 34 of
1019 1879 20 23 a
1061 1867 165 43 damages
1248 1868 117 35 award
1386 1869 123 34 absent

298 1915 150 35 reliance
473 1926 43 24 on
543 1916 59 35 the
627 1916 350 45 misrepresentation.
1006 1918 65 34 For
1097 1918 59 34 the
1181 1928 96 24 same
1302 1929 122 24 reason
1450 1918 59 35 the

296 1966 197 34 chancellor
515 1965 138 36 refused
677 1971 35 30 to
736 1967 82 34 base
841 1967 52 35 his
916 1966 152 36 decision
1091 1978 44 24 on
1158 1978 68 33 any
1248 1968 134 43 alleged
1405 1968 103 35 fraud

296 2015 167 44 resulting
481 2015 91 35 from
590 2016 60 34 the
667 2016 183 44 appellees’
871 2016 125 35 failure
1013 2022 36 30 to
1067 2017 60 34 tell
1145 2018 59 34 the
1222 2017 176 45 appellant
1414 2017 95 35 what

296 2065 82 43 they
387 2076 81 33 may
477 2065 87 35 have
573 2066 123 34 known
706 2066 107 35 about
822 2066 59 35 the
890 2066 110 35 land’s
1010 2068 198 43 propensity
1216 2072 35 29 to
1261 2067 101 35 flood.
1373 2069 56 33 He
1437 2078 71 24 was

296 2120 142 30 correct.
450 2116 57 34 An
519 2115 160 35 essential
690 2116 149 35 element
850 2116 39 35 of
897 2127 44 23 an
952 2117 115 34 action
1078 2116 54 35 for
1142 2117 111 35 deceit
1264 2118 28 34 is
1302 2117 150 35 reliance
1462 2117 46 44 by

295 2165 60 34 the
366 2165 153 43 plaintiff
528 2176 44 24 on
583 2166 60 34 the
654 2165 218 36 defendant’s
885 2166 348 45 misrepresentation.
1246 2168 103 34 MFA
1361 2167 148 35 Mutual

295 2217 189 33 Insurance
495 2215 60 35 Co.
565 2227 31 23 v.
605 2215 130 42 Keller,
746 2217 68 33 274
823 2217 85 34 Ark.
920 2217 156 41 281,
1087 2217 36 34 623
1127 2217 103 34 S.W.2d
1241 2218 62 34 841
1319 2216 137 45 (1981).
1468 2218 39 34 In

294 2265 85 34 view
388 2264 40 35 of
434 2265 60 35 the
503 2270 117 39 strong
630 2265 172 42 evidence,
813 2266 177 44 including
1000 2267 61 34 her
1070 2277 76 24 own
1156 2267 195 44 testimony,
1362 2267 76 35 that
1448 2267 60 35 the

295 2314 177 44 appellant
493 2315 103 35 made
616 2315 61 35 her
698 2326 75 24 own
795 2316 241 43 investigation
1058 2327 37 24 as
1116 2322 36 29 to
1172 2317 153 35 whether
1346 2318 59 34 the
1425 2317 83 35 land

295 2364 146 41 flooded,
452 2365 59 34 the
521 2370 117 29 extent
648 2370 35 29 to
693 2365 112 35 which
816 2376 20 24 a
847 2366 102 34 creek
958 2366 148 43 running
1116 2367 149 42 through
1276 2367 59 34 the
1345 2367 81 34 land
1436 2378 71 23 was

294 2413 35 35 in
345 2413 59 35 the
419 2413 186 44 floodplain
621 2414 68 35 and
705 2415 59 34 the
779 2414 188 45 feasibility
982 2415 40 35 of
1034 2415 159 44 bridging
1208 2416 59 34 the
1282 2417 102 34 creek
1399 2417 109 34 above
