1649 2693
302 270 67 34 266

392 412 155 35 Robert
576 412 44 34 H.
650 412 170 41 Dudley,
850 412 141 40 Justice,

1020 411 215 44 concurring:
1265 412 74 34 The
1367 412 90 35 issue
1485 412 28 34 is

301 462 153 34 whether
468 462 59 35 the
542 461 171 45 chancery
727 467 98 30 court
840 461 69 35 had
920 462 229 43 jurisdiction.
1166 462 223 35 Jurisdiction
1404 463 39 34 of
1454 462 59 34 the

300 517 98 29 court
415 512 40 34 of
469 511 117 45 equity
603 512 34 34 in
655 523 20 23 a
692 512 95 44 quiet
804 512 76 35 title
896 512 115 34 action
1028 523 65 24 can
1110 512 80 43 only
1208 512 43 34 be
1267 512 145 35 invoked
1430 513 45 42 by
1492 523 20 24 a

300 561 154 43 plaintiff
475 562 34 34 in
533 562 201 43 possession.
759 561 152 35 Ralston
932 573 31 23 v.
987 564 149 39 Powers,
1161 562 67 34 269
1253 563 85 34 Ark.
1364 563 54 40 63,
1445 563 65 33 598

300 610 143 35 S.W.2d
454 612 69 34 410
536 610 137 44 (1980).
685 611 196 35 Possession
892 617 93 29 must
996 612 43 34 be
1049 611 146 44 pleaded
1207 611 148 35 because
1365 612 146 44 equity’s

295 660 219 43 jurisdiction
530 660 27 35 is
571 661 111 34 tested
698 661 44 44 by
756 661 59 35 the
830 661 203 43 allegations
1047 661 40 34 of
1098 662 59 34 the
1170 662 200 43 complaint.
1384 662 129 42 Scrog­

299 712 77 41 gins
398 722 31 23 v.
454 712 135 39 Bowen,
615 711 67 34 249
707 711 84 34 Ark.
820 712 100 39 1155,
945 711 69 34 464
1038 710 143 35 S.W.2d
1205 712 44 33 79
1276 711 137 43 (1971).
1438 711 75 34 The

300 759 230 43 determining
554 759 90 35 issue
668 760 34 34 in
726 760 67 34 this
817 770 80 24 case
920 760 28 34 is
972 760 153 34 whether
1149 760 192 43 appellants
1365 760 146 44 pleaded

299 809 202 43 possession.
517 809 97 43 They
629 808 59 35 did
704 814 59 29 not
778 809 101 44 plead
895 810 202 42 possession.
1113 809 97 43 They
1225 810 156 43 pleaded,
1399 810 112 34 “Peti­

299 857 127 34 tioners
440 869 59 23 are
513 857 167 35 residents
694 858 39 34 of
744 858 68 34 and
826 858 82 34 land
921 869 131 23 owners
1067 859 34 33 in
1116 859 230 42 Washington
1360 859 150 43 County,

298 907 213 34 Arkansas.”
529 906 75 34 The
620 907 186 43 allegation
824 907 39 34 of
877 907 178 44 residency
1072 908 35 34 in
1124 907 59 35 the
1200 913 127 38 county
1344 908 28 34 is
1390 914 59 29 not
1467 919 44 23 an

298 955 186 43 allegation
499 955 39 35 of
550 956 190 43 possession
755 956 39 35 of
805 956 59 35 the
878 956 81 34 land
974 957 34 34 in
1023 957 146 43 dispute.
1186 957 74 34 The
1274 957 186 43 allegation
1475 957 39 34 of

298 1005 82 34 land
392 1005 192 44 ownership
597 1005 34 35 in
643 1006 59 34 the
714 1012 127 38 county
854 1006 28 34 is
894 1011 61 29 not
966 1017 45 24 an
1023 1006 187 44 allegation
1222 1006 39 35 of
1271 1007 192 44 possession
1474 1006 39 35 of

298 1055 59 34 the
376 1055 81 35 land
476 1061 36 29 at
531 1055 100 35 issue.
651 1056 195 35 Possession
866 1056 124 45 simply
1009 1056 27 35 is
1056 1062 59 29 not
1134 1056 156 45 pleaded.
1310 1057 199 41 Therefore,

298 1105 118 44 equity
435 1105 82 35 does
538 1110 59 29 not
617 1105 87 35 have
719 1105 229 44 jurisdiction.

447 1382 158 35 Leonard
626 1383 256 35 HAYWOOD
904 1394 28 23 v.
954 1384 152 34 STATE
1126 1383 39 35 of
1182 1384 178 35 Arkansas

298 1458 65 35 CR
384 1460 130 34 85-130

1188 1461 68 33 704
1277 1460 143 35 S.W.2d
1444 1461 63 35 168

624 1535 170 44 Supreme
814 1535 110 35 Court
944 1535 39 35 of
1000 1537 179 34 Arkansas

536 1584 152 44 Opinion
708 1584 171 36 delivered
901 1585 176 44 February
1098 1587 55 39 24,
1179 1587 87 33 1986
