1656 2688
427 396 76 34 that
527 395 59 35 the
610 394 146 43 existing
780 393 294 44 constitutionally
1098 392 139 35 created
1261 396 115 30 courts
1401 390 111 36 would

428 445 110 34 retain
570 444 89 35 their
692 443 199 35 traditional
920 442 229 43 jurisdiction.
1183 442 184 42 Chancery
1398 446 115 29 courts

427 493 113 35 would
560 493 110 35 retain
690 493 139 42 general
845 491 218 44 jurisdiction
1083 502 79 23 over
1182 491 60 33 the
1261 500 139 33 persons
1422 489 90 43 (cus-

427 542 98 44 tody)
540 542 68 35 and
621 547 160 38 property
793 541 39 35 of
842 541 139 39 minors;
995 540 144 44 probate
1150 545 116 29 courts
1277 538 113 35 would
1403 538 110 34 retain

427 592 139 43 general
575 591 218 43 jurisdiction
805 601 80 24 over
897 589 264 44 guardianships
1173 588 40 35 of
1221 589 60 33 the
1293 598 139 34 persons
1445 587 68 35 and

427 646 127 31 estates
574 640 39 35 of
630 641 128 34 minors
778 639 69 35 and
867 639 40 35 of
923 639 193 44 adoptions;
1136 638 101 34 while
1256 637 123 35 circuit
1399 642 114 32 courts

427 691 113 35 would
558 690 110 36 retain
686 690 77 35 civil
781 689 69 36 and
867 689 159 35 criminal
1040 688 219 44 jurisdiction
1276 698 80 24 over
1374 687 138 35 minors.

305 256 67 34 330

394 774 74 34 The
486 773 156 35 Juvenile
660 772 110 36 Court
788 771 158 42 Referee,
966 771 166 43 although
1152 776 59 30 not
1229 769 155 36 involved
1403 769 34 35 in
1455 769 58 35 the

305 824 143 44 probate
460 823 216 44 proceeding,
690 822 167 43 correctly
869 821 210 35 understood
1091 821 59 34 the
1162 820 194 44 applicable
1368 820 64 34 law
1445 818 68 36 and

305 873 118 38 found;

427 955 92 34 That
536 959 167 39 pursuant
720 958 35 31 to
772 953 59 35 the
846 964 80 23 case
942 952 40 35 of
994 951 135 36 Robins
1144 963 31 23 v.
1192 951 185 35 Arkansas
1392 950 123 35 Social

426 1005 169 40 Services,
606 1005 66 33 273
683 1003 85 35 Ark.
779 1003 156 40 241, 617
946 1001 143 35 S.W.2d
1100 1002 66 34 857
1178 1000 138 44 (1981),
1326 1000 68 35 this
1404 1000 110 35 Court

427 1053 89 35 finds
528 1053 76 35 that
616 1053 59 37 the
687 1052 156 36 Juvenile
855 1052 110 34 Court
977 1051 39 36 of
1025 1051 176 38 Ouachita
1214 1051 150 43 County,
1377 1050 135 35 Arkan­

428 1114 54 23 sas
495 1103 127 34 retains
635 1107 205 30 concurrent
847 1101 219 44 jurisdiction
1078 1101 82 35 with
1172 1101 60 36 the
1243 1100 149 35 Probate
1404 1100 109 34 Court

428 1152 39 37 of
474 1152 138 34 Pulaski
624 1152 149 43 County,
785 1152 188 33 Arkansas.
985 1151 91 34 That
1087 1150 157 43 Dorothy
1255 1149 258 37 Ross-Lawhon

428 1201 62 35 has
502 1212 100 34 every
613 1201 92 43 right
716 1205 35 30 to
762 1200 146 44 proceed
919 1200 83 34 with
1014 1210 20 25 a
1046 1199 143 44 petition
1201 1198 53 35 for
1266 1198 247 43 guardianship

428 1250 34 34 in
487 1250 59 34 the
570 1250 148 34 Probate
742 1249 121 40 Court;
889 1249 166 40 however,
1080 1248 59 36 the
1163 1248 156 34 Juvenile
1343 1247 110 34 Court
1477 1247 40 34 of

428 1299 175 35 Ouachita
614 1299 150 43 County,
774 1299 189 41 Arkansas,
974 1298 128 34 retains
1108 1297 218 43 jurisdiction
1337 1302 35 29 to
1381 1301 131 39 tempo­

427 1349 105 43 rarily
553 1359 81 24 care
656 1348 53 36 for
731 1348 178 43 neglected
932 1358 38 24 or
991 1347 197 44 dependant
1210 1346 155 36 children
1387 1345 68 36 and
1478 1351 35 30 to

427 1399 201 41 determine,
646 1398 101 35 while
763 1398 74 35 said
853 1397 93 35 child
963 1397 27 36 is
1006 1396 201 39 considered
1224 1402 36 29 to
1276 1396 43 35 be
1335 1395 178 44 neglected

427 1449 69 35 and
510 1448 205 45 dependent,
730 1448 92 36 what
836 1448 27 35 is
878 1448 75 35 best
967 1447 53 36 for
1033 1447 75 35 said
1121 1447 122 35 child’s
1257 1457 91 31 care,
1362 1445 150 42 welfare,

428 1499 123 44 safety,
572 1499 129 41 health,
722 1498 68 36 and
811 1498 193 35 education.

304 1581 74 35 The
401 1581 148 37 Probate
571 1581 110 34 Court
703 1580 69 35 had
790 1580 219 43 jurisdiction
1032 1584 35 30 to
1089 1579 192 35 determine
1303 1578 153 36 whether
1478 1583 35 30 to

305 1631 141 44 appoint
466 1642 20 23 a
506 1630 169 43 guardian
695 1630 40 35 of
752 1630 58 34 the
830 1640 122 33 person
972 1629 69 35 and
1061 1629 40 35 of
1117 1629 60 35 the
1196 1634 120 29 estate.

394 1711 205 44 Appellants
614 1716 81 29 next
708 1710 149 36 contend
871 1711 77 35 that
962 1721 83 24 even
1060 1710 30 34 if
1101 1710 59 35 the
1174 1710 145 44 probate
1332 1714 98 29 court
1445 1709 68 34 had

300 1761 229 43 jurisdiction,
548 1761 26 34 it
592 1760 190 45 proceeded
800 1766 36 28 to
853 1760 79 35 trial
950 1760 35 34 in
1003 1771 44 23 an
1065 1770 184 24 erroneous
1267 1769 154 26 manner.
1440 1758 74 35 The

304 1816 183 38 argument
507 1811 27 34 is
555 1810 227 36 meritorious,

534 1891 91 35 Over
636 1891 203 44 appellants’
850 1890 184 43 objection,
1044 1889 162 35 evidence
1216 1890 34 33 in
1260 1889 59 34 the
1328 1889 184 43 guardian­

304 1941 76 44 ship
394 1951 80 24 case
487 1951 70 24 was
572 1940 68 36 had
655 1940 45 45 by
714 1940 119 43 taking
844 1939 145 44 judicial
1004 1939 113 35 notice
1131 1939 39 34 of
1181 1939 59 35 the
1250 1939 151 43 juvenile
1415 1943 98 30 court

304 1990 216 44 proceeding.
533 1991 38 33 In
582 1989 166 41 addition,
759 1989 59 35 the
827 1989 193 44 appellants
1030 1999 90 25 were
1129 1994 60 29 not
1198 1987 144 36 allowed
1352 1993 35 29 to
1397 1993 62 38 put
1468 1998 44 24 on

304 2039 161 35 evidence
476 2039 34 35 in
521 2039 193 44 opposition
725 2044 35 30 to
771 2038 155 45 appellee
937 2038 102 43 being
1050 2037 187 46 appointed
1247 2036 179 45 guardian.
1438 2037 74 35 The

304 2089 188 44 procedure
509 2100 70 23 was
596 2099 194 24 erroneous.
809 2088 127 35 Courts
953 2087 45 36 do
1015 2093 59 30 not
1091 2088 81 34 take
1185 2087 145 44 judicial
1347 2087 113 35 notice
1476 2086 40 35 of

304 2139 91 44 prior
415 2139 170 43 litigation
605 2138 34 35 in
659 2138 98 35 other
775 2149 108 29 cases,
904 2149 83 23 even
1007 2137 155 35 between
1181 2137 59 35 the
1259 2148 96 24 same
1373 2136 137 45 parties.

304 2190 88 42 May
412 2200 30 23 v.
464 2187 182 42 Edwards,
669 2189 66 35 258
758 2188 85 34 Ark.
866 2188 79 40 871,
969 2188 66 33 529
1057 2186 143 35 S.W.2d
1222 2187 67 34 647
1313 2185 137 44 (1975).
1473 2186 39 34 In

304 2238 166 41 addition,
483 2237 101 45 proof
594 2242 92 30 must
698 2237 43 35 be
752 2237 104 35 taken
868 2237 35 34 in
915 2237 145 44 probate
1071 2241 98 30 court
1181 2236 119 35 before
1311 2247 20 24 a
1343 2235 169 44 guardian

303 2299 65 23 can
378 2288 43 34 be
430 2287 196 44 appointed.
636 2287 85 35 Ark.
731 2287 89 35 Stat.
831 2288 92 33 Ann.
935 2286 42 43 §§
989 2287 293 40 57-614, 57-615,
1292 2285 69 35 and
1371 2286 140 34 57-607.

303 2337 75 35 The
392 2337 192 44 appellants
599 2348 89 24 were
703 2336 142 37 entitled
860 2342 36 29 to
910 2341 62 40 put
986 2347 44 24 on
1045 2335 162 36 evidence
1221 2336 35 34 in
1270 2335 192 45 opposition
1477 2340 36 30 to

304 2387 155 46 appellee
468 2387 102 43 being
581 2387 186 45 appointed
777 2386 180 44 guardian.
969 2386 74 35 The
1052 2385 115 36 denial
1177 2385 40 36 of
1224 2386 59 35 the
1292 2385 221 45 opportunity
