1668 2692
301 407 192 43 legitimate
506 407 218 43 expectation
738 406 38 35 of
787 406 139 44 privacy
940 406 34 34 in
988 406 59 34 the
1060 405 137 35 records
1211 405 39 35 of
1261 405 59 34 the
1333 405 181 43 telephone

300 468 181 33 company.
505 458 97 42 They
625 456 131 35 offered
779 467 44 24 no
846 456 162 34 evidence
1030 456 211 34 whatsoever
1264 466 44 23 on
1330 455 59 35 the
1411 455 100 34 issue.

302 508 154 34 Because
470 507 38 34 of
520 507 89 34 their
624 506 125 35 failure
763 511 35 30 to
812 506 87 34 offer
914 517 67 32 any
996 506 102 43 proof
1109 516 44 24 on
1167 506 59 34 the
1241 506 100 40 issue,
1357 516 51 23 we
1422 510 92 30 must

302 568 148 29 assume,
477 556 52 35 for
554 567 164 33 purposes
744 556 39 35 of
804 567 62 23 our
892 556 133 40 review,
1051 556 76 34 that
1153 555 198 44 petitioners
1377 554 68 35 had
1471 566 43 23 no

302 608 190 42 legitimate
510 607 217 44 expectation
745 607 38 34 of
798 606 139 45 privacy
954 606 34 34 in
1006 606 59 35 the
1082 606 182 44 telephone
1281 605 147 35 records.
1446 606 68 34 See

300 658 119 35 Smith
429 669 30 23 v.
472 657 203 44 Maryland,
687 658 68 33 442
766 657 83 35 U.S.
862 658 66 33 735
943 656 137 44 (1979).
1092 656 74 35 The
1176 656 172 45 appellees
1358 656 87 34 have
1456 661 58 29 not

301 709 117 33 shown
437 708 75 34 that
530 708 89 34 their
636 719 75 23 own
730 707 258 35 constitutional
1006 707 109 43 rights
1133 717 89 24 were
1237 706 149 35 violated
1404 706 34 34 in
1456 707 59 34 the

301 757 167 35 unlawful
497 758 142 40 seizure,
668 757 69 34 and
765 758 59 33 the
851 757 166 42 resulting
1045 756 162 35 evidence
1234 756 123 35 should
1385 761 59 29 not
1472 756 42 34 be

302 807 214 44 suppressed.
536 806 244 43 Accordingly,
799 817 51 23 we
868 817 134 23 reverse
1019 806 69 34 and
1107 806 143 35 remand
1268 806 83 34 with
1369 806 145 34 instruc-

301 857 89 34 tions
411 862 35 28 to
466 856 91 43 deny
576 856 59 34 the
655 856 130 34 motion
806 861 35 29 to
861 866 171 33 suppress.

302 269 66 33 566

393 922 183 35 Reversed.

393 989 159 39 Purtle,
573 988 42 40 J.,
637 993 59 29 not
716 988 256 43 participating.

456 1176 120 35 Vickie
597 1177 133 34 Lorene
750 1176 136 35 ROCK
906 1187 27 23 v.
956 1176 152 34 STATE
1128 1175 39 34 of
1184 1176 178 34 Arkansas

303 1247 64 35 CR
390 1248 128 34 85-215

1219 1247 66 33 708
1307 1245 143 35 S.W.2d
1471 1247 42 33 78

631 1318 170 44 Supreme
821 1318 110 34 Court
951 1317 39 35 of
1007 1318 179 34 Arkansas

582 1368 151 44 Opinion
754 1368 171 35 delivered
945 1367 100 45 April
1067 1369 55 40 21,
1148 1368 87 34 1986

588 1417 192 40 [Rehearing
799 1417 113 32 denied
931 1418 80 39 May
1030 1418 50 37 27,
1103 1417 125 39 1986.*]

370 2413 13 15 *
401 2412 91 30 Purtle,
507 2414 31 28 J.,
555 2416 42 22 not
612 2412 185 32 participating.
