1648 2688
300 259 68 33 300

478 398 126 34 Steven
626 398 106 34 Mark
753 398 99 34 COX
874 409 27 23 v.
924 398 152 34 STATE
1095 397 39 35 of
1151 397 177 34 Arkansas

300 476 65 34 CR
386 477 129 33 85-200

1236 475 65 33 705
1324 473 142 35 S.W.2d
1491 475 12 33 1

626 552 170 43 Supreme
816 552 110 34 Court
946 552 39 34 of
1002 552 178 33 Arkansas

574 601 151 44 Opinion
746 601 171 34 delivered
939 601 126 34 March
1087 602 31 39 3,
1144 601 87 33 1986

386 1763 198 43 Appellant,
602 1773 67 33 pro
688 1773 47 24 se.

385 1840 104 33 Steve
506 1839 120 41 Clark,
644 1840 99 43 Att’y
759 1840 100 40 Gen.,
878 1839 54 44 by:
950 1839 81 35 Joel
1048 1840 38 34 O.
1105 1841 172 43 Huggins,
1294 1841 93 33 Asst.
1405 1840 99 43 Att’y

295 1889 100 40 Gen.,
417 1889 53 34 for
490 1889 164 43 appellee.

386 1966 154 33 Robert
552 1967 45 32 H.
612 1966 169 40 Dudley,
795 1966 141 33 Justice.

950 1966 74 34 The
1036 1966 72 34 sole
1119 1966 90 34 issue
1221 1966 154 34 involved
1388 1966 34 34 in
1435 1966 68 34 this

295 2025 79 23 case
385 2014 27 34 is
425 2015 152 33 whether
589 2015 175 43 appellant
776 2014 123 35 should
911 2015 131 34 receive
1053 2015 110 34 credit
1174 2015 53 34 for
1234 2015 63 43 jail
1309 2015 84 34 time
1404 2020 99 38 spent

295 2064 34 34 in
345 2064 111 34 Texas
474 2063 90 35 from
581 2065 89 33 June
687 2065 55 40 28,
764 2065 88 34 1984
868 2065 88 34 until
973 2065 128 34 March
1119 2066 54 39 31,
1195 2065 98 34 1985.
1310 2065 74 34 The
1400 2065 103 34 lower

294 2118 98 29 court
413 2113 137 35 refused
570 2119 35 29 to
625 2114 100 34 allow
745 2114 84 34 such
849 2114 120 35 credit.
991 2115 65 33 We
1076 2114 122 35 affirm.

385 2190 56 35 On
469 2191 199 34 November
697 2192 54 40 28,
784 2192 99 40 1983,
913 2191 186 44 appellant,
1128 2191 125 35 Steven
1283 2192 106 34 Mark
1417 2192 85 40 Cox,

294 2240 145 43 pleaded
451 2240 110 43 guilty
572 2245 36 30 to
620 2241 143 43 charges
776 2240 39 35 of
824 2241 191 43 possession
1027 2241 39 34 of
1075 2241 141 34 cocaine
1227 2241 68 34 and
1307 2241 196 43 marijuana

294 2290 82 34 with
392 2290 110 34 intent
519 2295 35 29 to
569 2290 138 35 deliver.
725 2291 56 34 He
797 2301 69 24 was
883 2290 184 35 sentenced
1083 2296 36 29 to
1135 2302 20 23 a
1172 2296 88 29 term
1277 2291 39 34 of
1328 2302 101 23 seven
1447 2290 53 43 (7)

294 2350 98 33 years
406 2340 82 34 with
502 2345 67 29 two
585 2339 53 44 (2)
654 2351 98 33 years
766 2340 204 44 suspended.
986 2342 55 33 He
1054 2351 70 24 was
1137 2340 99 44 given
1250 2340 109 35 credit
1372 2340 53 35 for
1439 2341 65 34 five

296 2389 53 43 (5)
369 2389 84 44 days
468 2389 63 43 jail
548 2390 85 34 time
650 2390 69 34 and
736 2401 69 23 was
823 2390 144 35 ordered
985 2395 35 30 to
1038 2390 181 35 surrender
1237 2401 44 23 on
1298 2391 154 43 January
1471 2392 31 39 3,
