1624 2688
296 433 89 34 John
398 433 160 34 Norman
572 433 185 41 Warnock,
772 433 61 34 has
847 432 79 35 filed
940 444 20 23 a
974 433 131 34 motion
1119 432 53 35 for
1185 432 74 35 rule
1272 443 43 24 on
1329 432 59 35 the
1400 432 103 35 clerk.

296 483 64 35 His
374 488 158 39 attorney
546 483 126 35 admits
686 483 76 35 that
775 483 59 35 the
847 483 119 35 record
980 494 69 23 was
1063 482 164 35 tendered
1240 483 70 34 late
1323 482 68 35 due
1404 488 35 29 to
1453 483 51 35 his

295 533 274 35 miscalculation
582 533 39 35 of
629 533 59 35 the
700 533 202 44 ninety-day
915 533 88 35 limit
1015 533 53 34 for
1080 533 95 43 filing
1187 533 59 34 the
1258 533 120 34 record
1390 533 34 34 in
1437 533 68 35 this

296 584 119 33 Court.
436 584 68 34 See
524 584 84 33 Ark.
630 584 42 34 R.
694 584 90 43 App.
806 584 36 33 P.
865 582 89 43 5(a).

300 294 62 32 118

479 664 64 33 We
570 663 70 34 find
667 663 76 34 that
770 663 84 34 such
882 673 103 30 error,
1014 662 205 43 admittedly
1245 662 103 35 made
1375 662 45 43 by
1446 662 59 35 the

295 717 158 38 attorney
473 712 53 34 for
547 723 20 23 a
587 712 158 34 criminal
766 712 200 40 defendant,
988 712 27 34 is
1036 712 88 43 good
1145 723 103 23 cause
1269 717 35 29 to
1324 717 101 37 grant
1446 712 59 34 the

295 761 140 34 motion.
451 762 69 33 See
535 772 59 32 per
609 762 133 33 curiam
758 761 104 34 dated
879 761 175 43 February
1071 762 31 40 5,
1123 762 98 39 1979,
1238 762 66 33 265
1322 761 84 35 Ark.
1424 762 79 39 964;

299 812 104 41 Terry
422 822 30 22 v.
472 811 113 40 State,
607 811 67 33 272
694 811 85 33 Ark.
802 811 65 33 243
892 810 136 42 (1981).

384 890 33 33 A
427 900 87 33 copy
523 889 38 34 of
568 889 67 35 this
645 890 138 43 opinion
793 890 68 34 will
871 890 43 33 be
923 889 193 35 forwarded
1126 895 35 29 to
1171 890 58 34 the
1239 890 212 34 Committee
1459 900 44 24 on

294 938 229 35 Professional
544 939 171 34 Conduct.

384 1018 148 34 Purtle
553 1019 42 39 J.,
616 1023 59 29 not
695 1018 255 43 participating.

533 1302 131 34 Robert
684 1302 101 34 ORR
806 1313 27 23 v.
856 1302 152 34 STATE
1027 1302 40 34 of
1083 1303 178 34 Arkansas

293 1381 65 34 CR
379 1382 128 33 85-145

1181 1383 66 33 703
1270 1382 142 34 S.W.2d
1433 1383 66 34 438

619 1461 169 43 Supreme
808 1461 110 34 Court
938 1461 39 35 of
993 1462 179 34 Arkansas

543 1510 151 44 Opinion
715 1511 170 34 delivered
907 1511 175 43 February
1103 1513 31 38 3,
1160 1512 87 33 1986
