1640 2696
92 412 40 35 of
139 413 60 34 the
210 412 253 35 misdemeanor
473 412 194 35 conviction
678 413 112 33 which
801 412 101 35 could
913 418 60 29 not
984 412 87 35 have
1082 412 86 34 been
1179 412 83 34 used
1274 412 34 34 in

93 473 93 24 cross
205 462 197 43 examining
420 463 72 33 him
510 463 62 34 has
591 462 229 35 nevertheless
838 462 87 34 been
943 462 152 43 unfairly
1112 461 144 35 allowed
1273 467 36 29 to

93 523 100 23 come
213 512 34 34 in
268 512 149 43 through
438 512 145 34 another
603 523 131 23 means.

1243 271 59 34 191

187 598 90 34 Rule
287 598 124 43 609(a)
424 603 150 39 protects
584 609 45 23 an
639 598 148 34 accused
797 608 122 33 person
930 598 91 34 from
1030 608 93 24 cross
1133 598 175 34 examina-

93 648 72 34 tion
178 648 83 34 with
274 653 132 38 respect
417 653 35 29 to
464 648 112 34 minor
587 647 135 35 crimes.
735 648 74 34 The
820 647 158 44 advisory
989 648 229 34 committee’s
1230 652 80 29 note

94 696 196 44 pertaining
306 702 35 29 to
355 697 59 34 the
429 696 131 35 federal
575 697 74 34 rule
664 696 39 35 of
714 697 112 34 which
841 707 62 24 our
918 697 74 34 rule
1006 696 28 35 is
1049 708 45 23 an
1109 702 99 29 exact
1223 707 86 33 copy

94 746 141 44 pointed
247 752 61 29 out
320 746 67 35 this
399 746 185 35 limitation
597 757 70 23 was
679 746 35 34 in
726 746 124 35 accord
862 746 82 35 with
956 746 59 35 the
1027 751 98 38 great
1136 746 127 43 weight
1273 746 40 34 of

94 796 178 44 authority
301 796 111 35 which
442 796 186 44 permitted
657 796 257 44 impeachment
943 807 44 24 on
1017 796 59 35 the
1105 796 91 35 basis
1225 796 39 34 of
1289 807 20 23 a

94 847 160 34 criminal
273 846 119 35 record
409 847 79 43 only
506 847 45 43 by
569 846 177 35 reference
763 851 35 30 to
815 846 143 35 felonies
976 857 38 23 or
1031 846 139 44 specific
1186 846 124 35 crimes

95 896 173 44 involving
281 896 198 44 dishonesty
492 907 38 24 or
544 896 88 35 false
645 901 187 30 statement
845 896 192 44 regardless
1050 896 39 35 of
1099 896 59 35 the
1171 896 139 44 punish-

95 952 107 29 ment.
223 947 42 34 56
285 947 127 34 F.R.D.
435 947 63 34 183
517 952 37 29 at
571 948 79 33 270.
668 947 92 34 That
777 947 185 34 limitation
980 947 62 34 has
1060 947 147 44 perhaps
1224 946 87 35 been

95 996 147 35 deemed
254 997 220 44 appropriate
485 997 34 34 in
530 997 78 34 that
619 997 27 34 it
657 1002 150 39 protects
818 1008 44 23 an
874 997 148 34 accused
1034 996 91 35 from
1137 997 173 44 impeach-

96 1052 96 29 ment
213 1046 106 35 based
340 1058 54 30 on,
415 1047 53 34 for
488 1047 170 44 example,
675 1047 152 43 juvenile
846 1047 149 34 offenses
1015 1052 59 30 not
1095 1047 34 34 in
1150 1058 67 33 any
1236 1058 76 32 way

96 1097 180 43 probative
296 1096 39 35 of
352 1097 51 34 his
422 1097 164 44 veracity.

281 1183 75 35 The
374 1183 139 44 policies
532 1183 129 35 behind
679 1183 75 35 rule
771 1182 125 44 405(a)
917 1194 70 30 are,
1007 1183 167 41 however,
1193 1183 118 34 distin­

97 1233 182 43 guishable
292 1233 90 34 from
394 1233 98 34 those
504 1233 206 43 underlying
722 1233 74 34 rule
809 1233 137 43 609(a).
960 1233 75 35 The
1047 1244 148 33 purpose
1206 1233 39 34 of
1254 1233 59 34 the

97 1293 93 23 cross
206 1282 234 35 examination
455 1282 39 35 of
506 1294 20 23 a
542 1283 181 34 character
738 1283 136 34 witness
889 1283 83 34 with
987 1288 134 39 respect
1136 1288 35 29 to
1186 1294 20 23 a
1221 1283 92 43 prior

97 1332 132 34 offense
253 1332 26 34 is
303 1337 35 29 to
360 1332 171 35 ascertain
554 1332 60 35 the
636 1332 148 35 witness’
808 1332 201 43 knowledge
1030 1332 40 35 of
1090 1332 89 35 facts
1201 1333 112 34 which

97 1381 124 35 should
243 1382 87 34 have
351 1392 94 24 some
465 1382 144 43 bearing
630 1393 44 23 on
695 1382 60 34 the
775 1382 176 35 accused’s
973 1382 207 44 reputation.
1203 1382 34 34 If
1255 1383 59 34 the

97 1431 138 34 witness
245 1431 81 35 does
337 1437 58 29 not
404 1432 99 34 know
512 1432 77 34 that
598 1443 45 23 an
652 1432 148 34 accused
809 1443 70 24 was
888 1432 194 44 previously
1090 1432 178 35 convicted
1277 1432 40 34 of

98 1492 20 23 a
134 1481 119 41 crime,
270 1481 59 35 the
344 1481 148 35 witness’
509 1481 196 44 credibility
720 1482 134 34 suffers.
872 1481 34 35 If
919 1482 44 34 he
978 1482 117 34 knows
1112 1482 26 34 it
1154 1482 62 35 but
1231 1482 82 35 then

97 1531 197 43 disregards
316 1531 25 35 it
362 1532 34 34 in
417 1531 151 44 forming
588 1532 53 34 his
661 1532 140 44 opinion
821 1532 39 34 of
876 1532 60 34 the
956 1532 159 41 accused,
1137 1532 76 35 that
1233 1543 81 33 may

98 1581 228 43 legitimately
350 1592 43 32 go
415 1586 36 30 to
474 1582 59 34 the
556 1582 127 43 weight
706 1587 36 29 to
765 1582 43 34 be
830 1582 99 42 given
952 1582 60 34 the
1035 1582 139 44 opinion
1197 1581 39 35 of
1256 1582 59 34 the

97 1630 150 34 witness.
266 1631 75 34 The
358 1631 148 43 limiting
525 1631 216 41 instruction,
760 1631 84 34 such
862 1642 37 23 as
917 1632 60 34 the
994 1642 65 24 one
1076 1632 100 42 given
1194 1632 35 33 in
1246 1632 68 33 this

98 1690 91 30 case,
204 1679 118 35 assists
336 1680 59 34 the
405 1680 80 44 jury
499 1681 35 33 in
548 1681 138 43 placing
700 1681 60 34 the
773 1681 185 43 testimony
972 1681 35 34 in
1021 1681 44 34 its
1079 1691 123 33 proper
1215 1681 97 43 light.

101 1729 129 35 United
241 1731 122 33 States
376 1741 30 23 v.
424 1731 139 40 Gosser,
580 1731 67 34 339
664 1730 85 35 F.2d
768 1731 64 34 102
849 1730 78 43 (6th
942 1730 72 35 Cir.
1035 1730 118 43 1964);
1166 1731 103 34 State
1282 1742 30 23 v.

97 1780 167 41 Samson,
277 1781 66 34 388
356 1780 92 35 A.2d
460 1781 44 34 60
518 1780 90 43 (Me.
626 1780 118 43 1978);
756 1781 128 34 Annot.
897 1781 43 34 47
953 1781 100 34 ALR
1064 1780 45 35 2d
1125 1779 99 43 1258,
1238 1781 17 43 §
1273 1780 41 35 14

100 1829 140 43 (1956),
254 1830 68 34 and
336 1831 86 34 later
435 1841 79 24 case
527 1831 129 34 service
671 1830 123 45 (Supp.
813 1830 116 43 1985).
942 1831 69 34 See
1024 1831 79 34 also
1114 1831 200 34 Michelson

98 1891 30 23 v.
146 1881 38 33 U.
200 1880 51 40 S.,
267 1881 66 33 335
349 1880 83 35 U.S.
447 1881 68 33 469
533 1880 138 43 (1948);
685 1880 103 35 State
799 1892 31 23 v.
844 1880 170 42 Johnson,
1031 1882 67 33 389
1113 1881 57 34 So.
1187 1881 44 34 2d
1247 1882 66 33 372

101 1929 78 42 (La.
199 1929 116 43 1980).
332 1929 53 44 Cf.
399 1930 103 34 State
513 1941 30 23 v.
557 1930 171 41 Johnson,
742 1931 40 33 41
799 1930 92 35 N.C.
905 1931 92 43 App.
1012 1931 80 40 423,
1107 1932 66 33 255
1188 1930 126 35 S.E.2d

99 1979 67 34 275
189 1978 139 43 (1979);
347 1980 101 34 State
465 1991 30 23 v.
518 1979 172 42 Casados,
714 1981 62 33 193
797 1980 91 34 Neb.
909 1981 56 40 28,
985 1981 67 33 225
1072 1980 155 35 N.W.2d
1247 1981 66 34 267

101 2028 138 43 (1975).

285 2115 66 34 We
373 2125 59 24 are
454 2120 60 29 not
537 2114 194 44 persuaded
754 2115 45 43 by
822 2115 59 34 the
903 2115 206 44 appellant’s
1133 2120 183 38 argument

99 2164 113 34 which
232 2164 99 34 when
351 2164 169 35 extended
540 2165 114 34 would
673 2164 149 35 contend
841 2165 87 41 that,
949 2165 219 43 analogizing
1188 2170 35 29 to
1243 2165 74 34 rule

100 2213 140 43 609(a),
262 2225 51 23 we
333 2214 123 35 should
477 2214 126 44 permit
624 2225 21 24 a
665 2215 181 34 character
867 2215 137 34 witness
1026 2220 36 29 to
1082 2215 44 34 be
1146 2225 92 24 cross
1260 2226 55 23 ex­

99 2263 141 35 amined
251 2264 107 34 about
368 2275 20 23 a
399 2264 91 44 prior
501 2264 116 44 felony
627 2265 193 34 conviction
830 2264 40 35 of
877 2275 44 24 an
932 2264 148 35 accused
1091 2265 62 34 but
1163 2270 60 29 not
1233 2275 37 24 as
1280 2270 36 29 to

100 2324 20 23 a
148 2313 93 44 prior
269 2313 254 35 misdemeanor
551 2314 204 35 conviction.
785 2315 50 43 By
862 2314 198 45 presenting
1088 2325 20 24 a
1136 2314 180 35 character

99 2363 139 35 witness
260 2374 45 24 an
326 2363 147 35 accused
494 2374 106 34 opens
620 2364 60 34 the
701 2364 84 34 door
805 2364 112 35 which
938 2364 114 35 would
1073 2364 181 35 otherwise
1274 2364 43 34 be

100 2413 126 34 closed.
242 2413 34 34 If
285 2413 44 34 he
340 2419 109 29 wants
462 2425 40 23 us
514 2419 36 29 to
562 2414 100 34 know
674 2414 94 34 what
780 2414 52 34 his
844 2414 197 44 reputation
1054 2414 39 41 is,
1106 2425 52 23 we
1169 2419 93 29 must
1274 2414 43 34 be
