1632 2696
1268 278 63 33 159

213 1402 158 40 Guthrie,
397 1402 178 40 Burbank,
601 1403 147 35 Dodson
775 1405 31 33 &
832 1403 216 41 McDonald,
1074 1404 56 43 by:
1155 1404 116 34 David
1293 1405 40 33 E.

121 1452 160 41 Guthrie,
303 1452 53 35 for
377 1453 186 43 appellant.

212 1532 73 35 Bill
303 1534 32 33 J.
357 1535 118 39 Davis,
496 1533 55 35 for
571 1533 166 45 appellee.

213 1614 155 34 Robert
383 1615 45 33 H.
445 1614 171 41 Dudley,
632 1614 142 35 Justice.

791 1614 56 35 On
862 1614 80 44 July
961 1615 52 40 18,
1033 1615 100 40 1984,
1149 1615 187 43 appellant,

122 1663 122 43 Bobby
256 1664 63 33 Joe
331 1663 163 42 Johnson,
507 1675 70 23 was
589 1664 153 43 charged
754 1664 82 35 with
848 1675 20 23 a
881 1664 126 44 felony.
1022 1664 65 35 His
1099 1664 93 35 bond
1203 1676 70 23 was
1285 1670 51 29 set

121 1717 37 30 at
173 1713 245 41 $100,000.00.
434 1713 189 44 Appellant
638 1714 183 35 contacted
836 1725 20 24 a
872 1714 88 34 local
975 1714 222 35 commercial
1212 1714 123 35 bonds-

121 1773 94 30 man,
230 1763 63 34 but
306 1763 44 34 he
363 1774 69 23 was
445 1763 128 35 unable
586 1769 36 29 to
635 1764 98 34 write
746 1775 20 23 a
780 1763 91 35 bond
885 1764 35 34 in
934 1775 117 24 excess
1065 1764 39 35 of
1115 1765 220 40 $25,000.00.

120 1812 76 34 The
214 1813 222 34 commercial
456 1812 194 35 bondsman
670 1812 152 36 referred
841 1814 177 43 appellant
1037 1819 37 29 to
1092 1814 60 34 the
1170 1814 165 44 appellee,

122 1862 133 34 Robert
267 1862 119 41 Hicks,
397 1862 77 34 who
485 1862 127 43 agreed
623 1868 36 29 to
670 1868 76 39 post
757 1863 59 34 the
826 1863 92 34 bond
929 1863 53 35 for
994 1874 20 24 a
1026 1863 55 35 fee
1091 1863 39 35 of
1139 1864 196 41 $6,800.00.

121 1911 190 44 Appellant
332 1912 80 44 paid
432 1912 59 35 the
511 1912 66 42 fee,
599 1912 68 35 and
688 1913 155 44 appellee
863 1913 121 44 posted
1004 1913 60 35 the
1083 1913 102 35 bond.

213 1992 266 45 Subsequently,
498 2004 45 24 on
562 1993 206 44 September
791 1996 51 39 17,
866 1995 100 40 1984,
986 1995 187 43 appellant,
1193 2006 20 24 a
1232 1995 103 41 felon,

121 2053 70 23 was
212 2042 154 34 arrested
386 2053 44 23 on
450 2043 59 34 the
530 2043 116 43 felony
666 2043 129 43 charge
814 2044 39 33 of
870 2044 102 42 being
993 2044 35 34 in
1048 2044 191 43 possession
1260 2044 39 34 of
1316 2055 20 23 a

121 2101 155 33 weapon,
288 2102 20 23 a
322 2093 76 32 .357
411 2102 168 32 magnum
589 2092 113 43 pistol,
715 2092 68 34 and
794 2092 54 34 for
858 2092 134 43 driving
1003 2093 101 33 while
1114 2093 221 34 intoxicated.

122 2139 116 34 While
254 2140 175 43 appellant
445 2151 70 24 was
531 2140 238 35 incarcerated
785 2151 44 24 on
845 2141 59 34 the
919 2152 75 23 new
1010 2141 155 43 charges,
1182 2142 155 43 appellee

121 2189 228 35 surrendered
361 2189 72 35 him
444 2200 43 24 on
499 2190 59 35 the
569 2190 146 43 original
727 2190 92 35 bond
830 2190 69 35 and
910 2191 107 35 asked
1028 2196 36 30 to
1075 2191 43 35 be
1129 2191 208 35 exonerated

121 2239 70 34 and
211 2239 205 44 discharged
437 2239 91 36 from
548 2240 59 35 the
627 2240 103 35 bond.

213 2320 190 44 Appellant
412 2320 103 35 made
526 2332 20 23 a
556 2320 132 36 motion
699 2321 34 34 in
744 2321 59 35 the
813 2321 158 35 criminal
981 2332 81 24 case
1071 2321 54 35 for
1136 2333 20 24 a
1166 2322 125 35 refund
1301 2322 39 34 of

122 2370 59 35 the
197 2371 187 40 $6,800.00
399 2371 182 44 premium.
597 2371 75 35 The
686 2371 132 35 motion
833 2383 70 24 was
918 2372 205 44 apparently
1138 2372 73 35 oral
1226 2383 38 24 as
1279 2372 59 35 the

122 2421 80 44 only
212 2420 162 45 pleading
384 2421 184 35 contained
578 2421 34 35 in
622 2421 60 35 the
692 2421 120 36 record
822 2422 28 35 is
859 2422 60 35 the
929 2422 235 35 information.
1175 2422 74 35 The
1258 2422 80 35 trial
