1648 2680
314 422 75 34 well
403 421 79 35 filed
496 422 68 34 suit
576 421 136 44 against
727 422 142 43 Massey
882 421 34 35 in
929 432 44 24 an
987 426 148 39 attempt
1148 426 35 29 to
1196 421 122 34 collect
1331 421 59 34 the
1402 431 124 33 money

314 472 96 35 owed
428 477 36 29 to
482 472 105 35 them.
608 473 102 33 Dews
728 483 69 23 was
816 471 150 44 brought
984 471 34 35 in
1037 482 37 24 as
1093 482 20 23 a
1132 476 100 39 party
1250 470 189 36 defendant
1458 470 68 35 and

315 523 101 34 Dews
437 522 81 34 then
539 521 258 35 cross-claimed
818 522 137 43 against
975 522 45 34 all
1041 521 39 35 of
1097 521 59 35 the
1175 521 208 44 companies.

315 284 66 32 536

404 603 75 33 The
487 602 196 34 chancellor
693 601 107 35 found
810 601 76 35 that
896 602 143 43 Massey
1047 601 59 34 did
1115 606 60 29 not
1184 612 129 33 appear
1322 601 68 34 and
1399 600 127 35 defend

314 652 68 34 and
400 663 70 23 was
487 651 173 35 therefore
678 652 34 34 in
729 651 145 41 default,
892 651 69 35 and
978 651 77 35 that
1073 652 143 43 Massey
1232 651 69 34 and
1319 652 101 33 Dews
1438 662 89 23 were

310 701 125 43 jointly
461 701 68 34 and
555 701 165 44 severally
746 701 104 34 liable
875 701 53 34 for
953 701 59 34 the
1037 701 209 43 companies’
1272 701 131 34 claims.
1431 701 95 34 Each

314 761 171 33 company
516 762 69 23 was
617 750 161 35 awarded
809 761 20 24 a
860 761 125 32 money
1012 750 195 43 judgment,
1239 749 53 35 for
1323 761 20 23 a
1374 750 86 34 total
1490 749 40 35 of

315 801 233 39 $519,397.60
563 800 75 43 plus
653 800 151 34 interest.
820 800 38 34 In
873 799 166 41 addition,
1053 800 46 34 all
1113 800 63 34 but
1188 810 66 24 one
1266 799 39 34 of
1315 800 60 34 the
1387 810 138 33 compa-

315 850 71 33 nies
397 860 89 23 were
496 849 144 34 allowed
650 854 172 38 statutory
831 849 85 34 liens
927 849 136 43 against
1073 849 59 34 the
1142 849 174 34 leasehold
1327 854 120 35 estate,
1458 849 68 34 and

315 899 45 34 all
374 899 184 34 claimants
571 909 89 24 were
673 898 146 43 granted
833 898 240 41 constructive,
1088 898 175 44 equitable
1276 898 85 34 liens
1375 908 92 34 upon
1481 898 45 34 all

315 948 103 34 funds
433 948 79 34 held
527 948 44 43 by
585 959 68 32 any
666 948 187 44 purchaser
867 948 39 34 of
917 948 59 34 the
989 948 45 34 oil
1048 958 38 24 or
1100 958 61 32 gas
1175 947 175 44 produced
1364 947 91 34 from
1469 948 58 34 the

314 998 86 33 well.

405 1077 201 34 Numerous
618 1077 107 34 issues
737 1087 59 24 are
808 1076 112 35 raised
932 1086 44 24 on
989 1076 123 43 appeal
1124 1075 69 35 and
1204 1087 44 23 on
1261 1087 20 23 a
1293 1076 233 43 cross-appeal

315 1126 79 34 filed
421 1127 45 43 by
491 1137 65 23 one
580 1126 40 34 of
642 1126 59 35 the
725 1126 209 44 companies.
960 1126 75 34 The
1059 1126 197 34 chancellor
1281 1125 106 35 based
1414 1126 112 34 Dews’

315 1176 147 43 liability
482 1176 53 34 for
555 1176 59 34 the
634 1187 124 32 money
778 1175 96 35 owed
894 1186 44 24 on
958 1175 78 35 four
1056 1175 204 35 alternative
1279 1175 161 44 grounds.
1462 1176 65 34 We

315 1236 103 33 agree
426 1226 83 34 with
519 1237 65 23 one
592 1226 40 34 of
638 1226 59 34 the
706 1236 149 31 reasons,
866 1225 183 42 therefore,
1060 1225 59 35 the
1127 1226 196 34 chancellor
1332 1225 28 35 is
1370 1225 157 35 affirmed

315 1287 37 23 as
373 1281 35 29 to
429 1276 59 34 the
508 1287 124 32 money
648 1276 195 43 judgment.

687 1365 26 34 I.
737 1364 423 44 QUASI-CONTRACT

407 1445 39 33 In
464 1444 141 43 holding
623 1444 102 34 Dews
743 1444 104 34 liable
864 1443 109 35 under
991 1454 20 24 a
1029 1443 273 44 quasi-contract
1319 1443 132 43 theory,
1469 1443 60 34 the

315 1494 195 34 chancellor
529 1493 107 35 found
654 1493 77 34 that
748 1493 59 34 the
824 1493 183 34 claimants
1025 1492 164 44 provided
1205 1493 160 34 valuable
1382 1492 145 35 services

315 1543 69 34 and
406 1543 176 34 materials
604 1548 35 29 to
661 1543 59 34 the
741 1543 86 40 well,
850 1542 112 34 which
984 1542 145 34 services
1151 1542 68 34 and
1241 1542 177 35 materials
1439 1553 89 23 were

316 1592 211 44 anticipated
537 1593 45 42 by
591 1593 59 33 the
659 1592 127 44 parties
796 1592 68 35 and
874 1603 89 23 were
972 1603 182 32 necessary
1162 1597 36 29 to
1206 1592 60 34 the
1274 1592 208 44 completion
1492 1592 39 34 of

315 1642 59 34 the
384 1642 86 34 well.
483 1642 103 34 Since
597 1643 102 33 Dews
710 1642 120 34 claims
842 1642 192 43 ownership
1044 1641 40 35 of
1091 1642 59 34 the
1160 1642 76 34 well
1247 1641 45 44 by
1301 1642 112 34 virtue
1422 1641 39 35 of
1469 1641 59 35 the

315 1691 213 43 assignment
539 1691 90 34 from
640 1691 150 43 Crystal,
802 1691 69 34 and
881 1691 63 34 has
955 1691 165 43 accepted
1131 1691 59 34 the
1199 1691 76 34 well
1286 1691 69 34 and
1366 1691 59 34 the
1434 1691 94 34 work

315 1740 197 44 performed
537 1741 45 43 by
606 1741 59 34 the
689 1740 195 41 claimants,
909 1740 59 35 the
992 1745 99 30 court
1115 1740 80 35 held
1220 1741 102 34 Dews
1347 1740 113 35 would
1484 1740 43 34 be

315 1791 153 43 unjustly
487 1790 162 35 enriched
667 1790 30 34 if
712 1790 44 34 he
773 1801 89 24 were
880 1795 60 29 not
958 1790 159 44 required
1135 1795 36 29 to
1189 1800 68 33 pay
1275 1789 53 35 for
1346 1790 59 34 the
1422 1790 103 34 work.

539 1870 312 43 Quasi-contracts,
860 1881 38 23 or
907 1875 174 29 contracts
1090 1869 141 44 implied
1240 1869 35 35 in
1284 1869 77 41 law,
1370 1880 60 24 are
1438 1869 89 43 legal

315 1920 146 41 fictions,
471 1920 139 35 created
621 1920 44 44 by
675 1920 59 35 the
743 1920 65 35 law
818 1925 35 29 to
862 1920 45 34 do
913 1920 136 43 justice.
1060 1920 97 44 They
1166 1919 45 35 do
1220 1924 60 30 not
1290 1924 69 30 rest
1368 1930 91 33 upon
1469 1919 59 35 the

315 1981 137 33 express
468 1981 38 23 or
521 1970 141 44 implied
678 1975 116 30 assent
808 1970 40 34 of
860 1970 59 34 the
934 1970 138 44 parties.
1090 1970 144 41 Rather,
1250 1970 59 34 the
1324 1969 203 44 underlying

315 2020 167 44 principle
494 2020 27 34 is
535 2020 76 34 that
623 2031 65 23 one
701 2030 122 34 person
836 2020 123 34 should
972 2025 60 29 not
1043 2020 155 43 unjustly
1210 2020 118 34 enrich
1341 2019 141 35 himself
1491 2024 37 30 at

315 2070 59 34 the
393 2081 147 32 expense
557 2070 39 34 of
612 2070 155 34 another.
786 2072 105 32 Dunn
907 2081 31 23 v.
957 2069 159 35 Phoenix
1137 2069 144 44 Village,
1301 2071 82 39 Inc.,
1403 2071 65 33 213
1490 2070 36 34 F.

315 2120 107 43 Supp.
436 2120 67 34 936
517 2119 118 43 (W.D.
647 2120 85 34 Ark.
749 2119 117 43 1963);
879 2120 94 40 Brill,
984 2119 185 34 Arkansas
1179 2121 82 32 Law
1270 2119 46 44 of
1318 2121 177 41 Damages
1508 2119 17 42 §

319 2171 78 32 15-3
426 2169 137 42 (1984).
589 2170 51 33 To
664 2169 71 34 find
760 2169 118 43 unjust
903 2169 226 41 enrichment,
1154 2180 21 23 a
1200 2174 100 38 party
1325 2174 92 29 must
1441 2169 87 34 have

316 2218 154 35 received
489 2219 194 43 something
702 2218 39 35 of
755 2219 111 40 value,
886 2224 36 29 to
939 2218 112 35 which
1070 2219 44 34 he
1131 2229 70 24 was
1220 2223 59 30 not
1298 2218 142 35 entitled
1460 2218 68 35 and

315 2268 112 35 which
444 2268 44 34 he
504 2274 93 29 must
614 2274 139 29 restore.
770 2268 113 35 There
900 2273 93 30 must
1009 2268 73 35 also
1099 2268 43 35 be
1157 2279 96 24 some
1269 2268 175 44 operative
1460 2273 67 36 act,

315 2318 121 41 intent,
447 2329 38 24 or
495 2318 164 35 situation
670 2323 35 30 to
715 2319 103 33 make
827 2318 59 34 the
895 2318 216 35 enrichment
1121 2318 118 43 unjust
1249 2318 68 34 and
1327 2328 200 34 compensa­

316 2368 65 34 ble.
405 2368 94 41 Brill,
521 2379 120 33 supra;
663 2368 195 43 Frigillana
878 2379 30 23 v.
931 2367 206 44 Frigillana,
1160 2368 67 34 266
1250 2368 85 33 Ark.
1358 2368 79 40 296,
1461 2368 67 33 584

315 2417 144 34 S.W.2d
472 2418 43 33 30
528 2417 137 42 (1979).
677 2418 75 33 The
763 2417 91 34 basis
865 2417 54 34 for
930 2428 161 32 recovery
1100 2417 110 34 under
1221 2417 68 34 this
1300 2417 120 43 theory
1431 2417 28 34 is
1470 2416 59 35 the
