1656 2696
1269 267 65 33 355

244 407 81 34 Kim
345 407 154 34 SMITH
521 418 27 24 v.
573 407 180 35 FIGURE
774 408 178 34 WORLD
973 408 130 41 PLUS,
1125 408 97 34 INC.

128 483 126 34 85-291

1018 485 66 33 705
1106 483 142 35 S.W.2d
1269 484 68 34 432

456 558 170 44 Supreme
646 559 111 34 Court
776 559 39 34 of
832 559 178 34 Arkansas

394 608 150 43 Opinion
565 608 172 35 delivered
758 609 126 34 March
909 610 52 39 17,
987 609 87 34 1986

229 1584 71 34 The
319 1584 158 34 Haskins
500 1586 31 32 &
553 1584 201 34 Hendricks
774 1586 81 32 Law
873 1586 107 39 Firm,
1001 1584 54 35 for
1075 1585 185 43 appellant.

224 1659 132 38 House,
391 1658 161 39 Wallace,
581 1658 136 34 Nelson
747 1660 31 32 &
807 1658 131 39 Jewell,
967 1660 95 39 P.A.,
1091 1659 54 43 by:
1174 1659 91 34 Paul
1295 1661 46 32 W.

131 1707 188 43 Stanfield,
341 1707 52 35 for
414 1708 165 43 appellee.

225 1783 154 34 Robert
399 1784 45 33 H.
466 1782 171 42 Dudley,
657 1783 141 35 Justice.

819 1783 199 44 Appellant,
1039 1783 83 35 Kim
1142 1784 125 41 Smith,
1287 1795 57 23 en-

133 1833 97 34 tered
250 1833 72 34 into
342 1844 20 23 a
382 1833 135 34 written
537 1838 158 30 contract
714 1833 82 35 with
815 1834 60 34 the
894 1834 165 43 appellee,
1081 1834 124 43 Figure
1225 1834 119 34 World

134 1883 91 40 Plus,
250 1883 82 40 Inc.,
355 1883 44 43 by
420 1883 112 34 which
555 1883 156 44 appellee
732 1883 126 43 agreed
880 1889 36 29 to
937 1884 103 34 make
1061 1884 43 34 its
1126 1884 118 34 health
1265 1884 80 34 club

134 1932 161 34 facilities
319 1932 169 35 available
509 1932 53 35 for
584 1943 66 24 one
670 1944 93 32 year,
786 1933 68 34 and
876 1933 177 44 appellant
1074 1933 126 43 agreed
1222 1939 35 29 to
1278 1944 67 33 pay

135 1982 128 37 $30.00
275 1982 146 44 initially
433 1982 68 35 and
515 1983 127 37 $10.00
654 1993 60 33 per
726 1983 120 34 month
858 1982 54 35 for
923 1994 66 23 one
1000 1994 92 33 year.
1105 1983 74 34 The
1190 1988 156 30 contract

134 2032 74 35 also
221 2032 164 44 provided
398 2032 53 35 for
465 2044 21 23 a
500 2033 70 34 late
583 2033 128 43 charge
725 2033 34 34 in
773 2032 59 36 the
845 2038 144 30 amount
1002 2033 40 35 of
1053 2034 126 37 $10.00
1193 2033 53 35 for
1260 2033 85 35 each

134 2082 122 35 month
274 2083 35 34 in
326 2083 111 34 which
455 2088 165 39 payment
637 2094 70 24 was
725 2083 79 35 late.
822 2083 75 35 The
914 2083 176 45 appellant
1107 2083 177 35 defaulted
1302 2094 43 24 on

135 2133 80 34 nine
225 2133 40 34 of
272 2133 60 34 the
342 2133 156 44 monthly
508 2139 193 38 payments.
712 2134 75 34 The
797 2134 155 44 appellee
962 2133 80 35 filed
1053 2134 68 34 suit
1132 2134 53 34 for
1197 2135 149 36 $180.00

135 2183 236 44 representing
393 2184 126 37 $90.00
540 2183 69 35 due
629 2183 54 35 for
703 2184 60 34 the
783 2183 160 35 facilities
965 2184 102 43 being
1089 2184 169 34 available
1278 2183 68 35 and

136 2234 128 36 $90.00
277 2233 54 34 for
343 2233 80 35 nine
435 2234 70 34 late
516 2234 155 43 charges.
685 2234 75 34 The
772 2234 176 44 appellant
960 2233 172 35 defended
1144 2234 45 43 by
1202 2234 145 43 arguing

135 2283 78 34 that
221 2283 60 34 the
291 2284 126 36 $90.00
427 2283 34 34 in
471 2284 69 33 late
549 2283 144 43 charges
703 2283 188 35 amounted
900 2289 35 29 to
944 2284 159 34 usurious
1112 2284 151 33 interest.
1273 2284 75 33 The

135 2332 80 34 trial
236 2337 99 29 court
354 2332 145 43 granted
516 2332 185 43 judgment
721 2332 54 34 for
795 2333 161 36 $180.00.
978 2333 66 33 We
1063 2333 123 33 affirm.

361 2407 33 33 A
406 2406 70 34 late
488 2406 127 42 charge
627 2406 112 34 which
753 2406 27 34 is
793 2406 34 34 in
840 2406 59 34 the
911 2411 124 29 nature
1046 2405 40 35 of
1096 2417 20 23 a
1128 2406 140 43 penalty
1280 2406 68 33 will
