1656 2688
420 402 35 29 to
469 397 84 34 such
568 397 142 34 interest
724 396 62 34 has
801 396 86 34 been
902 394 187 45 perfected.
1106 394 265 43 Marketability
1385 393 39 35 of
1434 393 75 34 title

420 447 87 35 shall
525 447 43 35 be
584 446 214 35 determined
816 446 34 34 in
867 445 214 35 accordance
1097 444 83 35 with
1197 444 59 35 the
1272 444 82 34 then
1371 448 138 30 current

421 498 124 44 legally
559 497 203 44 recognized
776 497 70 35 real
860 501 161 40 property
1034 496 65 35 law
1112 495 187 44 governing
1311 495 92 34 titles
1416 499 35 30 to
1464 494 45 35 oil

421 549 68 35 and
502 560 60 33 gas
576 549 151 34 interest.
741 548 74 35 The
827 548 74 35 first
914 547 187 45 purchaser
1113 546 88 35 shall
1214 546 43 35 be
1269 551 138 39 exempt
1419 545 90 35 from

421 600 58 34 the
491 599 187 44 provisions
690 599 39 34 of
737 599 68 34 this
817 598 196 35 subsection
1025 597 69 35 and
1106 597 59 34 the
1176 608 114 23 owner
1301 596 39 35 of
1349 596 58 35 the
1418 596 91 43 right

421 655 35 28 to
470 649 77 34 drill
562 648 68 35 and
645 654 35 28 to
695 648 151 43 produce
859 647 109 35 under
982 658 45 23 an
1041 647 45 34 oil
1101 646 68 34 and
1184 657 61 32 gas
1259 647 92 33 lease
1364 657 38 22 or
1416 646 94 33 force

421 698 138 43 pooling
576 697 100 34 order
694 697 87 34 shall
799 697 43 33 be
859 696 209 34 substituted
1086 696 54 33 for
1157 696 59 33 the
1233 695 74 34 first
1324 695 186 43 purchaser

421 747 133 33 therein
569 746 114 34 where
696 746 59 34 the
769 756 114 23 owner
898 745 68 34 and
981 745 188 43 purchaser
1183 744 87 34 have
1284 743 140 34 entered
1439 743 71 34 into

422 800 260 38 arrangements
703 795 114 34 where
838 795 60 34 the
918 794 164 44 proceeds
1104 805 59 23 are
1184 793 81 44 paid
1286 793 45 43 by
1352 793 59 34 the
1432 803 77 33 pur-

421 846 122 34 chaser
566 850 35 30 to
623 845 59 34 the
704 856 115 23 owner
841 844 77 34 who
941 854 154 24 assumes
1118 843 59 35 the
1200 843 253 44 responsibility
1475 842 39 34 of

422 895 126 44 paying
566 895 59 34 the
643 894 163 44 proceeds
825 899 35 29 to
878 905 140 32 persons
1037 893 126 44 legally
1181 893 143 34 entitled
1342 892 167 35 thereto.”

426 945 88 42 [The
523 949 208 30 assessment
740 944 39 34 of
786 944 59 34 the
854 944 140 43 penalty
1004 943 28 34 is
1042 943 34 34 in
1087 954 20 22 a
1117 948 159 38 separate
1285 942 221 42 subsection.]

297 260 67 32 340

388 1026 74 33 The
476 1025 45 34 oil
537 1025 67 34 and
619 1035 60 32 gas
695 1025 91 33 lease
800 1023 96 35 itself
907 1024 27 34 is
949 1029 60 29 not
1023 1024 34 33 in
1072 1023 172 34 evidence.
1261 1024 168 33 However
1443 1022 26 34 it
1483 1022 27 34 is

298 1075 208 44 undisputed
520 1075 76 34 that
608 1085 61 32 gas
682 1074 203 44 production
899 1084 43 24 on
955 1073 59 35 the
1026 1073 76 34 well
1115 1073 34 34 in
1162 1073 158 43 question
1333 1072 130 34 started
1476 1072 35 34 in

298 1126 94 42 early
420 1126 98 33 1982.
543 1125 32 34 A
599 1124 134 44 portion
756 1123 39 35 of
815 1124 59 34 the
896 1134 61 33 gas
979 1134 70 23 was
1073 1122 74 35 sold
1170 1128 35 29 to
1229 1122 186 35 Columbia
1438 1122 72 34 Gas

297 1175 254 35 Transmission
568 1174 138 35 Service
721 1174 68 35 and
805 1174 99 34 other
920 1173 152 45 portions
1088 1184 89 23 were
1192 1172 74 35 sold
1282 1177 35 30 to
1333 1172 178 35 Arkansas

299 1225 186 35 Louisiana
495 1225 73 34 Gas
577 1224 253 35 Transmission
840 1224 241 44 Corporation.
1094 1222 212 44 (ARKLA).
1318 1223 31 34 It
1358 1222 28 35 is
1395 1222 116 35 undis-

298 1275 106 44 puted
420 1276 76 34 that
511 1275 99 34 TXO
626 1274 161 35 assumed
803 1274 59 35 the
876 1274 189 43 obligation
1082 1278 35 30 to
1132 1284 67 33 pay
1214 1273 162 43 royalties
1391 1283 43 24 on
1450 1283 61 32 gas

299 1325 203 44 production
523 1330 35 29 to
578 1325 60 34 the
658 1325 102 34 bank.

389 1406 110 34 Arkla
519 1406 112 43 began
651 1406 119 42 taking
790 1405 178 34 deliveries
987 1404 40 35 of
1043 1415 61 32 gas
1124 1404 91 34 from
1234 1404 128 34 TXO’s
1382 1403 75 34 well
1477 1403 34 34 in

300 1457 98 42 May,
427 1457 99 39 1982,
552 1455 167 43 although
744 1455 26 34 it
794 1465 102 24 never
920 1454 162 43 formally
1106 1453 167 35 executed
1298 1464 20 23 a
1342 1453 170 44 purchase

299 1511 200 37 agreement
523 1505 87 34 until
634 1504 119 35 fifteen
778 1504 138 35 months
940 1504 88 34 later
1052 1504 34 34 in
1110 1504 149 42 August,
1289 1504 99 33 1983.
1412 1502 99 35 TXO

298 1555 177 40 contends,
489 1554 68 35 and
570 1566 50 23 we
633 1559 121 39 accept
766 1565 37 23 as
817 1559 86 35 true,
917 1554 76 34 that
1006 1553 84 35 such
1103 1553 117 43 delays
1233 1564 59 23 are
1304 1563 160 24 common
1478 1552 34 34 in

299 1605 59 33 the
370 1604 44 34 oil
428 1604 68 34 and
509 1614 61 33 gas
583 1604 166 43 industry.
764 1603 167 34 Proceeds
945 1603 90 34 from
1047 1603 60 34 the
1119 1603 71 34 sale
1202 1602 39 34 of
1251 1602 84 34 such
1348 1613 61 32 gas
1421 1602 91 34 from

298 1654 99 33 TXO
408 1659 35 28 to
453 1653 109 34 Arkla
573 1664 89 23 were
672 1652 154 35 received
837 1653 45 43 by
891 1652 99 34 TXO
1000 1663 44 24 on
1055 1652 152 34 October
1219 1652 145 40 3,1983,
1375 1651 69 34 and
1453 1651 59 34 the

299 1703 161 43 royalties
472 1703 34 33 in
518 1702 158 44 question
686 1702 82 34 here
778 1713 90 23 were
878 1702 82 43 paid
971 1706 35 29 to
1017 1701 59 34 the
1086 1701 94 34 bank
1190 1711 44 24 on
1245 1700 199 35 November
1459 1701 52 40 10,

303 1754 99 33 1983.

389 1834 100 34 TXO
505 1833 166 35 contends
688 1833 77 35 that
781 1833 26 34 it
824 1832 81 45 paid
922 1833 59 34 the
997 1832 162 44 royalties
1175 1832 120 34 within
1312 1832 59 34 the
1387 1832 50 34 six
1456 1830 53 44 (6)

300 1884 137 34 months
452 1883 257 44 contemplated
723 1883 45 44 by
782 1883 59 35 the
855 1888 130 30 statute
999 1883 149 34 because
1162 1882 58 34 the
1234 1882 85 34 time
1332 1881 130 35 started
1477 1886 35 30 to

300 1945 63 23 run
387 1934 99 34 when
509 1933 98 35 TXO
631 1933 155 35 received
810 1933 43 35 its
877 1937 165 40 payment
1065 1932 91 35 from
1179 1932 120 34 Arkla.
1323 1932 74 34 The
1419 1931 94 35 bank

300 1995 123 32 argues
437 1984 77 34 that
527 1984 98 33 TXO
641 1983 119 34 “sold”
774 1983 59 34 the
846 1993 61 33 gas
921 1988 36 29 to
970 1982 110 34 Arkla
1094 1982 35 34 in
1143 1983 99 42 May,
1261 1982 98 40 1982,
1373 1981 99 34 when
1486 1981 26 34 it

300 2033 184 44 permitted
505 2033 109 34 Arkla
635 2038 36 29 to
691 2033 73 34 first
784 2033 103 43 begin
907 2032 120 43 taking
1047 2032 178 34 deliveries
1245 2031 39 34 of
1301 2031 59 34 the
1379 2042 71 32 gas.

390 2115 74 33 The
476 2114 73 34 first
562 2114 134 44 portion
709 2114 39 34 of
757 2114 59 34 the
828 2118 130 30 statute
970 2113 79 34 isn’t
1059 2124 82 32 very
1153 2112 132 44 helpful
1297 2113 35 33 in
1344 2112 168 42 resolving

299 2165 68 34 this
379 2164 168 44 question.
562 2164 69 34 Did
643 2164 59 34 the
713 2164 151 34 General
876 2163 186 43 Assembly
1073 2162 119 35 intend
1204 2162 76 34 that
1292 2162 81 34 “the
1384 2161 81 35 date
1476 2161 39 35 of

300 2215 73 33 first
392 2214 93 34 sale”
507 2219 117 29 meant
643 2214 59 34 the
721 2213 81 35 date
821 2224 20 24 a
860 2213 222 35 commercial
1101 2212 187 44 purchaser
1307 2211 165 35 executed
1492 2222 20 23 a

300 2264 170 43 purchase
483 2269 199 37 agreement
698 2263 98 42 (here
807 2264 150 42 August,
975 2262 117 43 1983),
1107 2273 38 23 or
1158 2262 82 34 took
1251 2261 150 43 delivery
1415 2260 98 43 (here

301 2314 98 43 May,
421 2313 103 42 1982)
543 2324 37 23 or
597 2313 152 43 actually
765 2312 81 44 paid
862 2312 54 34 for
931 2312 60 34 the
1006 2322 61 33 gas
1085 2311 98 43 (here
1199 2311 163 40 October,
1383 2310 127 43 1983)?

391 2395 66 33 We
471 2394 95 34 don’t
581 2394 100 34 think
695 2394 59 34 the
768 2393 152 35 General
935 2393 186 43 Assembly
1135 2392 174 41 intended,
1325 2392 34 34 in
1374 2391 138 44 passing
