1668 2700
148 406 204 34 conviction.
366 407 54 33 He
430 417 96 24 avers
537 407 76 34 that
623 406 44 35 he
676 406 59 34 did
746 412 59 29 not
815 407 98 34 know
924 406 77 35 that
1010 407 183 44 petitioner
1203 407 69 34 had
1283 407 79 34 filed

150 467 20 23 a
192 456 113 34 notice
324 455 38 35 of
381 457 133 43 appeal.

1295 266 62 34 591

374 567 171 35 Criminal
561 567 194 35 Procedure
771 568 90 34 Rule
878 568 102 34 36.26
997 572 107 30 states
1120 568 78 34 that
1212 568 151 41 counsel,

149 617 155 34 whether
328 617 154 35 retained
505 628 38 24 or
567 617 197 45 appointed,
789 618 87 34 shall
900 618 163 35 continue
1086 623 35 29 to
1145 623 174 38 represent
1342 629 20 24 a

149 666 179 35 convicted
338 678 121 33 person
469 667 213 44 throughout
690 668 124 44 appeal
822 668 114 34 unless
946 667 186 44 permitted
1141 674 35 29 to
1185 668 178 35 withdraw

150 717 45 43 by
205 716 60 35 the
275 717 79 34 trial
364 723 99 29 court
473 728 37 24 or
520 717 69 35 this
600 718 122 34 Court.
734 719 33 33 A
777 717 178 35 convicted
966 717 190 36 defendant
1166 729 81 33 may
1256 718 108 35 waive

150 767 52 34 his
214 768 123 42 appeal
348 767 91 42 right
449 768 45 43 by
503 767 126 35 failure
639 772 36 29 to
685 768 255 34 communicate
950 772 35 30 to
996 768 139 34 counsel
1145 768 53 34 his
1208 768 110 35 desire
1328 773 35 30 to

150 817 135 43 appeal.
303 816 131 44 Conley
446 828 30 23 v.
491 817 114 41 State,
621 818 68 33 286
703 818 85 33 Ark.
805 818 78 40 388,
899 818 64 33 691
982 817 144 35 S.W.2d
1142 818 65 34 868
1226 817 136 43 (1985);

150 866 209 35 Henderson
370 877 30 23 v.
414 867 112 40 State,
541 868 67 33 278
623 867 85 34 Ark.
726 868 76 39 107,
817 868 66 33 643
898 866 144 36 S.W.2d
1060 868 63 34 107
1140 867 136 43 (1982).
1290 867 75 35 The

151 916 120 43 timely
283 917 113 34 notice
407 916 39 35 of
455 917 123 44 appeal
591 916 81 35 filed
684 917 45 44 by
741 917 182 44 petitioner
935 917 27 34 is
975 917 103 44 proof
1086 917 77 35 that
1175 917 44 34 he
1230 917 134 35 desired

150 977 45 23 an
212 967 134 42 appeal.
364 966 92 35 Even
472 966 30 35 if
514 966 44 35 he
573 966 59 35 did
648 972 60 29 not
723 967 209 44 specifically
948 967 111 43 notify
1074 968 139 34 counsel
1230 968 75 34 that
1321 967 43 35 he

151 1016 69 34 had
234 1015 80 35 filed
327 1017 59 33 the
398 1017 123 40 notice,
535 1017 140 34 counsel
688 1017 69 34 had
770 1022 59 29 not
842 1017 86 35 been
942 1017 148 35 relieved
1103 1028 37 24 as
1154 1017 210 44 petitioner’s

150 1065 350 44 attorney-of-record
520 1066 69 34 and
609 1077 70 24 was
700 1067 210 44 responsible
930 1066 53 35 for
1004 1067 159 43 knowing
1183 1067 92 35 what
1295 1067 69 35 had

150 1115 88 35 been
256 1116 81 34 filed
354 1115 35 34 in
407 1116 123 43 regard
548 1121 35 30 to
601 1117 60 34 the
678 1127 79 24 case
774 1116 120 35 within
911 1117 60 34 the
987 1117 86 35 time
1090 1122 52 29 set
1160 1117 52 34 for
1229 1117 96 44 filing
1343 1128 21 23 a

151 1165 114 34 notice
276 1165 40 34 of
325 1166 133 43 appeal.
472 1166 195 40 Moreover,
680 1166 30 34 if
719 1167 138 33 counsel
870 1166 62 35 felt
944 1167 77 34 that
1033 1166 60 35 the
1104 1167 123 44 appeal
1240 1167 68 34 had
1320 1178 44 23 no

150 1214 114 41 merit,
276 1214 44 34 he
330 1225 70 23 was
412 1215 175 43 obligated
600 1221 35 29 to
647 1215 109 35 either
768 1215 117 35 obtain
897 1216 204 44 permission
1113 1216 91 35 from
1215 1217 59 34 the
1285 1216 79 35 trial

151 1269 99 29 court
261 1269 37 29 to
309 1264 178 35 withdraw
500 1264 121 36 before
632 1265 60 34 the
704 1265 114 35 notice
829 1265 38 35 of
877 1266 124 44 appeal
1013 1277 72 23 was
1096 1266 92 41 filed,
1201 1268 121 33 Finnie
1331 1277 32 24 v.

149 1314 115 40 State,
281 1315 66 33 265
364 1314 84 34 Ark.
466 1315 79 40 941,
563 1316 68 33 582
646 1314 144 35 S.W.2d
810 1316 39 33 19
868 1315 138 43 (1979),
1023 1326 38 24 or
1076 1316 57 34 file
1148 1327 20 23 a
1183 1317 130 34 motion
1329 1321 35 29 to

150 1363 180 35 withdraw
342 1364 35 34 in
388 1364 67 34 this
469 1365 110 34 Court
591 1365 91 34 after
694 1365 59 35 the
764 1365 113 34 notice
888 1365 39 35 of
935 1365 125 44 appeal
1072 1377 70 23 was
1153 1366 90 34 filed.
1257 1366 106 35 Rules

150 1413 39 34 of
208 1413 60 35 the
289 1413 169 44 Supreme
480 1414 121 42 Court,
623 1415 92 34 Rule
741 1414 111 44 11(h),
874 1415 85 35 Ark.
982 1416 90 34 Stat.
1095 1416 92 34 Ann.
1210 1416 75 34 Vol.
1310 1416 55 34 3A

152 1463 124 43 (Supp.
303 1463 116 42 1985).

335 1573 74 35 The
419 1574 125 35 failure
554 1574 40 35 of
601 1575 140 34 counsel
751 1580 36 30 to
797 1575 132 43 perfect
939 1586 45 24 an
995 1576 125 44 appeal
1130 1576 35 34 in
1176 1586 20 23 a
1207 1576 157 34 criminal

150 1633 80 25 case
239 1623 115 35 where
363 1623 59 35 the
431 1624 190 35 defendant
632 1624 128 35 desires
771 1636 44 23 an
825 1625 124 44 appeal
959 1625 203 35 constitutes
1173 1636 20 24 a
1203 1625 114 36 denial
1328 1626 39 34 of

150 1673 160 35 effective
325 1673 189 36 assistance
530 1674 39 35 of
583 1675 140 34 counsel
740 1675 69 35 and
825 1675 28 35 is
869 1675 90 44 good
975 1686 106 25 cause
1096 1676 54 35 for
1166 1677 161 43 granting
1344 1687 20 24 a

150 1723 139 36 belated
302 1724 133 44 appeal.
449 1724 151 45 Blakely
612 1736 30 24 v.
655 1725 114 42 State,
783 1726 67 35 279
864 1726 85 35 Ark.
968 1727 75 41 141,
1058 1727 67 34 649
1140 1727 142 35 S.W.2d
1300 1727 63 35 187

151 1773 359 46 (1983);Surridge v.
520 1775 114 42 State,
646 1777 68 33 276
725 1776 85 35 Ark.
823 1777 156 41 596, 637
991 1777 144 35 S.W.2d
1147 1778 66 34 597
1226 1777 136 43 (1982).

149 1825 51 34 As
223 1824 140 35 counsel
386 1824 53 35 for
462 1825 183 44 petitioner
668 1825 59 35 did
750 1831 60 29 not
831 1826 180 35 withdraw
1034 1826 91 35 from
1147 1828 59 34 the
1228 1838 79 24 case
1330 1827 34 34 in

150 1873 215 36 accordance
375 1874 82 35 with
468 1875 60 34 the
539 1875 90 35 rules
641 1875 39 34 of
689 1875 189 44 procedure
888 1876 69 35 and
969 1876 107 35 failed
1087 1882 36 29 to
1134 1877 137 43 comply
1281 1877 83 34 with

149 1923 60 35 the
223 1923 206 43 obligations
443 1930 52 29 set
509 1924 94 35 forth
618 1925 45 42 by
677 1925 59 34 the
750 1925 90 34 rules
855 1925 68 34 and
938 1926 156 43 opinions
1109 1926 39 34 of
1159 1926 68 34 this
1242 1926 120 41 Court,

149 1973 60 34 the
223 1972 138 35 belated
374 1974 122 43 appeal
510 1973 28 34 is
551 1974 158 43 granted.
725 1975 150 34 Counsel
889 1975 144 34 Villines
1046 1975 28 34 is
1088 1976 210 43 responsible
1310 1975 54 35 for

149 2022 142 43 lodging
311 2023 59 34 the
389 2023 119 34 record
529 2023 83 34 with
632 2023 69 34 this
722 2024 110 34 Court
851 2024 120 34 within
992 2025 108 42 thirty
1119 2025 95 43 days.

242 2133 138 34 Motion
400 2133 156 43 granted.

241 2244 160 40 Purtle,
423 2245 41 40 J.,
486 2249 60 30 not
566 2244 256 44 participating.
