<?xml version='1.0' encoding='utf-8'?>
<alto xmlns="http://www.loc.gov/standards/alto/ns-v3#">
  <!--Created by Innodata R.E.D. RLI tool: 2017-04-25 06:27:23.421030-->
  <Description>
    <MeasurementUnit>pixel</MeasurementUnit>
    <sourceImageInformation>
      <fileName>32044078577194_00140_0.tif</fileName>
    </sourceImageInformation>
    <OCRProcessing ID="OP_1">
      <ocrProcessingStep>
        <processingStepDescription>Alto coordinates refer to the deskewed TIFF file. 
		To convert point (x, y) to original image (TIFF or JP2) apply transformation matrix T=(m00, m01, m10, m11, b0, b1) using the rule:
			T * (x,y) = (m00 * x + m01 * y + b0), (m10 * x + m11 * y + b1)</processingStepDescription>
        <processingStepSettings>RED.transform=(0.9999920000106667, -0.003999989333341867, 0.003999989333341867, 0.9999920000106667, 0.39200000000005275, -6.295999999999951)</processingStepSettings>
      </ocrProcessingStep>
    </OCRProcessing>
  </Description>
  <Styles>
    <TextStyle FONTFAMILY="Times New Roman" FONTSIZE="11.00" FONTTYPE="serif" FONTWIDTH="proportional" ID="Style_3"/>
  </Styles>
  <Tags>
    <StructureTag ID="b279-4" LABEL="pagelabel"/>
    <StructureTag ID="b279-5" LABEL="blockquote"/>
    <StructureTag ID="b279-6" LABEL="blockquote"/>
    <StructureTag ID="b279-7" LABEL="blockquote"/>
    <StructureTag ID="b279-8" LABEL="blockquote"/>
    <StructureTag ID="b279-9" LABEL="blockquote"/>
    <StructureTag ID="b279-10" LABEL="p"/>
    <StructureTag ID="b279-11" LABEL="p"/>
    <StructureTag ID="b279-12" LABEL="p"/>
  </Tags>
  <Layout>
    <Page HEIGHT="2702" ID="PG_279" PHYSICAL_IMG_NR="279" WIDTH="1658">
      <PrintSpace HEIGHT="2702" HPOS="0" ID="PS_279" VPOS="0" WIDTH="1658">
        <TextBlock HEIGHT="33.0" HPOS="1286.0" ID="BL_279.2" TAGREFS="b279-4" VPOS="269.0" WIDTH="63.0">
          <TextLine HEIGHT="33" HPOS="1286" ID="TL_279.2.1" VPOS="269" WIDTH="63">
            <String CONTENT="251" HEIGHT="33" HPOS="1286" ID="ST_279.2.1.1" STYLEREFS="Style_3" VPOS="269" WIDTH="63" WC="1.00" CC="000" TAGREFS=""/>
          </TextLine>
        </TextBlock>
        <TextBlock HEIGHT="144.0" HPOS="345.0" ID="BL_279.3" TAGREFS="b279-5" VPOS="410.0" WIDTH="1014.0">
          <TextLine HEIGHT="44" HPOS="345" ID="TL_279.3.1" VPOS="410" WIDTH="1010">
            <String CONTENT="1." HEIGHT="33" HPOS="345" ID="ST_279.3.1.1" STYLEREFS="Style_3" VPOS="412" WIDTH="27" WC="0.82" CC="99" TAGREFS=""/>
            <SP HPOS="372" ID="SP_279.3.1.2" VPOS="410" WIDTH="48"/>
            <String CONTENT="The" HEIGHT="35" HPOS="420" ID="ST_279.3.1.3" STYLEREFS="Style_3" VPOS="410" WIDTH="74" WC="0.95" CC="000" TAGREFS=""/>
            <SP HPOS="494" ID="SP_279.3.1.4" VPOS="410" WIDTH="22"/>
            <String CONTENT="defendants" HEIGHT="35" HPOS="516" ID="ST_279.3.1.5" STYLEREFS="Style_3" VPOS="410" WIDTH="207" WC="0.84" CC="0000000000" TAGREFS=""/>
            <SP HPOS="723" ID="SP_279.3.1.6" VPOS="415" WIDTH="22"/>
            <String CONTENT="at" HEIGHT="29" HPOS="745" ID="ST_279.3.1.7" STYLEREFS="Style_3" VPOS="415" WIDTH="37" WC="1.00" CC="00" TAGREFS=""/>
            <SP HPOS="782" ID="SP_279.3.1.8" VPOS="421" WIDTH="22"/>
            <String CONTENT="no" HEIGHT="24" HPOS="804" ID="ST_279.3.1.9" STYLEREFS="Style_3" VPOS="421" WIDTH="43" WC="0.52" CC="00" TAGREFS=""/>
            <SP HPOS="847" ID="SP_279.3.1.10" VPOS="410" WIDTH="22"/>
            <String CONTENT="time" HEIGHT="35" HPOS="869" ID="ST_279.3.1.11" STYLEREFS="Style_3" VPOS="410" WIDTH="85" WC="0.74" CC="0000" TAGREFS=""/>
            <SP HPOS="954" ID="SP_279.3.1.12" VPOS="410" WIDTH="21"/>
            <String CONTENT="will" HEIGHT="34" HPOS="975" ID="ST_279.3.1.13" STYLEREFS="Style_3" VPOS="410" WIDTH="69" WC="0.82" CC="0000" TAGREFS=""/>
            <SP HPOS="1044" ID="SP_279.3.1.14" VPOS="410" WIDTH="22"/>
            <String CONTENT="place" HEIGHT="44" HPOS="1066" ID="ST_279.3.1.15" STYLEREFS="Style_3" VPOS="410" WIDTH="98" WC="0.87" CC="00000" TAGREFS=""/>
            <SP HPOS="1164" ID="SP_279.3.1.16" VPOS="420" WIDTH="22"/>
            <String CONTENT="any" HEIGHT="34" HPOS="1186" ID="ST_279.3.1.17" STYLEREFS="Style_3" VPOS="420" WIDTH="67" WC="0.58" CC="000" TAGREFS=""/>
            <SP HPOS="1253" ID="SP_279.3.1.18" VPOS="415" WIDTH="23"/>
            <String CONTENT="gate" HEIGHT="38" HPOS="1276" ID="ST_279.3.1.19" STYLEREFS="Style_3" VPOS="415" WIDTH="79" WC="1.00" CC="0000" TAGREFS=""/>
          </TextLine>
          <TextLine HEIGHT="44" HPOS="422" ID="TL_279.3.2" VPOS="459" WIDTH="937">
            <String CONTENT="across" HEIGHT="24" HPOS="422" ID="ST_279.3.2.1" STYLEREFS="Style_3" VPOS="471" WIDTH="114" WC="1.00" CC="000000" TAGREFS=""/>
            <SP HPOS="536" ID="SP_279.3.2.2" VPOS="461" WIDTH="14"/>
            <String CONTENT="the" HEIGHT="34" HPOS="550" ID="ST_279.3.2.3" STYLEREFS="Style_3" VPOS="461" WIDTH="60" WC="1.00" CC="000" TAGREFS=""/>
            <SP HPOS="610" ID="SP_279.3.2.4" VPOS="459" WIDTH="14"/>
            <String CONTENT="road" HEIGHT="36" HPOS="624" ID="ST_279.3.2.5" STYLEREFS="Style_3" VPOS="459" WIDTH="83" WC="0.97" CC="0000" TAGREFS=""/>
            <SP HPOS="707" ID="SP_279.3.2.6" VPOS="460" WIDTH="15"/>
            <String CONTENT="in" HEIGHT="34" HPOS="722" ID="ST_279.3.2.7" STYLEREFS="Style_3" VPOS="460" WIDTH="34" WC="1.00" CC="00" TAGREFS=""/>
            <SP HPOS="756" ID="SP_279.3.2.8" VPOS="460" WIDTH="14"/>
            <String CONTENT="issue" HEIGHT="35" HPOS="770" ID="ST_279.3.2.9" STYLEREFS="Style_3" VPOS="460" WIDTH="91" WC="0.95" CC="00000" TAGREFS=""/>
            <SP HPOS="861" ID="SP_279.3.2.10" VPOS="460" WIDTH="12"/>
            <String CONTENT="different" HEIGHT="35" HPOS="873" ID="ST_279.3.2.11" STYLEREFS="Style_3" VPOS="460" WIDTH="163" WC="0.86" CC="000000000" TAGREFS=""/>
            <SP HPOS="1036" ID="SP_279.3.2.12" VPOS="459" WIDTH="14"/>
            <String CONTENT="from" HEIGHT="35" HPOS="1050" ID="ST_279.3.2.13" STYLEREFS="Style_3" VPOS="459" WIDTH="91" WC="1.00" CC="0000" TAGREFS=""/>
            <SP HPOS="1141" ID="SP_279.3.2.14" VPOS="460" WIDTH="13"/>
            <String CONTENT="the" HEIGHT="35" HPOS="1154" ID="ST_279.3.2.15" STYLEREFS="Style_3" VPOS="460" WIDTH="60" WC="0.85" CC="000" TAGREFS=""/>
            <SP HPOS="1214" ID="SP_279.3.2.16" VPOS="464" WIDTH="12"/>
            <String CONTENT="type" HEIGHT="39" HPOS="1226" ID="ST_279.3.2.17" STYLEREFS="Style_3" VPOS="464" WIDTH="81" WC="0.92" CC="0000" TAGREFS=""/>
            <SP HPOS="1307" ID="SP_279.3.2.18" VPOS="459" WIDTH="13"/>
            <String CONTENT="of" HEIGHT="35" HPOS="1320" ID="ST_279.3.2.19" STYLEREFS="Style_3" VPOS="459" WIDTH="39" WC="1.00" CC="00" TAGREFS=""/>
          </TextLine>
          <TextLine HEIGHT="44" HPOS="422" ID="TL_279.3.3" VPOS="510" WIDTH="770">
            <String CONTENT="metal" HEIGHT="35" HPOS="422" ID="ST_279.3.3.1" STYLEREFS="Style_3" VPOS="510" WIDTH="105" WC="0.93" CC="00000" TAGREFS=""/>
            <SP HPOS="527" ID="SP_279.3.3.2" VPOS="516" WIDTH="21"/>
            <String CONTENT="gate" HEIGHT="37" HPOS="548" ID="ST_279.3.3.3" STYLEREFS="Style_3" VPOS="516" WIDTH="81" WC="1.00" CC="0000" TAGREFS=""/>
            <SP HPOS="629" ID="SP_279.3.3.4" VPOS="510" WIDTH="20"/>
            <String CONTENT="used" HEIGHT="35" HPOS="649" ID="ST_279.3.3.5" STYLEREFS="Style_3" VPOS="510" WIDTH="84" WC="1.00" CC="0000" TAGREFS=""/>
            <SP HPOS="733" ID="SP_279.3.3.6" VPOS="510" WIDTH="21"/>
            <String CONTENT="in" HEIGHT="34" HPOS="754" ID="ST_279.3.3.7" STYLEREFS="Style_3" VPOS="510" WIDTH="34" WC="0.90" CC="00" TAGREFS=""/>
            <SP HPOS="788" ID="SP_279.3.3.8" VPOS="510" WIDTH="20"/>
            <String CONTENT="September" HEIGHT="44" HPOS="808" ID="ST_279.3.3.9" STYLEREFS="Style_3" VPOS="510" WIDTH="206" WC="0.96" CC="000000000" TAGREFS=""/>
            <SP HPOS="1014" ID="SP_279.3.3.10" VPOS="510" WIDTH="20"/>
            <String CONTENT="of" HEIGHT="34" HPOS="1034" ID="ST_279.3.3.11" STYLEREFS="Style_3" VPOS="510" WIDTH="39" WC="1.00" CC="00" TAGREFS=""/>
            <SP HPOS="1073" ID="SP_279.3.3.12" VPOS="511" WIDTH="21"/>
            <String CONTENT="1976." HEIGHT="34" HPOS="1094" ID="ST_279.3.3.13" STYLEREFS="Style_3" VPOS="511" WIDTH="98" WC="1.00" CC="00000" TAGREFS=""/>
          </TextLine>
        </TextBlock>
        <TextBlock HEIGHT="185.0" HPOS="342.0" ID="BL_279.4" TAGREFS="b279-6" VPOS="621.0" WIDTH="1017.0">
          <TextLine HEIGHT="45" HPOS="342" ID="TL_279.4.1" VPOS="621" WIDTH="1017">
            <String CONTENT="2." HEIGHT="33" HPOS="342" ID="ST_279.4.1.1" STYLEREFS="Style_3" VPOS="623" WIDTH="30" WC="1.00" CC="00" TAGREFS=""/>
            <SP HPOS="372" ID="SP_279.4.1.2" VPOS="621" WIDTH="49"/>
            <String CONTENT="The" HEIGHT="35" HPOS="421" ID="ST_279.4.1.3" STYLEREFS="Style_3" VPOS="621" WIDTH="74" WC="0.89" CC="000" TAGREFS=""/>
            <SP HPOS="495" ID="SP_279.4.1.4" VPOS="621" WIDTH="15"/>
            <String CONTENT="defendants" HEIGHT="36" HPOS="510" ID="ST_279.4.1.5" STYLEREFS="Style_3" VPOS="621" WIDTH="208" WC="0.95" CC="0000000000" TAGREFS=""/>
            <SP HPOS="718" ID="SP_279.4.1.6" VPOS="621" WIDTH="17"/>
            <String CONTENT="shall" HEIGHT="35" HPOS="735" ID="ST_279.4.1.7" STYLEREFS="Style_3" VPOS="621" WIDTH="87" WC="0.81" CC="00000" TAGREFS=""/>
            <SP HPOS="822" ID="SP_279.4.1.8" VPOS="627" WIDTH="17"/>
            <String CONTENT="not" HEIGHT="29" HPOS="839" ID="ST_279.4.1.9" STYLEREFS="Style_3" VPOS="627" WIDTH="59" WC="0.98" CC="000" TAGREFS=""/>
            <SP HPOS="898" ID="SP_279.4.1.10" VPOS="622" WIDTH="17"/>
            <String CONTENT="place" HEIGHT="44" HPOS="915" ID="ST_279.4.1.11" STYLEREFS="Style_3" VPOS="622" WIDTH="99" WC="0.91" CC="00000" TAGREFS=""/>
            <SP HPOS="1014" ID="SP_279.4.1.12" VPOS="632" WIDTH="15"/>
            <String CONTENT="an" HEIGHT="24" HPOS="1029" ID="ST_279.4.1.13" STYLEREFS="Style_3" VPOS="632" WIDTH="45" WC="0.75" CC="00" TAGREFS=""/>
            <SP HPOS="1074" ID="SP_279.4.1.14" VPOS="621" WIDTH="16"/>
            <String CONTENT="obstruction" HEIGHT="35" HPOS="1090" ID="ST_279.4.1.15" STYLEREFS="Style_3" VPOS="621" WIDTH="213" WC="0.98" CC="00000000000" TAGREFS=""/>
            <SP HPOS="1303" ID="SP_279.4.1.16" VPOS="621" WIDTH="16"/>
            <String CONTENT="of" HEIGHT="34" HPOS="1319" ID="ST_279.4.1.17" STYLEREFS="Style_3" VPOS="621" WIDTH="40" WC="1.00" CC="00" TAGREFS=""/>
          </TextLine>
          <TextLine HEIGHT="43" HPOS="421" ID="TL_279.4.2" VPOS="671" WIDTH="935">
            <String CONTENT="any" HEIGHT="32" HPOS="421" ID="ST_279.4.2.1" STYLEREFS="Style_3" VPOS="682" WIDTH="68" WC="0.82" CC="000" TAGREFS=""/>
            <SP HPOS="489" ID="SP_279.4.2.2" VPOS="671" WIDTH="14"/>
            <String CONTENT="kind" HEIGHT="35" HPOS="503" ID="ST_279.4.2.3" STYLEREFS="Style_3" VPOS="671" WIDTH="84" WC="0.80" CC="0000" TAGREFS=""/>
            <SP HPOS="587" ID="SP_279.4.2.4" VPOS="672" WIDTH="14"/>
            <String CONTENT="whatsoever" HEIGHT="34" HPOS="601" ID="ST_279.4.2.5" STYLEREFS="Style_3" VPOS="672" WIDTH="212" WC="0.93" CC="0000000000" TAGREFS=""/>
            <SP HPOS="813" ID="SP_279.4.2.6" VPOS="682" WIDTH="15"/>
            <String CONTENT="across" HEIGHT="24" HPOS="828" ID="ST_279.4.2.7" STYLEREFS="Style_3" VPOS="682" WIDTH="115" WC="0.84" CC="000000" TAGREFS=""/>
            <SP HPOS="943" ID="SP_279.4.2.8" VPOS="671" WIDTH="15"/>
            <String CONTENT="the" HEIGHT="35" HPOS="958" ID="ST_279.4.2.9" STYLEREFS="Style_3" VPOS="671" WIDTH="60" WC="0.98" CC="000" TAGREFS=""/>
            <SP HPOS="1018" ID="SP_279.4.2.10" VPOS="671" WIDTH="14"/>
            <String CONTENT="road" HEIGHT="35" HPOS="1032" ID="ST_279.4.2.11" STYLEREFS="Style_3" VPOS="671" WIDTH="85" WC="0.76" CC="0000" TAGREFS=""/>
            <SP HPOS="1117" ID="SP_279.4.2.12" VPOS="671" WIDTH="15"/>
            <String CONTENT="in" HEIGHT="35" HPOS="1132" ID="ST_279.4.2.13" STYLEREFS="Style_3" VPOS="671" WIDTH="35" WC="0.34" CC="00" TAGREFS=""/>
            <SP HPOS="1167" ID="SP_279.4.2.14" VPOS="671" WIDTH="14"/>
            <String CONTENT="issue" HEIGHT="35" HPOS="1181" ID="ST_279.4.2.15" STYLEREFS="Style_3" VPOS="671" WIDTH="90" WC="0.64" CC="00000" TAGREFS=""/>
            <SP HPOS="1271" ID="SP_279.4.2.16" VPOS="671" WIDTH="14"/>
            <String CONTENT="in" HEIGHT="34" HPOS="1285" ID="ST_279.4.2.17" STYLEREFS="Style_3" VPOS="671" WIDTH="35" WC="0.69" CC="00" TAGREFS=""/>
            <SP HPOS="1320" ID="SP_279.4.2.18" VPOS="682" WIDTH="15"/>
            <String CONTENT="a" HEIGHT="23" HPOS="1335" ID="ST_279.4.2.19" STYLEREFS="Style_3" VPOS="682" WIDTH="21" WC="1.00" CC="0" TAGREFS=""/>
          </TextLine>
          <TextLine HEIGHT="46" HPOS="423" ID="TL_279.4.3" VPOS="720" WIDTH="932">
            <String CONTENT="position" HEIGHT="45" HPOS="423" ID="ST_279.4.3.1" STYLEREFS="Style_3" VPOS="721" WIDTH="146" WC="1.00" CC="00000000" TAGREFS=""/>
            <SP HPOS="569" ID="SP_279.4.3.2" VPOS="721" WIDTH="22"/>
            <String CONTENT="different" HEIGHT="35" HPOS="591" ID="ST_279.4.3.3" STYLEREFS="Style_3" VPOS="721" WIDTH="163" WC="0.83" CC="000000000" TAGREFS=""/>
            <SP HPOS="754" ID="SP_279.4.3.4" VPOS="721" WIDTH="21"/>
            <String CONTENT="than" HEIGHT="35" HPOS="775" ID="ST_279.4.3.5" STYLEREFS="Style_3" VPOS="721" WIDTH="84" WC="0.93" CC="0000" TAGREFS=""/>
            <SP HPOS="859" ID="SP_279.4.3.6" VPOS="722" WIDTH="21"/>
            <String CONTENT="that" HEIGHT="34" HPOS="880" ID="ST_279.4.3.7" STYLEREFS="Style_3" VPOS="722" WIDTH="77" WC="0.92" CC="0000" TAGREFS=""/>
            <SP HPOS="957" ID="SP_279.4.3.8" VPOS="721" WIDTH="21"/>
            <String CONTENT="used" HEIGHT="35" HPOS="978" ID="ST_279.4.3.9" STYLEREFS="Style_3" VPOS="721" WIDTH="85" WC="1.00" CC="0000" TAGREFS=""/>
            <SP HPOS="1063" ID="SP_279.4.3.10" VPOS="721" WIDTH="22"/>
            <String CONTENT="in" HEIGHT="35" HPOS="1085" ID="ST_279.4.3.11" STYLEREFS="Style_3" VPOS="721" WIDTH="34" WC="1.00" CC="00" TAGREFS=""/>
            <SP HPOS="1119" ID="SP_279.4.3.12" VPOS="720" WIDTH="22"/>
            <String CONTENT="September," HEIGHT="46" HPOS="1141" ID="ST_279.4.3.13" STYLEREFS="Style_3" VPOS="720" WIDTH="214" WC="1.00" CC="0000000000" TAGREFS=""/>
          </TextLine>
          <TextLine HEIGHT="35" HPOS="427" ID="TL_279.4.4" VPOS="771" WIDTH="97">
            <String CONTENT="1976." HEIGHT="35" HPOS="427" ID="ST_279.4.4.1" STYLEREFS="Style_3" VPOS="771" WIDTH="97" WC="1.00" CC="00000" TAGREFS=""/>
          </TextLine>
        </TextBlock>
        <TextBlock HEIGHT="194.0" HPOS="344.0" ID="BL_279.5" TAGREFS="b279-7" VPOS="883.0" WIDTH="1013.0">
          <TextLine HEIGHT="41" HPOS="344" ID="TL_279.5.1" VPOS="883" WIDTH="1013">
            <String CONTENT="3." HEIGHT="33" HPOS="344" ID="ST_279.5.1.1" STYLEREFS="Style_3" VPOS="885" WIDTH="30" WC="0.69" CC="00" TAGREFS=""/>
            <SP HPOS="374" ID="SP_279.5.1.2" VPOS="883" WIDTH="48"/>
            <String CONTENT="The" HEIGHT="35" HPOS="422" ID="ST_279.5.1.3" STYLEREFS="Style_3" VPOS="883" WIDTH="74" WC="0.93" CC="000" TAGREFS=""/>
            <SP HPOS="496" ID="SP_279.5.1.4" VPOS="883" WIDTH="13"/>
            <String CONTENT="defendant," HEIGHT="40" HPOS="509" ID="ST_279.5.1.5" STYLEREFS="Style_3" VPOS="883" WIDTH="202" WC="0.96" CC="0000000000" TAGREFS=""/>
            <SP HPOS="711" ID="SP_279.5.1.6" VPOS="883" WIDTH="16"/>
            <String CONTENT="Chester" HEIGHT="35" HPOS="727" ID="ST_279.5.1.7" STYLEREFS="Style_3" VPOS="883" WIDTH="146" WC="0.94" CC="0000000" TAGREFS=""/>
            <SP HPOS="873" ID="SP_279.5.1.8" VPOS="884" WIDTH="16"/>
            <String CONTENT="Warren," HEIGHT="40" HPOS="889" ID="ST_279.5.1.9" STYLEREFS="Style_3" VPOS="884" WIDTH="158" WC="0.93" CC="0000000" TAGREFS=""/>
            <SP HPOS="1047" ID="SP_279.5.1.10" VPOS="883" WIDTH="16"/>
            <String CONTENT="is" HEIGHT="34" HPOS="1063" ID="ST_279.5.1.11" STYLEREFS="Style_3" VPOS="883" WIDTH="27" WC="1.00" CC="00" TAGREFS=""/>
            <SP HPOS="1090" ID="SP_279.5.1.12" VPOS="883" WIDTH="15"/>
            <String CONTENT="committed" HEIGHT="35" HPOS="1105" ID="ST_279.5.1.13" STYLEREFS="Style_3" VPOS="883" WIDTH="201" WC="0.90" CC="000000000" TAGREFS=""/>
            <SP HPOS="1306" ID="SP_279.5.1.14" VPOS="888" WIDTH="15"/>
            <String CONTENT="to" HEIGHT="30" HPOS="1321" ID="ST_279.5.1.15" STYLEREFS="Style_3" VPOS="888" WIDTH="36" WC="1.00" CC="00" TAGREFS=""/>
          </TextLine>
          <TextLine HEIGHT="45" HPOS="422" ID="TL_279.5.2" VPOS="932" WIDTH="935">
            <String CONTENT="th$" HEIGHT="41" HPOS="422" ID="ST_279.5.2.1" STYLEREFS="Style_3" VPOS="932" WIDTH="59" WC="0.71" CC="009" TAGREFS=""/>
            <SP HPOS="481" ID="SP_279.5.2.2" VPOS="933" WIDTH="13"/>
            <String CONTENT="Yell" HEIGHT="35" HPOS="494" ID="ST_279.5.2.3" STYLEREFS="Style_3" VPOS="933" WIDTH="81" WC="0.69" CC="0000" TAGREFS=""/>
            <SP HPOS="575" ID="SP_279.5.2.4" VPOS="933" WIDTH="13"/>
            <String CONTENT="County" HEIGHT="43" HPOS="588" ID="ST_279.5.2.5" STYLEREFS="Style_3" VPOS="933" WIDTH="140" WC="0.62" CC="000000" TAGREFS=""/>
            <SP HPOS="728" ID="SP_279.5.2.6" VPOS="933" WIDTH="15"/>
            <String CONTENT="Jail" HEIGHT="35" HPOS="743" ID="ST_279.5.2.7" STYLEREFS="Style_3" VPOS="933" WIDTH="67" WC="1.00" CC="0000" TAGREFS=""/>
            <SP HPOS="810" ID="SP_279.5.2.8" VPOS="933" WIDTH="13"/>
            <String CONTENT="until" HEIGHT="35" HPOS="823" ID="ST_279.5.2.9" STYLEREFS="Style_3" VPOS="933" WIDTH="88" WC="0.61" CC="00000" TAGREFS=""/>
            <SP HPOS="911" ID="SP_279.5.2.10" VPOS="933" WIDTH="13"/>
            <String CONTENT="such" HEIGHT="35" HPOS="924" ID="ST_279.5.2.11" STYLEREFS="Style_3" VPOS="933" WIDTH="86" WC="0.89" CC="0000" TAGREFS=""/>
            <SP HPOS="1010" ID="SP_279.5.2.12" VPOS="933" WIDTH="13"/>
            <String CONTENT="time" HEIGHT="35" HPOS="1023" ID="ST_279.5.2.13" STYLEREFS="Style_3" VPOS="933" WIDTH="86" WC="0.71" CC="0000" TAGREFS=""/>
            <SP HPOS="1109" ID="SP_279.5.2.14" VPOS="944" WIDTH="13"/>
            <String CONTENT="as" HEIGHT="24" HPOS="1122" ID="ST_279.5.2.15" STYLEREFS="Style_3" VPOS="944" WIDTH="38" WC="0.71" CC="00" TAGREFS=""/>
            <SP HPOS="1160" ID="SP_279.5.2.16" VPOS="933" WIDTH="13"/>
            <String CONTENT="he" HEIGHT="35" HPOS="1173" ID="ST_279.5.2.17" STYLEREFS="Style_3" VPOS="933" WIDTH="44" WC="0.94" CC="00" TAGREFS=""/>
            <SP HPOS="1217" ID="SP_279.5.2.18" VPOS="938" WIDTH="12"/>
            <String CONTENT="posts" HEIGHT="39" HPOS="1229" ID="ST_279.5.2.19" STYLEREFS="Style_3" VPOS="938" WIDTH="94" WC="0.62" CC="00000" TAGREFS=""/>
            <SP HPOS="1323" ID="SP_279.5.2.20" VPOS="944" WIDTH="13"/>
            <String CONTENT="a" HEIGHT="24" HPOS="1336" ID="ST_279.5.2.21" STYLEREFS="Style_3" VPOS="944" WIDTH="21" WC="0.93" CC="0" TAGREFS=""/>
          </TextLine>
          <TextLine HEIGHT="45" HPOS="424" ID="TL_279.5.3" VPOS="982" WIDTH="933">
            <String CONTENT="$2,500.00" HEIGHT="41" HPOS="424" ID="ST_279.5.3.1" STYLEREFS="Style_3" VPOS="983" WIDTH="187" WC="0.87" CC="000000000" TAGREFS=""/>
            <SP HPOS="611" ID="SP_279.5.3.2" VPOS="982" WIDTH="22"/>
            <String CONTENT="cash" HEIGHT="36" HPOS="633" ID="ST_279.5.3.3" STYLEREFS="Style_3" VPOS="982" WIDTH="84" WC="0.88" CC="0000" TAGREFS=""/>
            <SP HPOS="717" ID="SP_279.5.3.4" VPOS="983" WIDTH="22"/>
            <String CONTENT="compliance" HEIGHT="44" HPOS="739" ID="ST_279.5.3.5" STYLEREFS="Style_3" VPOS="983" WIDTH="215" WC="0.98" CC="0000000000" TAGREFS=""/>
            <SP HPOS="954" ID="SP_279.5.3.6" VPOS="983" WIDTH="23"/>
            <String CONTENT="bond" HEIGHT="35" HPOS="977" ID="ST_279.5.3.7" STYLEREFS="Style_3" VPOS="983" WIDTH="92" WC="0.89" CC="0000" TAGREFS=""/>
            <SP HPOS="1069" ID="SP_279.5.3.8" VPOS="984" WIDTH="23"/>
            <String CONTENT="with" HEIGHT="34" HPOS="1092" ID="ST_279.5.3.9" STYLEREFS="Style_3" VPOS="984" WIDTH="83" WC="0.95" CC="0000" TAGREFS=""/>
            <SP HPOS="1175" ID="SP_279.5.3.10" VPOS="983" WIDTH="23"/>
            <String CONTENT="the" HEIGHT="35" HPOS="1198" ID="ST_279.5.3.11" STYLEREFS="Style_3" VPOS="983" WIDTH="58" WC="0.81" CC="000" TAGREFS=""/>
            <SP HPOS="1256" ID="SP_279.5.3.12" VPOS="984" WIDTH="22"/>
            <String CONTENT="Yell" HEIGHT="35" HPOS="1278" ID="ST_279.5.3.13" STYLEREFS="Style_3" VPOS="984" WIDTH="79" WC="1.00" CC="0000" TAGREFS=""/>
          </TextLine>
          <TextLine HEIGHT="44" HPOS="424" ID="TL_279.5.4" VPOS="1033" WIDTH="320">
            <String CONTENT="Chancery" HEIGHT="44" HPOS="424" ID="ST_279.5.4.1" STYLEREFS="Style_3" VPOS="1033" WIDTH="184" WC="1.00" CC="00000000" TAGREFS=""/>
            <SP HPOS="608" ID="SP_279.5.4.2" VPOS="1033" WIDTH="20"/>
            <String CONTENT="Clerk." HEIGHT="36" HPOS="628" ID="ST_279.5.4.3" STYLEREFS="Style_3" VPOS="1033" WIDTH="116" WC="0.76" CC="000000" TAGREFS=""/>
          </TextLine>
        </TextBlock>
        <TextBlock HEIGHT="95.0" HPOS="343.0" ID="BL_279.6" TAGREFS="b279-8" VPOS="1145.0" WIDTH="1014.0">
          <TextLine HEIGHT="45" HPOS="343" ID="TL_279.6.1" VPOS="1145" WIDTH="1014">
            <String CONTENT="4." HEIGHT="34" HPOS="343" ID="ST_279.6.1.1" STYLEREFS="Style_3" VPOS="1146" WIDTH="31" WC="1.00" CC="00" TAGREFS=""/>
            <SP HPOS="374" ID="SP_279.6.1.2" VPOS="1145" WIDTH="48"/>
            <String CONTENT="The" HEIGHT="35" HPOS="422" ID="ST_279.6.1.3" STYLEREFS="Style_3" VPOS="1145" WIDTH="75" WC="0.94" CC="000" TAGREFS=""/>
            <SP HPOS="497" ID="SP_279.6.1.4" VPOS="1145" WIDTH="19"/>
            <String CONTENT="defendants" HEIGHT="36" HPOS="516" ID="ST_279.6.1.5" STYLEREFS="Style_3" VPOS="1145" WIDTH="208" WC="0.94" CC="0000000000" TAGREFS=""/>
            <SP HPOS="724" ID="SP_279.6.1.6" VPOS="1145" WIDTH="21"/>
            <String CONTENT="shall" HEIGHT="36" HPOS="745" ID="ST_279.6.1.7" STYLEREFS="Style_3" VPOS="1145" WIDTH="87" WC="0.86" CC="00000" TAGREFS=""/>
            <SP HPOS="832" ID="SP_279.6.1.8" VPOS="1156" WIDTH="21"/>
            <String CONTENT="pay" HEIGHT="34" HPOS="853" ID="ST_279.6.1.9" STYLEREFS="Style_3" VPOS="1156" WIDTH="67" WC="0.92" CC="000" TAGREFS=""/>
            <SP HPOS="920" ID="SP_279.6.1.10" VPOS="1157" WIDTH="20"/>
            <String CONTENT="a" HEIGHT="24" HPOS="940" ID="ST_279.6.1.11" STYLEREFS="Style_3" VPOS="1157" WIDTH="21" WC="1.00" CC="0" TAGREFS=""/>
            <SP HPOS="961" ID="SP_279.6.1.12" VPOS="1146" WIDTH="22"/>
            <String CONTENT="$1,000.00" HEIGHT="41" HPOS="983" ID="ST_279.6.1.13" STYLEREFS="Style_3" VPOS="1146" WIDTH="186" WC="0.91" CC="990000000" TAGREFS=""/>
            <SP HPOS="1169" ID="SP_279.6.1.14" VPOS="1146" WIDTH="20"/>
            <String CONTENT="fine," HEIGHT="41" HPOS="1189" ID="ST_279.6.1.15" STYLEREFS="Style_3" VPOS="1146" WIDTH="78" WC="0.89" CC="00000" TAGREFS=""/>
            <SP HPOS="1267" ID="SP_279.6.1.16" VPOS="1145" WIDTH="21"/>
            <String CONTENT="and" HEIGHT="36" HPOS="1288" ID="ST_279.6.1.17" STYLEREFS="Style_3" VPOS="1145" WIDTH="69" WC="0.78" CC="000" TAGREFS=""/>
          </TextLine>
          <TextLine HEIGHT="46" HPOS="423" ID="TL_279.6.2" VPOS="1194" WIDTH="585">
            <String CONTENT="said" HEIGHT="36" HPOS="423" ID="ST_279.6.2.1" STYLEREFS="Style_3" VPOS="1194" WIDTH="75" WC="0.73" CC="0000" TAGREFS=""/>
            <SP HPOS="498" ID="SP_279.6.2.2" VPOS="1195" WIDTH="20"/>
            <String CONTENT="fine" HEIGHT="35" HPOS="518" ID="ST_279.6.2.3" STYLEREFS="Style_3" VPOS="1195" WIDTH="69" WC="0.83" CC="0000" TAGREFS=""/>
            <SP HPOS="587" ID="SP_279.6.2.4" VPOS="1196" WIDTH="20"/>
            <String CONTENT="is" HEIGHT="34" HPOS="607" ID="ST_279.6.2.5" STYLEREFS="Style_3" VPOS="1196" WIDTH="28" WC="0.80" CC="00" TAGREFS=""/>
            <SP HPOS="635" ID="SP_279.6.2.6" VPOS="1196" WIDTH="20"/>
            <String CONTENT="hereby" HEIGHT="43" HPOS="655" ID="ST_279.6.2.7" STYLEREFS="Style_3" VPOS="1196" WIDTH="128" WC="0.52" CC="000000" TAGREFS=""/>
            <SP HPOS="783" ID="SP_279.6.2.8" VPOS="1195" WIDTH="20"/>
            <String CONTENT="suspended." HEIGHT="45" HPOS="803" ID="ST_279.6.2.9" STYLEREFS="Style_3" VPOS="1195" WIDTH="205" WC="0.53" CC="0000000000" TAGREFS=""/>
          </TextLine>
        </TextBlock>
        <TextBlock HEIGHT="87.0" HPOS="345.0" ID="BL_279.7" TAGREFS="b279-9" VPOS="1306.0" WIDTH="1013.0">
          <TextLine HEIGHT="45" HPOS="345" ID="TL_279.7.1" VPOS="1306" WIDTH="1013">
            <String CONTENT="5." HEIGHT="34" HPOS="345" ID="ST_279.7.1.1" STYLEREFS="Style_3" VPOS="1307" WIDTH="30" WC="0.83" CC="00" TAGREFS=""/>
            <SP HPOS="375" ID="SP_279.7.1.2" VPOS="1306" WIDTH="48"/>
            <String CONTENT="The" HEIGHT="35" HPOS="423" ID="ST_279.7.1.3" STYLEREFS="Style_3" VPOS="1306" WIDTH="75" WC="0.99" CC="000" TAGREFS=""/>
            <SP HPOS="498" ID="SP_279.7.1.4" VPOS="1306" WIDTH="10"/>
            <String CONTENT="defendants" HEIGHT="35" HPOS="508" ID="ST_279.7.1.5" STYLEREFS="Style_3" VPOS="1306" WIDTH="208" WC="0.99" CC="0000000000" TAGREFS=""/>
            <SP HPOS="716" ID="SP_279.7.1.6" VPOS="1307" WIDTH="12"/>
            <String CONTENT="shall" HEIGHT="34" HPOS="728" ID="ST_279.7.1.7" STYLEREFS="Style_3" VPOS="1307" WIDTH="88" WC="0.79" CC="00000" TAGREFS=""/>
            <SP HPOS="816" ID="SP_279.7.1.8" VPOS="1318" WIDTH="11"/>
            <String CONTENT="pay" HEIGHT="33" HPOS="827" ID="ST_279.7.1.9" STYLEREFS="Style_3" VPOS="1318" WIDTH="67" WC="0.84" CC="000" TAGREFS=""/>
            <SP HPOS="894" ID="SP_279.7.1.10" VPOS="1308" WIDTH="11"/>
            <String CONTENT="the" HEIGHT="34" HPOS="905" ID="ST_279.7.1.11" STYLEREFS="Style_3" VPOS="1308" WIDTH="60" WC="0.84" CC="000" TAGREFS=""/>
            <SP HPOS="965" ID="SP_279.7.1.12" VPOS="1307" WIDTH="11"/>
            <String CONTENT="plaintiffs" HEIGHT="44" HPOS="976" ID="ST_279.7.1.13" STYLEREFS="Style_3" VPOS="1307" WIDTH="180" WC="0.82" CC="0000000090" TAGREFS=""/>
            <SP HPOS="1156" ID="SP_279.7.1.14" VPOS="1313" WIDTH="12"/>
            <String CONTENT="attorney" HEIGHT="38" HPOS="1168" ID="ST_279.7.1.15" STYLEREFS="Style_3" VPOS="1313" WIDTH="158" WC="0.94" CC="00000000" TAGREFS=""/>
            <SP HPOS="1326" ID="SP_279.7.1.16" VPOS="1318" WIDTH="11"/>
            <String CONTENT="a" HEIGHT="24" HPOS="1337" ID="ST_279.7.1.17" STYLEREFS="Style_3" VPOS="1318" WIDTH="21" WC="1.00" CC="0" TAGREFS=""/>
          </TextLine>
          <TextLine HEIGHT="37" HPOS="424" ID="TL_279.7.2" VPOS="1356" WIDTH="294">
            <String CONTENT="fee" HEIGHT="35" HPOS="424" ID="ST_279.7.2.1" STYLEREFS="Style_3" VPOS="1356" WIDTH="55" WC="0.96" CC="000" TAGREFS=""/>
            <SP HPOS="479" ID="SP_279.7.2.2" VPOS="1356" WIDTH="19"/>
            <String CONTENT="of" HEIGHT="34" HPOS="498" ID="ST_279.7.2.3" STYLEREFS="Style_3" VPOS="1356" WIDTH="40" WC="1.00" CC="00" TAGREFS=""/>
            <SP HPOS="538" ID="SP_279.7.2.4" VPOS="1357" WIDTH="18"/>
            <String CONTENT="$250.00." HEIGHT="36" HPOS="556" ID="ST_279.7.2.5" STYLEREFS="Style_3" VPOS="1357" WIDTH="162" WC="0.95" CC="00000000" TAGREFS=""/>
          </TextLine>
        </TextBlock>
        <TextBlock HEIGHT="396.0" HPOS="144.0" ID="BL_279.8" TAGREFS="b279-10" VPOS="1442.0" WIDTH="1219.0">
          <TextLine HEIGHT="46" HPOS="235" ID="TL_279.8.1" VPOS="1442" WIDTH="1123">
            <String CONTENT="The" HEIGHT="35" HPOS="235" ID="ST_279.8.1.1" STYLEREFS="Style_3" VPOS="1442" WIDTH="75" WC="0.83" CC="000" TAGREFS=""/>
            <SP HPOS="310" ID="SP_279.8.1.2" VPOS="1443" WIDTH="15"/>
            <String CONTENT="appellants" HEIGHT="44" HPOS="325" ID="ST_279.8.1.3" STYLEREFS="Style_3" VPOS="1443" WIDTH="192" WC="0.90" CC="0000000000" TAGREFS=""/>
            <SP HPOS="517" ID="SP_279.8.1.4" VPOS="1442" WIDTH="16"/>
            <String CONTENT="admit" HEIGHT="35" HPOS="533" ID="ST_279.8.1.5" STYLEREFS="Style_3" VPOS="1442" WIDTH="112" WC="0.88" CC="00000" TAGREFS=""/>
            <SP HPOS="645" ID="SP_279.8.1.6" VPOS="1443" WIDTH="15"/>
            <String CONTENT="that" HEIGHT="34" HPOS="660" ID="ST_279.8.1.7" STYLEREFS="Style_3" VPOS="1443" WIDTH="77" WC="1.00" CC="0000" TAGREFS=""/>
            <SP HPOS="737" ID="SP_279.8.1.8" VPOS="1442" WIDTH="15"/>
            <String CONTENT="they" HEIGHT="45" HPOS="752" ID="ST_279.8.1.9" STYLEREFS="Style_3" VPOS="1442" WIDTH="81" WC="0.88" CC="0000" TAGREFS=""/>
            <SP HPOS="833" ID="SP_279.8.1.10" VPOS="1442" WIDTH="15"/>
            <String CONTENT="erected" HEIGHT="36" HPOS="848" ID="ST_279.8.1.11" STYLEREFS="Style_3" VPOS="1442" WIDTH="137" WC="1.00" CC="0000000" TAGREFS=""/>
            <SP HPOS="985" ID="SP_279.8.1.12" VPOS="1454" WIDTH="16"/>
            <String CONTENT="a" HEIGHT="24" HPOS="1001" ID="ST_279.8.1.13" STYLEREFS="Style_3" VPOS="1454" WIDTH="21" WC="1.00" CC="0" TAGREFS=""/>
            <SP HPOS="1022" ID="SP_279.8.1.14" VPOS="1443" WIDTH="15"/>
            <String CONTENT="wire-gap" HEIGHT="45" HPOS="1037" ID="ST_279.8.1.15" STYLEREFS="Style_3" VPOS="1443" WIDTH="167" WC="0.90" CC="00000000" TAGREFS=""/>
            <SP HPOS="1204" ID="SP_279.8.1.16" VPOS="1448" WIDTH="16"/>
            <String CONTENT="gate" HEIGHT="38" HPOS="1220" ID="ST_279.8.1.17" STYLEREFS="Style_3" VPOS="1448" WIDTH="79" WC="1.00" CC="0000" TAGREFS=""/>
            <SP HPOS="1299" ID="SP_279.8.1.18" VPOS="1454" WIDTH="15"/>
            <String CONTENT="on" HEIGHT="24" HPOS="1314" ID="ST_279.8.1.19" STYLEREFS="Style_3" VPOS="1454" WIDTH="44" WC="0.80" CC="00" TAGREFS=""/>
          </TextLine>
          <TextLine HEIGHT="46" HPOS="144" ID="TL_279.8.2" VPOS="1491" WIDTH="1214">
            <String CONTENT="the" HEIGHT="35" HPOS="144" ID="ST_279.8.2.1" STYLEREFS="Style_3" VPOS="1492" WIDTH="60" WC="0.91" CC="000" TAGREFS=""/>
            <SP HPOS="204" ID="SP_279.8.2.2" VPOS="1492" WIDTH="9"/>
            <String CONTENT="perimeter" HEIGHT="44" HPOS="213" ID="ST_279.8.2.3" STYLEREFS="Style_3" VPOS="1492" WIDTH="184" WC="0.90" CC="000000000" TAGREFS=""/>
            <SP HPOS="397" ID="SP_279.8.2.4" VPOS="1491" WIDTH="9"/>
            <String CONTENT="of" HEIGHT="36" HPOS="406" ID="ST_279.8.2.5" STYLEREFS="Style_3" VPOS="1491" WIDTH="40" WC="0.96" CC="00" TAGREFS=""/>
            <SP HPOS="446" ID="SP_279.8.2.6" VPOS="1492" WIDTH="5"/>
            <String CONTENT="their" HEIGHT="35" HPOS="451" ID="ST_279.8.2.7" STYLEREFS="Style_3" VPOS="1492" WIDTH="90" WC="1.00" CC="00000" TAGREFS=""/>
            <SP HPOS="541" ID="SP_279.8.2.8" VPOS="1498" WIDTH="9"/>
            <String CONTENT="property," HEIGHT="39" HPOS="550" ID="ST_279.8.2.9" STYLEREFS="Style_3" VPOS="1498" WIDTH="173" WC="0.98" CC="000000000" TAGREFS=""/>
            <SP HPOS="723" ID="SP_279.8.2.10" VPOS="1503" WIDTH="10"/>
            <String CONTENT="some" HEIGHT="24" HPOS="733" ID="ST_279.8.2.11" STYLEREFS="Style_3" VPOS="1503" WIDTH="96" WC="0.91" CC="0000" TAGREFS=""/>
            <SP HPOS="829" ID="SP_279.8.2.12" VPOS="1494" WIDTH="9"/>
            <String CONTENT="200" HEIGHT="34" HPOS="838" ID="ST_279.8.2.13" STYLEREFS="Style_3" VPOS="1494" WIDTH="68" WC="0.85" CC="000" TAGREFS=""/>
            <SP HPOS="906" ID="SP_279.8.2.14" VPOS="1492" WIDTH="9"/>
            <String CONTENT="yards" HEIGHT="45" HPOS="915" ID="ST_279.8.2.15" STYLEREFS="Style_3" VPOS="1492" WIDTH="104" WC="0.87" CC="00000" TAGREFS=""/>
            <SP HPOS="1019" ID="SP_279.8.2.16" VPOS="1493" WIDTH="9"/>
            <String CONTENT="north" HEIGHT="35" HPOS="1028" ID="ST_279.8.2.17" STYLEREFS="Style_3" VPOS="1493" WIDTH="102" WC="1.00" CC="00000" TAGREFS=""/>
            <SP HPOS="1130" ID="SP_279.8.2.18" VPOS="1493" WIDTH="9"/>
            <String CONTENT="of" HEIGHT="35" HPOS="1139" ID="ST_279.8.2.19" STYLEREFS="Style_3" VPOS="1493" WIDTH="40" WC="1.00" CC="00" TAGREFS=""/>
            <SP HPOS="1179" ID="SP_279.8.2.20" VPOS="1494" WIDTH="6"/>
            <String CONTENT="the" HEIGHT="34" HPOS="1185" ID="ST_279.8.2.21" STYLEREFS="Style_3" VPOS="1494" WIDTH="59" WC="0.83" CC="000" TAGREFS=""/>
            <SP HPOS="1244" ID="SP_279.8.2.22" VPOS="1493" WIDTH="8"/>
            <String CONTENT="metal" HEIGHT="35" HPOS="1252" ID="ST_279.8.2.23" STYLEREFS="Style_3" VPOS="1493" WIDTH="106" WC="0.93" CC="00000" TAGREFS=""/>
          </TextLine>
          <TextLine HEIGHT="44" HPOS="144" ID="TL_279.8.3" VPOS="1542" WIDTH="1215">
            <String CONTENT="gate" HEIGHT="39" HPOS="144" ID="ST_279.8.3.1" STYLEREFS="Style_3" VPOS="1546" WIDTH="82" WC="1.00" CC="0000" TAGREFS=""/>
            <SP HPOS="226" ID="SP_279.8.3.2" VPOS="1542" WIDTH="24"/>
            <String CONTENT="which" HEIGHT="34" HPOS="250" ID="ST_279.8.3.3" STYLEREFS="Style_3" VPOS="1542" WIDTH="112" WC="0.98" CC="00000" TAGREFS=""/>
            <SP HPOS="362" ID="SP_279.8.3.4" VPOS="1553" WIDTH="24"/>
            <String CONTENT="was" HEIGHT="27" HPOS="386" ID="ST_279.8.3.5" STYLEREFS="Style_3" VPOS="1553" WIDTH="70" WC="0.73" CC="000" TAGREFS=""/>
            <SP HPOS="456" ID="SP_279.8.3.6" VPOS="1542" WIDTH="25"/>
            <String CONTENT="established" HEIGHT="35" HPOS="481" ID="ST_279.8.3.7" STYLEREFS="Style_3" VPOS="1542" WIDTH="211" WC="0.96" CC="00000000000" TAGREFS=""/>
            <SP HPOS="692" ID="SP_279.8.3.8" VPOS="1542" WIDTH="25"/>
            <String CONTENT="in" HEIGHT="35" HPOS="717" ID="ST_279.8.3.9" STYLEREFS="Style_3" VPOS="1542" WIDTH="34" WC="1.00" CC="00" TAGREFS=""/>
            <SP HPOS="751" ID="SP_279.8.3.10" VPOS="1544" WIDTH="30"/>
            <String CONTENT="1976." HEIGHT="33" HPOS="781" ID="ST_279.8.3.11" STYLEREFS="Style_3" VPOS="1544" WIDTH="97" WC="0.89" CC="00000" TAGREFS=""/>
            <SP HPOS="878" ID="SP_279.8.3.12" VPOS="1544" WIDTH="26"/>
            <String CONTENT="They" HEIGHT="42" HPOS="904" ID="ST_279.8.3.13" STYLEREFS="Style_3" VPOS="1544" WIDTH="98" WC="0.83" CC="0000" TAGREFS=""/>
            <SP HPOS="1002" ID="SP_279.8.3.14" VPOS="1543" WIDTH="24"/>
            <String CONTENT="contend" HEIGHT="35" HPOS="1026" ID="ST_279.8.3.15" STYLEREFS="Style_3" VPOS="1543" WIDTH="149" WC="0.91" CC="0000000" TAGREFS=""/>
            <SP HPOS="1175" ID="SP_279.8.3.16" VPOS="1543" WIDTH="25"/>
            <String CONTENT="that" HEIGHT="35" HPOS="1200" ID="ST_279.8.3.17" STYLEREFS="Style_3" VPOS="1543" WIDTH="76" WC="0.87" CC="0000" TAGREFS=""/>
            <SP HPOS="1276" ID="SP_279.8.3.18" VPOS="1543" WIDTH="24"/>
            <String CONTENT="the" HEIGHT="34" HPOS="1300" ID="ST_279.8.3.19" STYLEREFS="Style_3" VPOS="1543" WIDTH="59" WC="0.96" CC="000" TAGREFS=""/>
          </TextLine>
          <TextLine HEIGHT="45" HPOS="145" ID="TL_279.8.4" VPOS="1591" WIDTH="1214">
            <String CONTENT="purpose" HEIGHT="34" HPOS="145" ID="ST_279.8.4.1" STYLEREFS="Style_3" VPOS="1601" WIDTH="149" WC="1.00" CC="0000000" TAGREFS=""/>
            <SP HPOS="294" ID="SP_279.8.4.2" VPOS="1591" WIDTH="16"/>
            <String CONTENT="of" HEIGHT="35" HPOS="310" ID="ST_279.8.4.3" STYLEREFS="Style_3" VPOS="1591" WIDTH="39" WC="1.00" CC="00" TAGREFS=""/>
            <SP HPOS="349" ID="SP_279.8.4.4" VPOS="1592" WIDTH="14"/>
            <String CONTENT="this" HEIGHT="35" HPOS="363" ID="ST_279.8.4.5" STYLEREFS="Style_3" VPOS="1592" WIDTH="67" WC="0.98" CC="0000" TAGREFS=""/>
            <SP HPOS="430" ID="SP_279.8.4.6" VPOS="1602" WIDTH="18"/>
            <String CONTENT="new" HEIGHT="24" HPOS="448" ID="ST_279.8.4.7" STYLEREFS="Style_3" VPOS="1602" WIDTH="74" WC="1.00" CC="000" TAGREFS=""/>
            <SP HPOS="522" ID="SP_279.8.4.8" VPOS="1597" WIDTH="18"/>
            <String CONTENT="gate" HEIGHT="38" HPOS="540" ID="ST_279.8.4.9" STYLEREFS="Style_3" VPOS="1597" WIDTH="81" WC="1.00" CC="0000" TAGREFS=""/>
            <SP HPOS="621" ID="SP_279.8.4.10" VPOS="1602" WIDTH="17"/>
            <String CONTENT="was" HEIGHT="26" HPOS="638" ID="ST_279.8.4.11" STYLEREFS="Style_3" VPOS="1602" WIDTH="70" WC="0.85" CC="000" TAGREFS=""/>
            <SP HPOS="708" ID="SP_279.8.4.12" VPOS="1597" WIDTH="18"/>
            <String CONTENT="to" HEIGHT="29" HPOS="726" ID="ST_279.8.4.13" STYLEREFS="Style_3" VPOS="1597" WIDTH="36" WC="1.00" CC="00" TAGREFS=""/>
            <SP HPOS="762" ID="SP_279.8.4.14" VPOS="1592" WIDTH="16"/>
            <String CONTENT="close" HEIGHT="35" HPOS="778" ID="ST_279.8.4.15" STYLEREFS="Style_3" VPOS="1592" WIDTH="91" WC="1.00" CC="00000" TAGREFS=""/>
            <SP HPOS="869" ID="SP_279.8.4.16" VPOS="1593" WIDTH="17"/>
            <String CONTENT="their" HEIGHT="34" HPOS="886" ID="ST_279.8.4.17" STYLEREFS="Style_3" VPOS="1593" WIDTH="90" WC="0.94" CC="00000" TAGREFS=""/>
            <SP HPOS="976" ID="SP_279.8.4.18" VPOS="1598" WIDTH="17"/>
            <String CONTENT="property" HEIGHT="38" HPOS="993" ID="ST_279.8.4.19" STYLEREFS="Style_3" VPOS="1598" WIDTH="162" WC="0.93" CC="00000000" TAGREFS=""/>
            <SP HPOS="1155" ID="SP_279.8.4.20" VPOS="1598" WIDTH="18"/>
            <String CONTENT="to" HEIGHT="29" HPOS="1173" ID="ST_279.8.4.21" STYLEREFS="Style_3" VPOS="1598" WIDTH="35" WC="1.00" CC="00" TAGREFS=""/>
            <SP HPOS="1208" ID="SP_279.8.4.22" VPOS="1592" WIDTH="17"/>
            <String CONTENT="confine" HEIGHT="35" HPOS="1225" ID="ST_279.8.4.23" STYLEREFS="Style_3" VPOS="1592" WIDTH="134" WC="0.98" CC="0000000" TAGREFS=""/>
          </TextLine>
          <TextLine HEIGHT="45" HPOS="144" ID="TL_279.8.5" VPOS="1640" WIDTH="1213">
            <String CONTENT="their" HEIGHT="35" HPOS="144" ID="ST_279.8.5.1" STYLEREFS="Style_3" VPOS="1640" WIDTH="91" WC="1.00" CC="00000" TAGREFS=""/>
            <SP HPOS="235" ID="SP_279.8.5.2" VPOS="1641" WIDTH="9"/>
            <String CONTENT="cattle." HEIGHT="35" HPOS="244" ID="ST_279.8.5.3" STYLEREFS="Style_3" VPOS="1641" WIDTH="115" WC="1.00" CC="0000000" TAGREFS=""/>
            <SP HPOS="359" ID="SP_279.8.5.4" VPOS="1641" WIDTH="12"/>
            <String CONTENT="Appellants" HEIGHT="44" HPOS="371" ID="ST_279.8.5.5" STYLEREFS="Style_3" VPOS="1641" WIDTH="205" WC="0.96" CC="0000000000" TAGREFS=""/>
            <SP HPOS="576" ID="SP_279.8.5.6" VPOS="1641" WIDTH="11"/>
            <String CONTENT="maintain" HEIGHT="35" HPOS="587" ID="ST_279.8.5.7" STYLEREFS="Style_3" VPOS="1641" WIDTH="170" WC="0.84" CC="00000000" TAGREFS=""/>
            <SP HPOS="757" ID="SP_279.8.5.8" VPOS="1641" WIDTH="10"/>
            <String CONTENT="that" HEIGHT="35" HPOS="767" ID="ST_279.8.5.9" STYLEREFS="Style_3" VPOS="1641" WIDTH="76" WC="0.98" CC="0000" TAGREFS=""/>
            <SP HPOS="843" ID="SP_279.8.5.10" VPOS="1642" WIDTH="9"/>
            <String CONTENT="they" HEIGHT="43" HPOS="852" ID="ST_279.8.5.11" STYLEREFS="Style_3" VPOS="1642" WIDTH="82" WC="0.93" CC="0000" TAGREFS=""/>
            <SP HPOS="934" ID="SP_279.8.5.12" VPOS="1652" WIDTH="9"/>
            <String CONTENT="were" HEIGHT="24" HPOS="943" ID="ST_279.8.5.13" STYLEREFS="Style_3" VPOS="1652" WIDTH="91" WC="0.93" CC="0000" TAGREFS=""/>
            <SP HPOS="1034" ID="SP_279.8.5.14" VPOS="1642" WIDTH="9"/>
            <String CONTENT="confused" HEIGHT="34" HPOS="1043" ID="ST_279.8.5.15" STYLEREFS="Style_3" VPOS="1642" WIDTH="166" WC="1.00" CC="00000000" TAGREFS=""/>
            <SP HPOS="1209" ID="SP_279.8.5.16" VPOS="1641" WIDTH="11"/>
            <String CONTENT="regard-" HEIGHT="44" HPOS="1220" ID="ST_279.8.5.17" STYLEREFS="Style_3" VPOS="1641" WIDTH="137" WC="0.96" CC="0000000" TAGREFS=""/>
          </TextLine>
          <TextLine HEIGHT="46" HPOS="145" ID="TL_279.8.6" VPOS="1690" WIDTH="1212">
            <String CONTENT="ing" HEIGHT="44" HPOS="145" ID="ST_279.8.6.1" STYLEREFS="Style_3" VPOS="1690" WIDTH="58" WC="1.00" CC="000" TAGREFS=""/>
            <SP HPOS="203" ID="SP_279.8.6.2" VPOS="1690" WIDTH="14"/>
            <String CONTENT="the" HEIGHT="35" HPOS="217" ID="ST_279.8.6.3" STYLEREFS="Style_3" VPOS="1690" WIDTH="60" WC="0.89" CC="000" TAGREFS=""/>
            <SP HPOS="277" ID="SP_279.8.6.4" VPOS="1691" WIDTH="14"/>
            <String CONTENT="restrictions" HEIGHT="35" HPOS="291" ID="ST_279.8.6.5" STYLEREFS="Style_3" VPOS="1691" WIDTH="210" WC="0.94" CC="000000000000" TAGREFS=""/>
            <SP HPOS="501" ID="SP_279.8.6.6" VPOS="1691" WIDTH="14"/>
            <String CONTENT="placed" HEIGHT="44" HPOS="515" ID="ST_279.8.6.7" STYLEREFS="Style_3" VPOS="1691" WIDTH="123" WC="1.00" CC="000000" TAGREFS=""/>
            <SP HPOS="638" ID="SP_279.8.6.8" VPOS="1702" WIDTH="14"/>
            <String CONTENT="on" HEIGHT="24" HPOS="652" ID="ST_279.8.6.9" STYLEREFS="Style_3" VPOS="1702" WIDTH="44" WC="1.00" CC="00" TAGREFS=""/>
            <SP HPOS="696" ID="SP_279.8.6.10" VPOS="1691" WIDTH="15"/>
            <String CONTENT="the" HEIGHT="35" HPOS="711" ID="ST_279.8.6.11" STYLEREFS="Style_3" VPOS="1691" WIDTH="59" WC="0.95" CC="000" TAGREFS=""/>
            <SP HPOS="770" ID="SP_279.8.6.12" VPOS="1691" WIDTH="14"/>
            <String CONTENT="roadway" HEIGHT="45" HPOS="784" ID="ST_279.8.6.13" STYLEREFS="Style_3" VPOS="1691" WIDTH="162" WC="0.95" CC="0000000" TAGREFS=""/>
            <SP HPOS="946" ID="SP_279.8.6.14" VPOS="1691" WIDTH="14"/>
            <String CONTENT="by" HEIGHT="44" HPOS="960" ID="ST_279.8.6.15" STYLEREFS="Style_3" VPOS="1691" WIDTH="46" WC="0.97" CC="00" TAGREFS=""/>
            <SP HPOS="1006" ID="SP_279.8.6.16" VPOS="1691" WIDTH="13"/>
            <String CONTENT="the" HEIGHT="35" HPOS="1019" ID="ST_279.8.6.17" STYLEREFS="Style_3" VPOS="1691" WIDTH="60" WC="1.00" CC="000" TAGREFS=""/>
            <SP HPOS="1079" ID="SP_279.8.6.18" VPOS="1697" WIDTH="13"/>
            <String CONTENT="court" HEIGHT="30" HPOS="1092" ID="ST_279.8.6.19" STYLEREFS="Style_3" VPOS="1697" WIDTH="99" WC="1.00" CC="00000" TAGREFS=""/>
            <SP HPOS="1191" ID="SP_279.8.6.20" VPOS="1692" WIDTH="14"/>
            <String CONTENT="in" HEIGHT="35" HPOS="1205" ID="ST_279.8.6.21" STYLEREFS="Style_3" VPOS="1692" WIDTH="34" WC="0.85" CC="00" TAGREFS=""/>
            <SP HPOS="1239" ID="SP_279.8.6.22" VPOS="1692" WIDTH="19"/>
            <String CONTENT="1983," HEIGHT="41" HPOS="1258" ID="ST_279.8.6.23" STYLEREFS="Style_3" VPOS="1692" WIDTH="99" WC="0.83" CC="99000" TAGREFS=""/>
          </TextLine>
          <TextLine HEIGHT="45" HPOS="145" ID="TL_279.8.7" VPOS="1741" WIDTH="1218">
            <String CONTENT="particularly" HEIGHT="45" HPOS="145" ID="ST_279.8.7.1" STYLEREFS="Style_3" VPOS="1741" WIDTH="225" WC="0.92" CC="000000000000" TAGREFS=""/>
            <SP HPOS="370" ID="SP_279.8.7.2" VPOS="1741" WIDTH="13"/>
            <String CONTENT="in" HEIGHT="36" HPOS="383" ID="ST_279.8.7.3" STYLEREFS="Style_3" VPOS="1741" WIDTH="34" WC="0.93" CC="00" TAGREFS=""/>
            <SP HPOS="417" ID="SP_279.8.7.4" VPOS="1741" WIDTH="14"/>
            <String CONTENT="light" HEIGHT="44" HPOS="431" ID="ST_279.8.7.5" STYLEREFS="Style_3" VPOS="1741" WIDTH="87" WC="0.90" CC="00000" TAGREFS=""/>
            <SP HPOS="518" ID="SP_279.8.7.6" VPOS="1741" WIDTH="13"/>
            <String CONTENT="of" HEIGHT="36" HPOS="531" ID="ST_279.8.7.7" STYLEREFS="Style_3" VPOS="1741" WIDTH="39" WC="1.00" CC="00" TAGREFS=""/>
            <SP HPOS="570" ID="SP_279.8.7.8" VPOS="1741" WIDTH="10"/>
            <String CONTENT="the" HEIGHT="36" HPOS="580" ID="ST_279.8.7.9" STYLEREFS="Style_3" VPOS="1741" WIDTH="60" WC="1.00" CC="000" TAGREFS=""/>
            <SP HPOS="640" ID="SP_279.8.7.10" VPOS="1742" WIDTH="13"/>
            <String CONTENT="fact" HEIGHT="36" HPOS="653" ID="ST_279.8.7.11" STYLEREFS="Style_3" VPOS="1742" WIDTH="73" WC="1.00" CC="0000" TAGREFS=""/>
            <SP HPOS="726" ID="SP_279.8.7.12" VPOS="1742" WIDTH="12"/>
            <String CONTENT="that" HEIGHT="35" HPOS="738" ID="ST_279.8.7.13" STYLEREFS="Style_3" VPOS="1742" WIDTH="77" WC="0.86" CC="0000" TAGREFS=""/>
            <SP HPOS="815" ID="SP_279.8.7.14" VPOS="1742" WIDTH="13"/>
            <String CONTENT="the" HEIGHT="36" HPOS="828" ID="ST_279.8.7.15" STYLEREFS="Style_3" VPOS="1742" WIDTH="59" WC="0.95" CC="000" TAGREFS=""/>
            <SP HPOS="887" ID="SP_279.8.7.16" VPOS="1742" WIDTH="12"/>
            <String CONTENT="order" HEIGHT="36" HPOS="899" ID="ST_279.8.7.17" STYLEREFS="Style_3" VPOS="1742" WIDTH="101" WC="0.86" CC="00000" TAGREFS=""/>
            <SP HPOS="1000" ID="SP_279.8.7.18" VPOS="1753" WIDTH="13"/>
            <String CONTENT="was" HEIGHT="25" HPOS="1013" ID="ST_279.8.7.19" STYLEREFS="Style_3" VPOS="1753" WIDTH="70" WC="1.00" CC="000" TAGREFS=""/>
            <SP HPOS="1083" ID="SP_279.8.7.20" VPOS="1748" WIDTH="14"/>
            <String CONTENT="not" HEIGHT="30" HPOS="1097" ID="ST_279.8.7.21" STYLEREFS="Style_3" VPOS="1748" WIDTH="60" WC="1.00" CC="000" TAGREFS=""/>
            <SP HPOS="1157" ID="SP_279.8.7.22" VPOS="1741" WIDTH="13"/>
            <String CONTENT="entered" HEIGHT="37" HPOS="1170" ID="ST_279.8.7.23" STYLEREFS="Style_3" VPOS="1741" WIDTH="140" WC="0.95" CC="0000000" TAGREFS=""/>
            <SP HPOS="1310" ID="SP_279.8.7.24" VPOS="1742" WIDTH="13"/>
            <String CONTENT="of" HEIGHT="36" HPOS="1323" ID="ST_279.8.7.25" STYLEREFS="Style_3" VPOS="1742" WIDTH="40" WC="1.00" CC="00" TAGREFS=""/>
          </TextLine>
          <TextLine HEIGHT="47" HPOS="145" ID="TL_279.8.8" VPOS="1791" WIDTH="1126">
            <String CONTENT="record" HEIGHT="37" HPOS="145" ID="ST_279.8.8.1" STYLEREFS="Style_3" VPOS="1791" WIDTH="121" WC="1.00" CC="000000" TAGREFS=""/>
            <SP HPOS="266" ID="SP_279.8.8.2" VPOS="1792" WIDTH="20"/>
            <String CONTENT="until" HEIGHT="36" HPOS="286" ID="ST_279.8.8.3" STYLEREFS="Style_3" VPOS="1792" WIDTH="87" WC="0.90" CC="00000" TAGREFS=""/>
            <SP HPOS="373" ID="SP_279.8.8.4" VPOS="1792" WIDTH="21"/>
            <String CONTENT="after" HEIGHT="36" HPOS="394" ID="ST_279.8.8.5" STYLEREFS="Style_3" VPOS="1792" WIDTH="90" WC="0.99" CC="00000" TAGREFS=""/>
            <SP HPOS="484" ID="SP_279.8.8.6" VPOS="1792" WIDTH="20"/>
            <String CONTENT="the" HEIGHT="36" HPOS="504" ID="ST_279.8.8.7" STYLEREFS="Style_3" VPOS="1792" WIDTH="59" WC="0.93" CC="000" TAGREFS=""/>
            <SP HPOS="563" ID="SP_279.8.8.8" VPOS="1793" WIDTH="20"/>
            <String CONTENT="appeal" HEIGHT="45" HPOS="583" ID="ST_279.8.8.9" STYLEREFS="Style_3" VPOS="1793" WIDTH="124" WC="0.96" CC="000000" TAGREFS=""/>
            <SP HPOS="707" ID="SP_279.8.8.10" VPOS="1792" WIDTH="20"/>
            <String CONTENT="of" HEIGHT="36" HPOS="727" ID="ST_279.8.8.11" STYLEREFS="Style_3" VPOS="1792" WIDTH="40" WC="1.00" CC="00" TAGREFS=""/>
            <SP HPOS="767" ID="SP_279.8.8.12" VPOS="1793" WIDTH="16"/>
            <String CONTENT="the" HEIGHT="36" HPOS="783" ID="ST_279.8.8.13" STYLEREFS="Style_3" VPOS="1793" WIDTH="59" WC="1.00" CC="000" TAGREFS=""/>
            <SP HPOS="842" ID="SP_279.8.8.14" VPOS="1794" WIDTH="20"/>
            <String CONTENT="January," HEIGHT="44" HPOS="862" ID="ST_279.8.8.15" STYLEREFS="Style_3" VPOS="1794" WIDTH="166" WC="0.83" CC="00000000" TAGREFS=""/>
            <SP HPOS="1028" ID="SP_279.8.8.16" VPOS="1794" WIDTH="25"/>
            <String CONTENT="1985" HEIGHT="35" HPOS="1053" ID="ST_279.8.8.17" STYLEREFS="Style_3" VPOS="1794" WIDTH="87" WC="1.00" CC="0000" TAGREFS=""/>
            <SP HPOS="1140" ID="SP_279.8.8.18" VPOS="1794" WIDTH="21"/>
            <String CONTENT="order." HEIGHT="35" HPOS="1161" ID="ST_279.8.8.19" STYLEREFS="Style_3" VPOS="1794" WIDTH="110" WC="1.00" CC="000000" TAGREFS=""/>
          </TextLine>
        </TextBlock>
        <TextBlock HEIGHT="192.0" HPOS="144.0" ID="BL_279.9" TAGREFS="b279-11" VPOS="1880.0" WIDTH="1216.0">
          <TextLine HEIGHT="45" HPOS="236" ID="TL_279.9.1" VPOS="1880" WIDTH="1123">
            <String CONTENT="Appellees" HEIGHT="44" HPOS="236" ID="ST_279.9.1.1" STYLEREFS="Style_3" VPOS="1880" WIDTH="184" WC="0.97" CC="000000000" TAGREFS=""/>
            <SP HPOS="420" ID="SP_279.9.1.2" VPOS="1880" WIDTH="9"/>
            <String CONTENT="testified" HEIGHT="35" HPOS="429" ID="ST_279.9.1.3" STYLEREFS="Style_3" VPOS="1880" WIDTH="150" WC="1.00" CC="000000000" TAGREFS=""/>
            <SP HPOS="579" ID="SP_279.9.1.4" VPOS="1880" WIDTH="9"/>
            <String CONTENT="that" HEIGHT="36" HPOS="588" ID="ST_279.9.1.5" STYLEREFS="Style_3" VPOS="1880" WIDTH="77" WC="1.00" CC="0000" TAGREFS=""/>
            <SP HPOS="665" ID="SP_279.9.1.6" VPOS="1881" WIDTH="9"/>
            <String CONTENT="the" HEIGHT="35" HPOS="674" ID="ST_279.9.1.7" STYLEREFS="Style_3" VPOS="1881" WIDTH="59" WC="0.87" CC="000" TAGREFS=""/>
            <SP HPOS="733" ID="SP_279.9.1.8" VPOS="1881" WIDTH="8"/>
            <String CONTENT="wire-gap" HEIGHT="44" HPOS="741" ID="ST_279.9.1.9" STYLEREFS="Style_3" VPOS="1881" WIDTH="166" WC="1.00" CC="00000000" TAGREFS=""/>
            <SP HPOS="907" ID="SP_279.9.1.10" VPOS="1885" WIDTH="9"/>
            <String CONTENT="gate" HEIGHT="40" HPOS="916" ID="ST_279.9.1.11" STYLEREFS="Style_3" VPOS="1885" WIDTH="81" WC="1.00" CC="0000" TAGREFS=""/>
            <SP HPOS="997" ID="SP_279.9.1.12" VPOS="1881" WIDTH="8"/>
            <String CONTENT="had" HEIGHT="34" HPOS="1005" ID="ST_279.9.1.13" STYLEREFS="Style_3" VPOS="1881" WIDTH="70" WC="0.88" CC="000" TAGREFS=""/>
            <SP HPOS="1075" ID="SP_279.9.1.14" VPOS="1881" WIDTH="9"/>
            <String CONTENT="been" HEIGHT="35" HPOS="1084" ID="ST_279.9.1.15" STYLEREFS="Style_3" VPOS="1881" WIDTH="87" WC="0.91" CC="0000" TAGREFS=""/>
            <SP HPOS="1171" ID="SP_279.9.1.16" VPOS="1881" WIDTH="9"/>
            <String CONTENT="stapled" HEIGHT="44" HPOS="1180" ID="ST_279.9.1.17" STYLEREFS="Style_3" VPOS="1881" WIDTH="134" WC="0.97" CC="0000000" TAGREFS=""/>
            <SP HPOS="1314" ID="SP_279.9.1.18" VPOS="1886" WIDTH="9"/>
            <String CONTENT="to" HEIGHT="30" HPOS="1323" ID="ST_279.9.1.19" STYLEREFS="Style_3" VPOS="1886" WIDTH="36" WC="1.00" CC="00" TAGREFS=""/>
          </TextLine>
          <TextLine HEIGHT="45" HPOS="145" ID="TL_279.9.2" VPOS="1929" WIDTH="1213">
            <String CONTENT="the" HEIGHT="34" HPOS="145" ID="ST_279.9.2.1" STYLEREFS="Style_3" VPOS="1930" WIDTH="59" WC="0.90" CC="000" TAGREFS=""/>
            <SP HPOS="204" ID="SP_279.9.2.2" VPOS="1934" WIDTH="25"/>
            <String CONTENT="post" HEIGHT="38" HPOS="229" ID="ST_279.9.2.3" STYLEREFS="Style_3" VPOS="1934" WIDTH="77" WC="1.00" CC="0000" TAGREFS=""/>
            <SP HPOS="306" ID="SP_279.9.2.4" VPOS="1934" WIDTH="25"/>
            <String CONTENT="to" HEIGHT="30" HPOS="331" ID="ST_279.9.2.5" STYLEREFS="Style_3" VPOS="1934" WIDTH="35" WC="1.00" CC="00" TAGREFS=""/>
            <SP HPOS="366" ID="SP_279.9.2.6" VPOS="1935" WIDTH="25"/>
            <String CONTENT="prevent" HEIGHT="39" HPOS="391" ID="ST_279.9.2.7" STYLEREFS="Style_3" VPOS="1935" WIDTH="141" WC="0.93" CC="0000000" TAGREFS=""/>
            <SP HPOS="532" ID="SP_279.9.2.8" VPOS="1941" WIDTH="25"/>
            <String CONTENT="use," HEIGHT="30" HPOS="557" ID="ST_279.9.2.9" STYLEREFS="Style_3" VPOS="1941" WIDTH="72" WC="1.00" CC="0000" TAGREFS=""/>
            <SP HPOS="629" ID="SP_279.9.2.10" VPOS="1929" WIDTH="27"/>
            <String CONTENT="and" HEIGHT="36" HPOS="656" ID="ST_279.9.2.11" STYLEREFS="Style_3" VPOS="1929" WIDTH="68" WC="0.88" CC="000" TAGREFS=""/>
            <SP HPOS="724" ID="SP_279.9.2.12" VPOS="1930" WIDTH="26"/>
            <String CONTENT="that" HEIGHT="35" HPOS="750" ID="ST_279.9.2.13" STYLEREFS="Style_3" VPOS="1930" WIDTH="76" WC="0.87" CC="0000" TAGREFS=""/>
            <SP HPOS="826" ID="SP_279.9.2.14" VPOS="1931" WIDTH="24"/>
            <String CONTENT="such" HEIGHT="34" HPOS="850" ID="ST_279.9.2.15" STYLEREFS="Style_3" VPOS="1931" WIDTH="85" WC="0.87" CC="0000" TAGREFS=""/>
            <SP HPOS="935" ID="SP_279.9.2.16" VPOS="1941" WIDTH="26"/>
            <String CONTENT="a" HEIGHT="23" HPOS="961" ID="ST_279.9.2.17" STYLEREFS="Style_3" VPOS="1941" WIDTH="21" WC="1.00" CC="0" TAGREFS=""/>
            <SP HPOS="982" ID="SP_279.9.2.18" VPOS="1930" WIDTH="25"/>
            <String CONTENT="wire" HEIGHT="35" HPOS="1007" ID="ST_279.9.2.19" STYLEREFS="Style_3" VPOS="1930" WIDTH="82" WC="0.94" CC="0000" TAGREFS=""/>
            <SP HPOS="1089" ID="SP_279.9.2.20" VPOS="1936" WIDTH="25"/>
            <String CONTENT="gate" HEIGHT="38" HPOS="1114" ID="ST_279.9.2.21" STYLEREFS="Style_3" VPOS="1936" WIDTH="81" WC="0.90" CC="0000" TAGREFS=""/>
            <SP HPOS="1195" ID="SP_279.9.2.22" VPOS="1941" WIDTH="24"/>
            <String CONTENT="was" HEIGHT="24" HPOS="1219" ID="ST_279.9.2.23" STYLEREFS="Style_3" VPOS="1941" WIDTH="69" WC="0.99" CC="000" TAGREFS=""/>
            <SP HPOS="1288" ID="SP_279.9.2.24" VPOS="1941" WIDTH="25"/>
            <String CONTENT="an" HEIGHT="24" HPOS="1313" ID="ST_279.9.2.25" STYLEREFS="Style_3" VPOS="1941" WIDTH="45" WC="0.74" CC="00" TAGREFS=""/>
          </TextLine>
          <TextLine HEIGHT="46" HPOS="144" ID="TL_279.9.3" VPOS="1978" WIDTH="1216">
            <String CONTENT="obstruction" HEIGHT="35" HPOS="144" ID="ST_279.9.3.1" STYLEREFS="Style_3" VPOS="1979" WIDTH="215" WC="0.53" CC="00000000000" TAGREFS=""/>
            <SP HPOS="359" ID="SP_279.9.3.2" VPOS="1978" WIDTH="11"/>
            <String CONTENT="placed" HEIGHT="45" HPOS="370" ID="ST_279.9.3.3" STYLEREFS="Style_3" VPOS="1978" WIDTH="122" WC="0.72" CC="000000" TAGREFS=""/>
            <SP HPOS="492" ID="SP_279.9.3.4" VPOS="1990" WIDTH="11"/>
            <String CONTENT="on" HEIGHT="23" HPOS="503" ID="ST_279.9.3.5" STYLEREFS="Style_3" VPOS="1990" WIDTH="45" WC="0.67" CC="00" TAGREFS=""/>
            <SP HPOS="548" ID="SP_279.9.3.6" VPOS="1979" WIDTH="10"/>
            <String CONTENT="the" HEIGHT="35" HPOS="558" ID="ST_279.9.3.7" STYLEREFS="Style_3" VPOS="1979" WIDTH="61" WC="0.59" CC="000" TAGREFS=""/>
            <SP HPOS="619" ID="SP_279.9.3.8" VPOS="1979" WIDTH="10"/>
            <String CONTENT="lands" HEIGHT="35" HPOS="629" ID="ST_279.9.3.9" STYLEREFS="Style_3" VPOS="1979" WIDTH="100" WC="0.64" CC="00000" TAGREFS=""/>
            <SP HPOS="729" ID="SP_279.9.3.10" VPOS="1979" WIDTH="10"/>
            <String CONTENT="by" HEIGHT="44" HPOS="739" ID="ST_279.9.3.11" STYLEREFS="Style_3" VPOS="1979" WIDTH="45" WC="0.32" CC="00" TAGREFS=""/>
            <SP HPOS="784" ID="SP_279.9.3.12" VPOS="1980" WIDTH="11"/>
            <String CONTENT="the" HEIGHT="34" HPOS="795" ID="ST_279.9.3.13" STYLEREFS="Style_3" VPOS="1980" WIDTH="60" WC="0.62" CC="000" TAGREFS=""/>
            <SP HPOS="855" ID="SP_279.9.3.14" VPOS="1980" WIDTH="10"/>
            <String CONTENT="appellants," HEIGHT="44" HPOS="865" ID="ST_279.9.3.15" STYLEREFS="Style_3" VPOS="1980" WIDTH="206" WC="0.72" CC="00000000000" TAGREFS=""/>
            <SP HPOS="1071" ID="SP_279.9.3.16" VPOS="1985" WIDTH="11"/>
            <String CONTENT="contrary" HEIGHT="38" HPOS="1082" ID="ST_279.9.3.17" STYLEREFS="Style_3" VPOS="1985" WIDTH="161" WC="0.71" CC="00000000" TAGREFS=""/>
            <SP HPOS="1243" ID="SP_279.9.3.18" VPOS="1985" WIDTH="11"/>
            <String CONTENT="to" HEIGHT="29" HPOS="1254" ID="ST_279.9.3.19" STYLEREFS="Style_3" VPOS="1985" WIDTH="36" WC="0.56" CC="00" TAGREFS=""/>
            <SP HPOS="1290" ID="SP_279.9.3.20" VPOS="1980" WIDTH="10"/>
            <String CONTENT="the" HEIGHT="35" HPOS="1300" ID="ST_279.9.3.21" STYLEREFS="Style_3" VPOS="1980" WIDTH="60" WC="0.70" CC="000" TAGREFS=""/>
          </TextLine>
          <TextLine HEIGHT="44" HPOS="145" ID="TL_279.9.4" VPOS="2028" WIDTH="665">
            <String CONTENT="courts" HEIGHT="34" HPOS="145" ID="ST_279.9.4.1" STYLEREFS="Style_3" VPOS="2028" WIDTH="128" WC="0.86" CC="0000090" TAGREFS=""/>
            <SP HPOS="273" ID="SP_279.9.4.2" VPOS="2028" WIDTH="20"/>
            <String CONTENT="order" HEIGHT="35" HPOS="293" ID="ST_279.9.4.3" STYLEREFS="Style_3" VPOS="2028" WIDTH="100" WC="1.00" CC="00000" TAGREFS=""/>
            <SP HPOS="393" ID="SP_279.9.4.4" VPOS="2028" WIDTH="20"/>
            <String CONTENT="of" HEIGHT="35" HPOS="413" ID="ST_279.9.4.5" STYLEREFS="Style_3" VPOS="2028" WIDTH="39" WC="0.84" CC="00" TAGREFS=""/>
            <SP HPOS="452" ID="SP_279.9.4.6" VPOS="2028" WIDTH="17"/>
            <String CONTENT="September," HEIGHT="44" HPOS="469" ID="ST_279.9.4.7" STYLEREFS="Style_3" VPOS="2028" WIDTH="217" WC="0.94" CC="0000000000" TAGREFS=""/>
            <SP HPOS="686" ID="SP_279.9.4.8" VPOS="2029" WIDTH="25"/>
            <String CONTENT="1976." HEIGHT="34" HPOS="711" ID="ST_279.9.4.9" STYLEREFS="Style_3" VPOS="2029" WIDTH="99" WC="1.00" CC="00000" TAGREFS=""/>
          </TextLine>
        </TextBlock>
        <TextBlock HEIGHT="342.0" HPOS="145.0" ID="BL_279.10" TAGREFS="b279-12" VPOS="2114.0" WIDTH="1218.0">
          <TextLine HEIGHT="44" HPOS="236" ID="TL_279.10.1" VPOS="2114" WIDTH="1122">
            <String CONTENT="Appellants" HEIGHT="43" HPOS="236" ID="ST_279.10.1.1" STYLEREFS="Style_3" VPOS="2114" WIDTH="206" WC="0.87" CC="0000000000" TAGREFS=""/>
            <SP HPOS="442" ID="SP_279.10.1.2" VPOS="2124" WIDTH="17"/>
            <String CONTENT="argue" HEIGHT="33" HPOS="459" ID="ST_279.10.1.3" STYLEREFS="Style_3" VPOS="2124" WIDTH="107" WC="1.00" CC="00000" TAGREFS=""/>
            <SP HPOS="566" ID="SP_279.10.1.4" VPOS="2114" WIDTH="18"/>
            <String CONTENT="(1)" HEIGHT="43" HPOS="584" ID="ST_279.10.1.5" STYLEREFS="Style_3" VPOS="2114" WIDTH="54" WC="0.90" CC="099" TAGREFS=""/>
            <SP HPOS="638" ID="SP_279.10.1.6" VPOS="2115" WIDTH="19"/>
            <String CONTENT="The" HEIGHT="34" HPOS="657" ID="ST_279.10.1.7" STYLEREFS="Style_3" VPOS="2115" WIDTH="75" WC="0.79" CC="000" TAGREFS=""/>
            <SP HPOS="732" ID="SP_279.10.1.8" VPOS="2114" WIDTH="16"/>
            <String CONTENT="Chancellors" HEIGHT="35" HPOS="748" ID="ST_279.10.1.9" STYLEREFS="Style_3" VPOS="2114" WIDTH="237" WC="0.90" CC="000000000000" TAGREFS=""/>
            <SP HPOS="985" ID="SP_279.10.1.10" VPOS="2114" WIDTH="17"/>
            <String CONTENT="finding" HEIGHT="44" HPOS="1002" ID="ST_279.10.1.11" STYLEREFS="Style_3" VPOS="2114" WIDTH="131" WC="0.97" CC="0000000" TAGREFS=""/>
            <SP HPOS="1133" ID="SP_279.10.1.12" VPOS="2115" WIDTH="17"/>
            <String CONTENT="that" HEIGHT="34" HPOS="1150" ID="ST_279.10.1.13" STYLEREFS="Style_3" VPOS="2115" WIDTH="77" WC="1.00" CC="0000" TAGREFS=""/>
            <SP HPOS="1227" ID="SP_279.10.1.14" VPOS="2115" WIDTH="16"/>
            <String CONTENT="appel-" HEIGHT="43" HPOS="1243" ID="ST_279.10.1.15" STYLEREFS="Style_3" VPOS="2115" WIDTH="115" WC="0.97" CC="000000" TAGREFS=""/>
          </TextLine>
          <TextLine HEIGHT="45" HPOS="145" ID="TL_279.10.2" VPOS="2163" WIDTH="1218">
            <String CONTENT="lants" HEIGHT="34" HPOS="145" ID="ST_279.10.2.1" STYLEREFS="Style_3" VPOS="2163" WIDTH="91" WC="0.94" CC="00000" TAGREFS=""/>
            <SP HPOS="236" ID="SP_279.10.2.2" VPOS="2173" WIDTH="11"/>
            <String CONTENT="were" HEIGHT="24" HPOS="247" ID="ST_279.10.2.3" STYLEREFS="Style_3" VPOS="2173" WIDTH="90" WC="0.86" CC="0000" TAGREFS=""/>
            <SP HPOS="337" ID="SP_279.10.2.4" VPOS="2163" WIDTH="10"/>
            <String CONTENT="in" HEIGHT="35" HPOS="347" ID="ST_279.10.2.5" STYLEREFS="Style_3" VPOS="2163" WIDTH="34" WC="0.94" CC="00" TAGREFS=""/>
            <SP HPOS="381" ID="SP_279.10.2.6" VPOS="2168" WIDTH="11"/>
            <String CONTENT="contempt" HEIGHT="39" HPOS="392" ID="ST_279.10.2.7" STYLEREFS="Style_3" VPOS="2168" WIDTH="177" WC="0.92" CC="00000000" TAGREFS=""/>
            <SP HPOS="569" ID="SP_279.10.2.8" VPOS="2163" WIDTH="11"/>
            <String CONTENT="of" HEIGHT="37" HPOS="580" ID="ST_279.10.2.9" STYLEREFS="Style_3" VPOS="2163" WIDTH="39" WC="0.94" CC="00" TAGREFS=""/>
            <SP HPOS="619" ID="SP_279.10.2.10" VPOS="2168" WIDTH="7"/>
            <String CONTENT="court" HEIGHT="31" HPOS="626" ID="ST_279.10.2.11" STYLEREFS="Style_3" VPOS="2168" WIDTH="99" WC="0.90" CC="00000" TAGREFS=""/>
            <SP HPOS="725" ID="SP_279.10.2.12" VPOS="2174" WIDTH="10"/>
            <String CONTENT="was" HEIGHT="24" HPOS="735" ID="ST_279.10.2.13" STYLEREFS="Style_3" VPOS="2174" WIDTH="70" WC="0.94" CC="000" TAGREFS=""/>
            <SP HPOS="805" ID="SP_279.10.2.14" VPOS="2164" WIDTH="12"/>
            <String CONTENT="against" HEIGHT="43" HPOS="817" ID="ST_279.10.2.15" STYLEREFS="Style_3" VPOS="2164" WIDTH="136" WC="0.95" CC="0000000" TAGREFS=""/>
            <SP HPOS="953" ID="SP_279.10.2.16" VPOS="2164" WIDTH="10"/>
            <String CONTENT="the" HEIGHT="37" HPOS="963" ID="ST_279.10.2.17" STYLEREFS="Style_3" VPOS="2164" WIDTH="60" WC="0.51" CC="000" TAGREFS=""/>
            <SP HPOS="1023" ID="SP_279.10.2.18" VPOS="2164" WIDTH="10"/>
            <String CONTENT="preponderance" HEIGHT="44" HPOS="1033" ID="ST_279.10.2.19" STYLEREFS="Style_3" VPOS="2164" WIDTH="280" WC="0.87" CC="0000000000000" TAGREFS=""/>
            <SP HPOS="1313" ID="SP_279.10.2.20" VPOS="2164" WIDTH="10"/>
            <String CONTENT="of" HEIGHT="34" HPOS="1323" ID="ST_279.10.2.21" STYLEREFS="Style_3" VPOS="2164" WIDTH="40" WC="1.00" CC="00" TAGREFS=""/>
          </TextLine>
          <TextLine HEIGHT="46" HPOS="145" ID="TL_279.10.3" VPOS="2212" WIDTH="1214">
            <String CONTENT="the" HEIGHT="36" HPOS="145" ID="ST_279.10.3.1" STYLEREFS="Style_3" VPOS="2212" WIDTH="60" WC="0.84" CC="000" TAGREFS=""/>
            <SP HPOS="205" ID="SP_279.10.3.2" VPOS="2212" WIDTH="10"/>
            <String CONTENT="evidence;" HEIGHT="42" HPOS="215" ID="ST_279.10.3.3" STYLEREFS="Style_3" VPOS="2212" WIDTH="173" WC="0.97" CC="000000000" TAGREFS=""/>
            <SP HPOS="388" ID="SP_279.10.3.4" VPOS="2212" WIDTH="14"/>
            <String CONTENT="(2)" HEIGHT="44" HPOS="402" ID="ST_279.10.3.5" STYLEREFS="Style_3" VPOS="2212" WIDTH="53" WC="0.80" CC="000" TAGREFS=""/>
            <SP HPOS="455" ID="SP_279.10.3.6" VPOS="2213" WIDTH="13"/>
            <String CONTENT="The" HEIGHT="35" HPOS="468" ID="ST_279.10.3.7" STYLEREFS="Style_3" VPOS="2213" WIDTH="75" WC="0.84" CC="000" TAGREFS=""/>
            <SP HPOS="543" ID="SP_279.10.3.8" VPOS="2213" WIDTH="10"/>
            <String CONTENT="Chancellor" HEIGHT="35" HPOS="553" ID="ST_279.10.3.9" STYLEREFS="Style_3" VPOS="2213" WIDTH="209" WC="0.78" CC="0000000000" TAGREFS=""/>
            <SP HPOS="762" ID="SP_279.10.3.10" VPOS="2214" WIDTH="11"/>
            <String CONTENT="erred" HEIGHT="34" HPOS="773" ID="ST_279.10.3.11" STYLEREFS="Style_3" VPOS="2214" WIDTH="98" WC="0.97" CC="00000" TAGREFS=""/>
            <SP HPOS="871" ID="SP_279.10.3.12" VPOS="2214" WIDTH="11"/>
            <String CONTENT="in" HEIGHT="34" HPOS="882" ID="ST_279.10.3.13" STYLEREFS="Style_3" VPOS="2214" WIDTH="35" WC="1.00" CC="00" TAGREFS=""/>
            <SP HPOS="917" ID="SP_279.10.3.14" VPOS="2218" WIDTH="11"/>
            <String CONTENT="not" HEIGHT="30" HPOS="928" ID="ST_279.10.3.15" STYLEREFS="Style_3" VPOS="2218" WIDTH="61" WC="0.89" CC="000" TAGREFS=""/>
            <SP HPOS="989" ID="SP_279.10.3.16" VPOS="2213" WIDTH="10"/>
            <String CONTENT="finding" HEIGHT="44" HPOS="999" ID="ST_279.10.3.17" STYLEREFS="Style_3" VPOS="2213" WIDTH="132" WC="0.88" CC="0000000" TAGREFS=""/>
            <SP HPOS="1131" ID="SP_279.10.3.18" VPOS="2213" WIDTH="11"/>
            <String CONTENT="appellees" HEIGHT="45" HPOS="1142" ID="ST_279.10.3.19" STYLEREFS="Style_3" VPOS="2213" WIDTH="171" WC="0.98" CC="000000000" TAGREFS=""/>
            <SP HPOS="1313" ID="SP_279.10.3.20" VPOS="2214" WIDTH="12"/>
            <String CONTENT="in" HEIGHT="34" HPOS="1325" ID="ST_279.10.3.21" STYLEREFS="Style_3" VPOS="2214" WIDTH="34" WC="1.00" CC="00" TAGREFS=""/>
          </TextLine>
          <TextLine HEIGHT="46" HPOS="145" ID="TL_279.10.4" VPOS="2262" WIDTH="1215">
            <String CONTENT="contempt;" HEIGHT="39" HPOS="145" ID="ST_279.10.4.1" STYLEREFS="Style_3" VPOS="2267" WIDTH="190" WC="0.90" CC="000000000" TAGREFS=""/>
            <SP HPOS="335" ID="SP_279.10.4.2" VPOS="2262" WIDTH="14"/>
            <String CONTENT="(3)" HEIGHT="43" HPOS="349" ID="ST_279.10.4.3" STYLEREFS="Style_3" VPOS="2262" WIDTH="53" WC="1.00" CC="000" TAGREFS=""/>
            <SP HPOS="402" ID="SP_279.10.4.4" VPOS="2262" WIDTH="12"/>
            <String CONTENT="The" HEIGHT="36" HPOS="414" ID="ST_279.10.4.5" STYLEREFS="Style_3" VPOS="2262" WIDTH="75" WC="0.96" CC="000" TAGREFS=""/>
            <SP HPOS="489" ID="SP_279.10.4.6" VPOS="2262" WIDTH="11"/>
            <String CONTENT="Chancellor" HEIGHT="36" HPOS="500" ID="ST_279.10.4.7" STYLEREFS="Style_3" VPOS="2262" WIDTH="208" WC="0.94" CC="0000000000" TAGREFS=""/>
            <SP HPOS="708" ID="SP_279.10.4.8" VPOS="2263" WIDTH="11"/>
            <String CONTENT="erred" HEIGHT="35" HPOS="719" ID="ST_279.10.4.9" STYLEREFS="Style_3" VPOS="2263" WIDTH="99" WC="1.00" CC="00000" TAGREFS=""/>
            <SP HPOS="818" ID="SP_279.10.4.10" VPOS="2263" WIDTH="11"/>
            <String CONTENT="by" HEIGHT="44" HPOS="829" ID="ST_279.10.4.11" STYLEREFS="Style_3" VPOS="2263" WIDTH="45" WC="0.98" CC="00" TAGREFS=""/>
            <SP HPOS="874" ID="SP_279.10.4.12" VPOS="2269" WIDTH="10"/>
            <String CONTENT="not" HEIGHT="29" HPOS="884" ID="ST_279.10.4.13" STYLEREFS="Style_3" VPOS="2269" WIDTH="60" WC="0.97" CC="000" TAGREFS=""/>
            <SP HPOS="944" ID="SP_279.10.4.14" VPOS="2263" WIDTH="11"/>
            <String CONTENT="permitting" HEIGHT="45" HPOS="955" ID="ST_279.10.4.15" STYLEREFS="Style_3" VPOS="2263" WIDTH="201" WC="0.88" CC="0000000000" TAGREFS=""/>
            <SP HPOS="1156" ID="SP_279.10.4.16" VPOS="2263" WIDTH="11"/>
            <String CONTENT="appellants" HEIGHT="45" HPOS="1167" ID="ST_279.10.4.17" STYLEREFS="Style_3" VPOS="2263" WIDTH="193" WC="0.87" CC="0000000000" TAGREFS=""/>
          </TextLine>
          <TextLine HEIGHT="43" HPOS="146" ID="TL_279.10.5" VPOS="2313" WIDTH="1214">
            <String CONTENT="to" HEIGHT="30" HPOS="146" ID="ST_279.10.5.1" STYLEREFS="Style_3" VPOS="2317" WIDTH="36" WC="1.00" CC="00" TAGREFS=""/>
            <SP HPOS="182" ID="SP_279.10.5.2" VPOS="2317" WIDTH="9"/>
            <String CONTENT="construct" HEIGHT="30" HPOS="191" ID="ST_279.10.5.3" STYLEREFS="Style_3" VPOS="2317" WIDTH="176" WC="0.89" CC="000000000" TAGREFS=""/>
            <SP HPOS="367" ID="SP_279.10.5.4" VPOS="2324" WIDTH="9"/>
            <String CONTENT="a" HEIGHT="24" HPOS="376" ID="ST_279.10.5.5" STYLEREFS="Style_3" VPOS="2324" WIDTH="20" WC="1.00" CC="0" TAGREFS=""/>
            <SP HPOS="396" ID="SP_279.10.5.6" VPOS="2323" WIDTH="11"/>
            <String CONTENT="new" HEIGHT="25" HPOS="407" ID="ST_279.10.5.7" STYLEREFS="Style_3" VPOS="2323" WIDTH="73" WC="0.80" CC="000" TAGREFS=""/>
            <SP HPOS="480" ID="SP_279.10.5.8" VPOS="2318" WIDTH="9"/>
            <String CONTENT="gate" HEIGHT="38" HPOS="489" ID="ST_279.10.5.9" STYLEREFS="Style_3" VPOS="2318" WIDTH="82" WC="1.00" CC="0000" TAGREFS=""/>
            <SP HPOS="571" ID="SP_279.10.5.10" VPOS="2318" WIDTH="9"/>
            <String CONTENT="at" HEIGHT="29" HPOS="580" ID="ST_279.10.5.11" STYLEREFS="Style_3" VPOS="2318" WIDTH="36" WC="1.00" CC="00" TAGREFS=""/>
            <SP HPOS="616" ID="SP_279.10.5.12" VPOS="2324" WIDTH="9"/>
            <String CONTENT="a" HEIGHT="23" HPOS="625" ID="ST_279.10.5.13" STYLEREFS="Style_3" VPOS="2324" WIDTH="21" WC="1.00" CC="0" TAGREFS=""/>
            <SP HPOS="646" ID="SP_279.10.5.14" VPOS="2313" WIDTH="9"/>
            <String CONTENT="different" HEIGHT="35" HPOS="655" ID="ST_279.10.5.15" STYLEREFS="Style_3" VPOS="2313" WIDTH="163" WC="0.73" CC="000000000" TAGREFS=""/>
            <SP HPOS="818" ID="SP_279.10.5.16" VPOS="2313" WIDTH="9"/>
            <String CONTENT="location" HEIGHT="35" HPOS="827" ID="ST_279.10.5.17" STYLEREFS="Style_3" VPOS="2313" WIDTH="150" WC="0.91" CC="00000000" TAGREFS=""/>
            <SP HPOS="977" ID="SP_279.10.5.18" VPOS="2324" WIDTH="9"/>
            <String CONTENT="on" HEIGHT="23" HPOS="986" ID="ST_279.10.5.19" STYLEREFS="Style_3" VPOS="2324" WIDTH="45" WC="0.83" CC="00" TAGREFS=""/>
            <SP HPOS="1031" ID="SP_279.10.5.20" VPOS="2313" WIDTH="9"/>
            <String CONTENT="the" HEIGHT="34" HPOS="1040" ID="ST_279.10.5.21" STYLEREFS="Style_3" VPOS="2313" WIDTH="60" WC="1.00" CC="000" TAGREFS=""/>
            <SP HPOS="1100" ID="SP_279.10.5.22" VPOS="2313" WIDTH="8"/>
            <String CONTENT="roadway;" HEIGHT="43" HPOS="1108" ID="ST_279.10.5.23" STYLEREFS="Style_3" VPOS="2313" WIDTH="173" WC="0.95" CC="00000000" TAGREFS=""/>
            <SP HPOS="1281" ID="SP_279.10.5.24" VPOS="2313" WIDTH="10"/>
            <String CONTENT="and" HEIGHT="35" HPOS="1291" ID="ST_279.10.5.25" STYLEREFS="Style_3" VPOS="2313" WIDTH="69" WC="0.71" CC="000" TAGREFS=""/>
          </TextLine>
          <TextLine HEIGHT="46" HPOS="148" ID="TL_279.10.6" VPOS="2360" WIDTH="1213">
            <String CONTENT="(4)" HEIGHT="45" HPOS="148" ID="ST_279.10.6.1" STYLEREFS="Style_3" VPOS="2360" WIDTH="54" WC="0.94" CC="000" TAGREFS=""/>
            <SP HPOS="202" ID="SP_279.10.6.2" VPOS="2361" WIDTH="15"/>
            <String CONTENT="The" HEIGHT="35" HPOS="217" ID="ST_279.10.6.3" STYLEREFS="Style_3" VPOS="2361" WIDTH="75" WC="0.99" CC="000" TAGREFS=""/>
            <SP HPOS="292" ID="SP_279.10.6.4" VPOS="2362" WIDTH="14"/>
            <String CONTENT="Chancellor" HEIGHT="35" HPOS="306" ID="ST_279.10.6.5" STYLEREFS="Style_3" VPOS="2362" WIDTH="207" WC="0.93" CC="0000000000" TAGREFS=""/>
            <SP HPOS="513" ID="SP_279.10.6.6" VPOS="2362" WIDTH="14"/>
            <String CONTENT="abused" HEIGHT="35" HPOS="527" ID="ST_279.10.6.7" STYLEREFS="Style_3" VPOS="2362" WIDTH="131" WC="1.00" CC="000000" TAGREFS=""/>
            <SP HPOS="658" ID="SP_279.10.6.8" VPOS="2362" WIDTH="14"/>
            <String CONTENT="his" HEIGHT="36" HPOS="672" ID="ST_279.10.6.9" STYLEREFS="Style_3" VPOS="2362" WIDTH="52" WC="0.72" CC="000" TAGREFS=""/>
            <SP HPOS="724" ID="SP_279.10.6.10" VPOS="2362" WIDTH="14"/>
            <String CONTENT="discretion" HEIGHT="36" HPOS="738" ID="ST_279.10.6.11" STYLEREFS="Style_3" VPOS="2362" WIDTH="185" WC="1.00" CC="0000000000" TAGREFS=""/>
            <SP HPOS="923" ID="SP_279.10.6.12" VPOS="2363" WIDTH="14"/>
            <String CONTENT="by" HEIGHT="43" HPOS="937" ID="ST_279.10.6.13" STYLEREFS="Style_3" VPOS="2363" WIDTH="46" WC="0.86" CC="00" TAGREFS=""/>
            <SP HPOS="983" ID="SP_279.10.6.14" VPOS="2363" WIDTH="12"/>
            <String CONTENT="ruling" HEIGHT="43" HPOS="995" ID="ST_279.10.6.15" STYLEREFS="Style_3" VPOS="2363" WIDTH="114" WC="0.91" CC="000000" TAGREFS=""/>
            <SP HPOS="1109" ID="SP_279.10.6.16" VPOS="2374" WIDTH="13"/>
            <String CONTENT="on" HEIGHT="24" HPOS="1122" ID="ST_279.10.6.17" STYLEREFS="Style_3" VPOS="2374" WIDTH="44" WC="0.89" CC="00" TAGREFS=""/>
            <SP HPOS="1166" ID="SP_279.10.6.18" VPOS="2363" WIDTH="14"/>
            <String CONTENT="issues" HEIGHT="35" HPOS="1180" ID="ST_279.10.6.19" STYLEREFS="Style_3" VPOS="2363" WIDTH="107" WC="0.93" CC="000000" TAGREFS=""/>
            <SP HPOS="1287" ID="SP_279.10.6.20" VPOS="2368" WIDTH="14"/>
            <String CONTENT="not" HEIGHT="30" HPOS="1301" ID="ST_279.10.6.21" STYLEREFS="Style_3" VPOS="2368" WIDTH="60" WC="1.00" CC="000" TAGREFS=""/>
          </TextLine>
          <TextLine HEIGHT="45" HPOS="146" ID="TL_279.10.7" VPOS="2411" WIDTH="505">
            <String CONTENT="properly" HEIGHT="44" HPOS="146" ID="ST_279.10.7.1" STYLEREFS="Style_3" VPOS="2412" WIDTH="160" WC="0.88" CC="00000000" TAGREFS=""/>
            <SP HPOS="306" ID="SP_279.10.7.2" VPOS="2411" WIDTH="20"/>
            <String CONTENT="before" HEIGHT="36" HPOS="326" ID="ST_279.10.7.3" STYLEREFS="Style_3" VPOS="2411" WIDTH="118" WC="0.83" CC="000000" TAGREFS=""/>
            <SP HPOS="444" ID="SP_279.10.7.4" VPOS="2412" WIDTH="19"/>
            <String CONTENT="the" HEIGHT="35" HPOS="463" ID="ST_279.10.7.5" STYLEREFS="Style_3" VPOS="2412" WIDTH="60" WC="1.00" CC="000" TAGREFS=""/>
            <SP HPOS="523" ID="SP_279.10.7.6" VPOS="2418" WIDTH="19"/>
            <String CONTENT="court." HEIGHT="30" HPOS="542" ID="ST_279.10.7.7" STYLEREFS="Style_3" VPOS="2418" WIDTH="109" WC="1.00" CC="000000" TAGREFS=""/>
          </TextLine>
        </TextBlock>
      </PrintSpace>
    </Page>
  </Layout>
</alto>
