1656 2688
301 279 65 33 348

390 419 78 34 Otis
479 418 132 35 offered
623 429 43 23 no
678 424 118 38 expert
808 424 35 28 to
854 419 101 33 rebut
967 419 132 42 Early’s
1111 418 185 43 testimony
1308 418 61 34 but
1380 418 59 34 did
1451 418 62 34 ask

299 469 59 33 the
373 468 78 34 Otis
467 469 192 43 supervisor
674 468 51 34 his
741 468 138 44 opinion
895 468 106 34 about
1016 468 93 34 what
1124 468 112 34 would
1252 468 136 43 happen
1403 467 109 35 under

300 518 97 34 those
413 518 279 34 circumstances.
712 519 55 33 He
783 518 74 34 said
873 518 26 34 it
915 528 70 24 was
1001 518 52 34 his
1070 517 201 43 experience
1287 518 76 33 that
1379 518 59 34 the
1453 528 59 23 car

299 567 113 34 would
425 578 43 31 go
481 578 56 32 up.
551 567 113 34 There
677 567 27 34 is
717 567 162 34 evidence
891 567 77 34 that
980 567 59 34 the
1051 567 271 42 counterweight
1335 567 27 33 is
1376 566 137 34 heavier

300 617 84 33 than
403 617 59 33 the
480 617 161 40 elevator,
661 616 61 34 but
741 616 75 34 how
835 616 104 34 much
959 616 137 34 heavier
1114 627 51 23 we
1183 627 59 23 are
1260 621 59 29 not
1337 616 82 34 told.
1439 616 74 34 The

300 672 158 38 attorney
471 666 52 34 for
536 666 77 34 Otis
626 666 129 43 merely
767 665 105 35 asked
885 666 104 43 Early
1000 671 36 29 to
1048 676 138 24 assume
1197 665 76 35 that
1284 666 60 34 the
1355 670 157 30 counter-

300 716 126 44 weight
436 727 69 24 was
515 716 81 34 40%
606 716 147 35 heavier.
766 717 30 33 It
806 727 69 23 was
884 715 174 35 conceded
1069 716 45 43 by
1123 716 88 34 Otis’
1222 716 137 34 witness
1369 716 76 34 that
1455 715 58 35 the

300 767 155 43 slippage
465 766 39 35 of
511 767 59 34 the
580 767 150 34 elevator
741 772 77 38 past
828 766 60 35 the
898 766 84 35 floor
992 766 101 35 could
1105 766 87 35 have
1201 766 87 35 been
1298 766 128 35 caused
1437 766 45 44 by
1492 777 19 24 a

300 828 102 28 worn,
412 817 135 40 sheave,
566 816 68 35 and
653 817 76 34 that
747 817 27 34 is
793 816 189 35 somewhat
1000 816 224 35 inconsistent
1241 816 83 35 with
1342 816 59 35 the
1418 816 93 35 testi-

300 877 104 32 mony
424 866 77 34 that
521 866 59 34 the
600 867 150 33 elevator
770 866 113 34 would
903 876 43 33 go
966 877 47 32 up
1033 866 134 34 instead
1187 866 40 34 of
1243 866 111 34 down.

392 993 39 32 In
445 993 76 33 Otis
531 992 167 34 Elevator
707 1003 30 23 v.
749 992 191 40 Robinson,
953 993 66 33 287
1033 992 140 33 F.2d 62
1187 991 77 43 (5th
1275 992 72 33 Cir.
1363 991 118 43 1961),
1492 1002 20 24 a

301 1041 92 34 hotel
407 1041 178 43 employee
598 1052 69 23 was
682 1041 134 43 injured
830 1041 98 34 when
943 1041 58 34 the
1015 1041 150 34 elevator
1178 1041 153 43 dropped
1345 1041 168 43 suddenly

301 1090 90 35 from
409 1090 59 35 the
489 1090 81 35 14th
588 1090 85 35 floor
690 1096 35 29 to
743 1091 59 33 the
821 1090 60 34 8th
898 1090 95 34 floor.
1014 1091 55 33 He
1086 1090 107 34 heard
1211 1101 21 23 a
1250 1090 151 44 popping
1419 1090 94 34 noise

300 1140 171 34 overhead
486 1140 68 34 and
569 1140 69 34 had
652 1140 59 34 the
725 1140 173 34 sensation
913 1140 39 34 of
963 1140 171 34 excessive
1148 1139 114 44 speed.
1278 1140 78 34 Otis
1371 1139 69 35 had
1455 1140 59 34 the

300 1190 244 34 maintenance
553 1195 166 29 contract.
731 1190 75 34 The
815 1195 98 29 court
923 1189 113 35 stated
1048 1190 76 34 that
1134 1189 59 35 the
1198 1189 81 44 jury
1289 1200 70 24 was
1370 1189 143 35 entitled

300 1245 36 29 to
349 1239 70 35 find
433 1240 77 34 that
524 1240 58 34 the
596 1239 158 35 accident
767 1239 181 44 happened
962 1240 136 43 exactly
1111 1250 37 24 as
1162 1239 60 35 the
1234 1239 155 44 plaintiff
1398 1238 75 36 said
1487 1239 26 35 it

300 1289 69 35 did.
391 1290 30 34 It
439 1290 72 34 also
530 1289 103 35 noted
652 1289 76 35 that
746 1289 26 35 it
790 1300 70 24 was
878 1289 295 44 inconsequential
1192 1289 76 35 that
1286 1289 59 35 the
1363 1289 154 44 plaintiff

301 1339 106 35 failed
417 1344 35 30 to
462 1350 103 33 prove
574 1339 209 44 specifically
792 1340 93 34 what
894 1350 70 24 was
974 1350 116 32 wrong
1100 1339 82 34 with
1192 1339 59 34 the
1260 1339 151 34 elevator
1420 1339 94 34 since

300 1389 44 34 he
359 1389 126 44 proved
500 1389 76 35 that
591 1395 68 29 two
674 1389 131 35 similar
820 1389 169 35 incidents
1004 1389 69 35 had
1089 1389 181 44 happened
1286 1389 68 34 and
1369 1389 143 43 nothing

300 1450 70 24 was
387 1439 108 35 found
511 1445 35 29 to
562 1440 43 34 be
620 1450 127 33 wrong.
765 1440 74 34 The
854 1445 98 29 court
968 1439 75 35 said
1059 1451 21 23 a
1095 1439 203 35 reasonable
1314 1451 81 23 man
1411 1439 102 35 could

301 1489 88 34 infer
401 1489 97 34 there
509 1501 69 22 was
591 1501 20 23 a
622 1489 126 35 failure
759 1495 35 29 to
806 1490 150 34 exercise
967 1489 163 44 ordinary
1141 1489 174 44 prudence
1326 1489 34 34 in
1372 1489 141 43 making

301 1539 58 34 the
379 1539 123 43 repair.

392 1666 39 33 In
453 1666 77 33 Otis
549 1665 167 34 Elevator
737 1666 59 33 Co.
817 1676 31 23 v.
869 1665 167 40 Jackson,
1058 1666 66 33 325
1147 1664 85 35 F.2d
1252 1665 68 34 260
1342 1664 78 43 (5th
1441 1664 71 35 Cir.

305 1714 117 43 1963),
433 1726 44 23 an
487 1715 150 34 elevator
647 1720 159 39 operator
815 1726 70 23 was
895 1715 136 43 injured
1040 1715 100 34 when
1149 1714 60 35 the
1218 1714 150 35 elevator
1377 1714 60 35 fell
1447 1719 36 30 at
1492 1725 21 24 a

300 1764 99 44 rapid
409 1770 75 29 rate
493 1764 91 35 from
593 1765 59 34 the
662 1765 60 34 8th
732 1765 85 34 floor
826 1770 36 29 to
872 1765 59 34 the
940 1765 50 43 pit
999 1764 39 35 of
1044 1765 60 34 the
1113 1764 104 35 shaft.
1228 1764 74 35 The
1311 1775 201 33 passengers

301 1814 62 34 felt
376 1814 137 43 jerking
531 1814 68 34 and
616 1814 108 34 heard
742 1814 150 44 popping
909 1814 182 34 overhead.
1109 1814 79 34 Otis
1205 1814 69 34 had
1291 1814 59 34 the
1367 1814 145 34 mainte-

300 1874 111 24 nance
421 1869 166 29 contract.
599 1864 74 34 The
684 1874 59 24 car
754 1863 69 35 had
834 1864 87 34 been
932 1863 159 44 reported
1102 1875 37 23 as
1150 1863 103 43 going
1264 1868 35 30 to
1310 1863 58 35 the
1378 1863 134 35 bottom

301 1913 89 34 limit
406 1918 36 29 at
460 1913 86 34 least
562 1913 100 34 twice
678 1913 129 35 before.
824 1914 58 33 An
899 1918 119 39 expert
1034 1913 149 35 testified
1200 1913 76 35 that
1292 1913 97 34 there
1404 1923 70 24 was
1491 1924 21 23 a

300 1962 230 35 malfunction
543 1963 143 43 causing
699 1963 60 34 the
771 1963 95 34 drive
879 1968 112 29 motor
1004 1968 36 29 to
1052 1962 195 44 overspeed.
1262 1963 89 34 Otis’
1365 1963 147 43 position

300 2023 70 24 was
382 2012 76 35 that
470 2013 97 34 there
579 2023 69 24 was
661 2013 144 43 nothing
817 2023 117 33 wrong
946 2013 83 34 with
1041 2013 59 34 the
1111 2013 150 34 elevator
1273 2012 109 35 either
1394 2012 119 35 before

300 2073 38 24 or
352 2062 90 35 after
455 2063 59 34 the
528 2062 72 35 fall.
614 2062 75 35 The
702 2068 98 29 court
814 2062 113 35 stated
941 2063 77 34 that
1031 2063 59 34 the
1099 2062 81 44 jury
1193 2062 102 35 could
1308 2062 102 44 fairly
1423 2062 89 35 infer

301 2113 76 34 that
393 2112 58 35 the
468 2113 150 34 elevator
634 2124 69 23 was
720 2118 60 29 out
796 2112 39 35 of
848 2112 100 35 order
965 2112 68 35 and
1050 2113 77 34 that
1142 2112 59 35 the
1217 2112 135 35 trouble
1367 2123 69 24 was
1453 2117 59 30 not

300 2162 159 35 detected
472 2163 148 34 because
632 2162 39 35 of
679 2162 113 44 faulty
804 2163 201 43 inspection.
1019 2162 112 35 These
1142 2173 96 24 cases
1250 2173 89 24 were
1350 2162 106 34 based
1468 2173 44 23 on

300 2213 59 33 the
378 2213 89 42 legal
487 2212 121 44 theory
627 2212 76 35 that
722 2213 136 42 enough
878 2212 275 35 circumstantial
1172 2212 161 34 evidence
1351 2211 40 35 of
1406 2212 105 43 negli-

300 2272 108 33 gence
427 2262 131 34 existed
578 2267 35 29 to
629 2262 124 43 justify
772 2273 21 23 a
813 2262 131 43 finding
964 2262 39 34 of
1020 2262 200 43 negligence
1239 2262 45 43 by
1303 2262 78 34 Otis
1400 2261 112 34 which

300 2311 128 35 caused
448 2312 59 34 the
527 2311 186 35 accidents.

531 2414 83 34 This
641 2424 80 24 case
747 2413 27 35 is
802 2413 107 35 based
935 2424 44 24 on
1006 2424 96 23 more
1128 2413 85 34 than
1240 2412 273 35 circumstantial
