1655 2684
309 252 68 32 432

400 392 160 39 Purtle,
581 391 42 40 J.,
645 396 59 29 not
725 390 255 44 participating.

430 584 218 35 NEWTON
669 585 217 39 COUNTY,
907 584 179 34 Arkansas
1107 594 28 24 v.
1157 584 79 36 Don
1258 582 142 42 WEST,

333 635 273 35 Administrator
626 634 39 35 of
682 634 59 35 the
761 635 120 34 Estate
901 633 39 35 of
957 633 71 35 Sue
1047 633 36 35 S.
1106 633 192 41 MORAK,
1320 632 177 35 Deceased

311 704 130 34 85-300

1201 702 67 34 705
1290 701 143 38 S.W.2d
1455 702 65 34 887

638 771 171 43 Supreme
829 770 110 34 Court
959 769 40 34 of
1015 770 179 34 Arkansas

575 819 152 43 Opinion
747 818 172 35 delivered
940 819 128 34 March
1090 820 54 39 31,
1170 819 87 34 1986

607 867 193 39 [Rehearing
818 866 113 32 denied
950 867 80 39 May
1050 868 28 36 5,
1101 866 125 40 1986.*]

400 1753 117 35 Karen
536 1753 37 33 B.
600 1751 150 42 Walker,
771 1751 54 35 for
845 1751 186 44 appellant.

402 1820 172 35 Gresham
607 1821 31 33 &
670 1819 241 45 Kirkpatrick,
943 1819 55 44 by:
1029 1821 123 35 James
1181 1821 40 33 E.
1255 1818 183 44 Gresham,
1470 1819 53 35 for

310 1870 165 44 appellee.

400 1938 100 34 Jack
526 1938 119 42 Holt,
670 1938 68 40 Jr.,
764 1937 108 35 Chief
893 1937 141 34 Justice.

1059 1938 151 33 Newton
1235 1937 140 42 County
1398 1936 80 35 filed
1502 1947 21 24 a

310 1987 131 34 motion
453 1992 36 29 to
501 1987 87 34 have
600 1987 166 44 appellee,
779 1987 78 34 Don
871 1987 108 40 West,
992 1986 161 35 removed
1166 1997 38 24 as
1216 1986 259 37 administrator
1486 1986 40 34 of

310 2037 59 34 the
384 2041 110 30 estate
509 2035 39 35 of
560 2036 71 34 Sue
645 2037 36 34 S.
699 2036 130 34 Morak
843 2036 149 34 because
1006 2036 39 35 of
1057 2047 20 24 a
1093 2036 139 35 conflict
1246 2035 40 35 of
1298 2036 140 34 interest
1454 2035 68 37 and

309 2085 357 42 misadministration,
681 2085 68 35 and
764 2086 87 34 have
864 2085 73 35 him
950 2085 161 44 replaced
1125 2085 44 44 by
1183 2096 20 24 a
1217 2085 127 44 special
1358 2085 163 35 adminis­

309 2141 119 29 trator.
451 2136 75 34 The
547 2135 150 35 Newton
719 2136 140 43 County
881 2135 148 35 Probate
1051 2135 111 35 Court
1183 2134 191 45 responded
1395 2135 45 44 by
1461 2145 59 34 ap­

309 2185 156 44 pointing
490 2196 20 23 a
536 2185 128 43 special
689 2185 260 35 administrator
974 2189 36 30 to
1034 2185 124 44 appeal
1184 2196 20 23 a
1228 2184 171 43 chancery
1423 2190 99 29 court

309 2235 152 35 decision
474 2234 142 34 adverse
628 2239 36 30 to
676 2235 60 34 the
748 2239 120 36 estate,
882 2234 63 34 but
957 2235 172 43 retaining
1142 2235 98 34 West
1252 2245 38 23 as
1303 2233 218 36 administra­

377 2395 13 16 *
408 2396 91 30 Purtle,
514 2396 31 29 J.,
561 2399 43 22 not
619 2396 185 32 participating.
