1665 2699
1273 272 66 34 603

222 412 115 41 Allen,
357 412 94 35 Cabe
473 414 30 33 &
524 414 129 39 Lester,
673 413 33 34 A
724 413 230 34 Professional
972 412 230 42 Association,
1220 413 55 44 by:
1295 414 44 33 H.

136 462 153 35 William
309 462 114 41 Allen,
445 462 53 34 for
518 463 165 43 appellee.

223 539 160 35 George
396 540 99 34 Rose
507 539 132 41 Smith,
653 539 141 35 Justice.

806 539 74 35 The
892 539 177 44 appellant
1080 550 70 24 was
1162 539 179 45 employed

132 589 45 43 by
187 589 60 34 the
256 590 155 42 appellee
421 600 36 23 as
468 600 20 24 a
498 589 193 35 toolmaker
701 589 68 34 and
780 589 157 35 foreman
947 590 53 34 for
1011 600 20 24 a
1041 590 85 34 total
1137 589 39 35 of
1183 590 105 35 about
1299 591 39 33 21

132 649 110 33 years.
256 640 55 33 He
321 649 70 24 was
401 638 205 44 discharged
618 639 34 35 in
668 640 87 34 1984
767 639 53 35 for
830 639 126 44 having
967 639 170 45 allegedly
1147 639 164 45 accepted
1322 651 20 23 a

133 689 92 36 $100
249 689 109 34 check
381 688 33 35 in
439 695 117 28 return
581 689 53 34 for
658 689 125 43 having
807 688 143 36 ordered
975 689 86 43 light
1085 689 99 35 bulbs
1209 689 52 35 for
1285 690 59 34 the

133 738 156 44 appellee
304 738 90 35 from
410 749 20 24 a
446 738 188 44 particular
649 749 181 34 company,
847 739 111 35 which
974 745 76 29 sent
1065 740 72 34 him
1152 739 59 35 the
1225 740 117 34 check.

134 789 131 43 Bryant
280 788 148 43 brought
442 789 68 34 this
525 789 114 34 action
654 789 136 43 against
804 790 58 34 the
876 789 156 44 appellee
1045 789 53 35 for
1112 790 165 42 damages
1291 789 53 34 for

133 838 170 43 wrongful
320 838 181 44 discharge
517 838 68 36 and
601 839 73 35 also
691 838 53 35 for
760 839 58 35 the
833 844 208 39 outrageous
1058 839 62 35 but
1135 839 208 44 unspecified

134 899 145 24 manner
301 889 33 33 in
356 888 111 35 which
488 889 43 34 he
552 900 70 23 was
643 888 215 44 discharged.
879 889 75 35 The
974 889 156 44 appellee
1150 889 121 35 moved
1292 889 53 34 for

134 949 179 33 summary
322 938 184 43 judgment
518 949 44 24 on
577 939 58 34 the
648 939 133 43 ground
794 939 76 34 that
883 939 59 34 the
955 939 155 44 plaintiff
1119 939 69 34 had
1202 939 85 34 been
1301 948 44 25 an

134 988 179 44 employee
333 994 36 29 at
390 988 67 34 will
478 988 69 35 and
568 989 102 34 could
691 988 43 35 be
754 988 204 44 discharged
979 988 145 36 without
1144 999 113 24 cause.
1280 988 66 35 See

136 1037 124 44 Griffin
273 1049 30 23 v.
319 1037 182 42 Erickson,
517 1039 66 33 277
600 1039 85 34 Ark.
701 1039 79 40 433,
796 1039 67 34 642
878 1038 143 35 S.W.2d
1037 1040 66 33 308
1121 1038 136 43 (1982).
1273 1038 74 35 The

135 1088 131 34 motion
287 1099 70 23 was
377 1087 133 35 denied.

227 1164 103 44 Upon
339 1164 80 35 trial
427 1165 59 34 the
495 1165 156 44 appellee
659 1165 104 43 again
772 1165 153 35 asserted
933 1166 43 34 its
986 1165 148 44 position
1143 1165 34 34 in
1186 1176 21 24 a
1216 1165 131 35 motion

136 1214 53 34 for
201 1225 21 24 a
234 1213 153 36 directed
399 1214 141 41 verdict,
553 1214 62 35 but
627 1215 59 34 the
698 1215 79 34 trial
789 1220 97 30 court
898 1215 47 35 let
957 1215 83 35 both
1053 1226 120 24 causes
1185 1215 39 34 of
1232 1215 114 35 action

135 1274 44 32 go
197 1269 36 29 to
251 1264 60 34 the
324 1264 90 43 jury.
434 1264 74 34 The
522 1264 81 43 jury
621 1264 108 35 found
748 1264 54 35 for
819 1264 59 35 the
896 1265 154 43 plaintiff
1065 1275 44 24 on
1127 1265 59 34 the
1204 1265 90 34 issue
1311 1264 40 35 of

135 1312 170 43 wrongful
318 1313 181 43 discharge
510 1313 69 35 and
592 1313 162 35 awarded
767 1315 149 39 $65,000
929 1314 34 34 in
975 1314 178 43 damages,
1166 1314 61 35 but
1239 1314 107 35 found

136 1362 54 35 for
217 1362 59 34 the
302 1362 189 35 defendant
518 1373 43 24 on
589 1363 59 35 the
675 1363 90 35 issue
791 1364 40 34 of
853 1369 208 38 outrageous
1088 1363 158 35 conduct.
1274 1364 74 34 The

135 1412 192 35 defendant
354 1412 190 36 reasserted
572 1413 43 34 its
643 1413 147 44 position
818 1414 34 34 in
880 1425 20 23 a
928 1413 132 36 motion
1087 1414 54 35 for
1164 1413 183 44 judgment

136 1462 307 44 notwithstanding
456 1463 59 35 the
526 1463 142 36 verdict.
681 1463 75 35 The
768 1464 78 35 trial
859 1470 99 29 court
970 1464 146 44 granted
1129 1464 76 35 that
1218 1464 128 36 motion

136 1513 69 35 and
222 1514 140 34 entered
373 1513 184 44 judgment
573 1514 53 35 for
641 1515 59 34 the
715 1514 199 42 defendant,
930 1514 142 44 holding
1087 1515 76 35 that
1178 1515 59 35 the
1250 1520 98 30 court

136 1564 69 34 had
218 1564 104 34 made
333 1575 44 23 an
389 1575 93 23 error
493 1564 39 35 of
540 1564 66 35 law
618 1565 35 34 in
665 1565 200 44 permitting
876 1565 59 34 the
942 1565 82 43 jury
1035 1570 36 29 to
1082 1565 71 35 find
1165 1565 76 35 that
1252 1566 96 34 there

136 1624 70 23 was
219 1624 45 23 an
277 1614 218 34 enforceable
507 1619 158 29 contract
676 1614 40 34 of
725 1615 233 42 employment
971 1616 155 33 between
1138 1615 59 33 the
1210 1615 136 43 parties.

136 1663 75 34 The
225 1663 123 43 appeal
362 1673 68 24 was
443 1664 104 33 taken
561 1668 36 29 to
610 1664 68 34 this
692 1669 98 28 court
803 1674 37 24 as
854 1663 197 44 presenting
1065 1675 20 23 a
1099 1668 68 30 tort
1180 1664 166 43 question.

227 1739 75 34 The
313 1740 79 43 only
405 1744 183 38 argument
601 1739 53 35 for
666 1741 148 33 reversal
826 1740 27 34 is
866 1740 76 35 that
954 1741 59 34 the
1025 1740 79 35 trial
1116 1745 98 30 court
1226 1740 122 35 should

135 1795 61 28 not
206 1790 89 34 have
304 1789 140 35 entered
452 1789 185 44 judgment
647 1800 100 24 n.o.v.
759 1800 44 24 on
813 1790 59 35 the
882 1790 92 35 basis
985 1789 39 35 of
1031 1790 60 35 the
1101 1790 247 44 employment-

136 1838 122 35 at-will
279 1839 164 34 doctrine.

321 1916 75 33 The
407 1915 78 34 trial
497 1916 127 33 courts
637 1915 115 35 action
764 1927 69 23 was
845 1921 143 29 correct.
1002 1916 39 33 In
1053 1916 60 34 the
1125 1916 122 42 Griffin
1258 1927 89 29 case,

136 1974 121 33 supra,
273 1975 51 22 we
337 1963 151 35 adhered
502 1969 36 29 to
551 1974 63 24 our
628 1964 125 35 settled
767 1965 74 34 rule
853 1964 77 35 that
944 1976 20 23 a
978 1969 157 30 contract
1149 1964 39 34 of
1199 1965 150 43 employ

137 2017 96 30 ment
245 2012 54 35 for
311 2024 44 23 an
368 2012 176 35 indefinite
555 2018 89 29 term
656 2014 28 34 is
696 2024 20 23 a
728 2019 156 29 contract
895 2019 37 29 at
943 2014 80 40 will,
1035 2014 83 34 with
1129 2014 109 34 either
1250 2018 100 40 party

137 2062 127 43 having
274 2073 44 23 an
328 2062 157 35 absolute
493 2062 92 43 right
594 2068 36 29 to
639 2063 185 35 terminate
832 2063 59 34 the
900 2063 224 44 relationship
1133 2068 36 30 at
1178 2074 68 33 any
1254 2064 94 34 time.

138 2113 95 34 Here
244 2112 132 44 Bryant
387 2112 203 36 introduced
601 2124 44 24 no
657 2113 206 35 substantial
875 2113 162 35 evidence
1048 2114 77 34 that
1135 2113 52 35 his
1199 2114 150 44 employ

137 2167 97 30 ment
251 2174 70 24 was
339 2163 166 44 anything
523 2163 98 35 other
639 2164 85 35 than
742 2163 177 36 indefinite
936 2175 37 24 as
991 2169 36 30 to
1044 2164 43 35 its
1105 2164 171 36 duration.
1295 2165 56 34 He

137 2213 191 35 submitted
347 2214 101 44 proof
463 2214 77 35 that
558 2214 35 34 in
616 2215 100 40 1979,
735 2214 90 36 after
844 2215 43 34 he
905 2215 69 35 had
993 2215 86 34 been
1098 2215 180 44 employed
1297 2214 53 35 for

138 2275 106 32 many
263 2275 110 32 years,
393 2264 58 34 the
469 2275 171 33 company
659 2264 206 36 distributed
884 2276 45 23 an
948 2265 188 43 Employee
1155 2265 197 35 Handbook

137 2313 114 35 which
274 2313 113 35 stated
410 2314 76 34 that
509 2313 90 36 after
621 2325 21 24 a
665 2314 245 44 probationary
933 2314 118 44 period
1073 2314 40 35 of
1133 2315 44 34 60
1199 2314 84 44 days
1306 2325 45 23 an

138 2363 180 44 employee
331 2363 112 35 would
458 2364 43 34 be
515 2364 143 35 entitled
672 2370 36 29 to
722 2364 46 34 all
783 2364 112 43 fringe
909 2364 155 35 benefits.
1079 2365 75 34 The
1167 2364 185 35 handbook

139 2414 73 34 also
227 2413 114 35 stated
356 2413 76 35 that
446 2413 131 36 certain
592 2414 150 35 conduct
756 2425 44 24 on
815 2414 59 35 the
888 2420 78 38 part
980 2413 38 36 of
1031 2415 194 43 employees
1239 2413 113 36 would
