1641 2702
102 437 60 34 the
170 436 198 43 floodplain,
378 446 50 24 we
437 447 65 23 can
511 435 122 44 hardly
642 446 62 33 say
712 436 59 34 the
779 435 224 35 chancellor’s
1012 434 133 35 factual
1153 433 160 35 determi-

103 487 119 34 nation
247 486 77 34 that
348 485 59 35 the
431 486 176 44 appellant
631 485 59 35 did
716 491 59 29 not
799 485 71 43 rely
895 495 44 24 on
963 485 60 34 the
1047 484 125 35 failure
1196 483 39 35 of
1255 484 59 35 the

103 536 173 44 appellees
293 541 35 29 to
344 535 75 43 give
434 536 61 34 her
511 535 224 35 information
752 535 122 34 known
890 540 36 28 to
941 534 96 35 them
1052 545 39 23 or
1106 533 112 35 which
1234 533 81 44 they

104 586 69 34 had
193 597 21 23 a
233 586 86 43 duty
337 591 36 28 to
391 585 145 35 disclose
555 590 35 29 to
610 584 61 35 her
689 584 109 35 under
817 584 59 35 the
894 583 187 35 ordinance
1100 594 70 24 was
1188 583 127 44 clearly

105 646 195 24 erroneous.
322 635 84 35 Ark.
428 636 42 33 R.
492 635 75 34 Civ.
588 635 37 34 P.
648 634 113 43 52(a).

1267 293 41 34 41

197 726 66 33 We
273 724 71 35 find
356 725 142 42 nothing
509 724 34 34 in
554 724 59 35 the
623 724 65 34 law
698 724 39 35 of
745 724 67 34 this
819 723 218 44 jurisdiction
1048 723 174 44 requiring
1231 734 40 24 us
1281 728 36 30 to

105 786 61 33 say
180 775 78 34 that
272 775 98 34 when
385 775 58 34 the
458 774 176 44 appellant
648 773 104 35 chose
765 779 35 29 to
814 773 81 35 seek
908 773 180 35 rescission
1102 773 116 34 rather
1232 772 84 35 than

106 825 114 35 affirm
234 825 60 34 the
308 829 155 30 contract
477 823 69 36 and
561 834 61 24 sue
637 823 52 35 for
704 824 176 43 damages,
895 823 110 35 either
1018 828 61 30 out
1093 822 39 35 of
1143 823 123 43 pocket
1279 833 38 24 or

106 875 129 34 benefit
245 874 39 35 of
290 874 155 43 bargain,
455 874 61 35 she
525 873 131 35 waived
666 884 67 33 any
742 873 148 44 possible
898 873 166 44 damages
1073 873 114 34 claim.
1197 872 68 34 See
1274 873 42 34 D.

108 925 132 40 Dobbs,
252 923 198 42 Remedies,
464 924 18 43 §
496 924 57 34 9.4
567 923 137 43 (1974).
717 923 75 35 The
803 923 95 44 point
910 923 82 34 here
1003 923 28 34 is
1043 923 76 34 that
1131 933 51 23 we
1193 918 70 38 find
1275 933 44 24 no

108 985 123 24 reason
243 979 35 29 to
290 978 99 39 upset
400 974 59 34 the
470 973 225 35 chancellor’s
707 973 197 35 conclusion
916 973 77 34 that
1003 973 60 34 the
1074 972 175 44 appellant
1260 972 59 35 did

108 1029 61 29 not
183 1024 73 43 rely
271 1034 92 33 upon
377 1024 59 34 the
451 1023 182 44 appellees’
650 1022 339 45 misrepresentation
1004 1022 39 35 of
1054 1022 60 35 the
1128 1022 89 35 facts
1232 1032 38 25 as
1284 1027 36 30 to

108 1074 154 34 whether
274 1074 60 34 the
346 1073 79 35 land
437 1084 70 24 was
520 1073 134 43 subject
666 1078 36 30 to
714 1073 149 43 flooding
875 1083 38 24 or
924 1072 90 35 their
1026 1072 125 35 failure
1162 1077 36 29 to
1210 1072 109 44 notify

108 1124 60 34 the
188 1123 177 44 appellant
385 1124 75 34 that
480 1123 59 34 the
559 1122 82 35 land
661 1133 70 25 was
752 1123 34 34 in
806 1122 59 35 the
885 1122 135 43 “legal”
1041 1121 196 45 floodplain.

296 1213 112 35 When
417 1213 180 35 rescission
606 1212 28 34 is
643 1212 107 35 based
759 1223 43 24 on
812 1212 135 34 mutual
955 1212 149 35 mistake
1112 1211 116 35 rather
1236 1211 85 35 than

111 1263 114 41 fraud,
237 1263 59 35 the
306 1263 186 35 recoveries
502 1262 40 35 of
549 1263 59 34 the
617 1263 129 43 parties
756 1273 59 24 are
824 1261 134 35 limited
968 1268 35 29 to
1013 1262 89 35 their
1112 1261 209 35 restitution­

111 1325 62 32 ary
188 1314 169 33 interests.
373 1313 241 34 Restatement
630 1312 168 43 (Second)
814 1312 39 35 of
864 1312 186 35 Contracts
1066 1312 18 42 §
1102 1313 67 33 370
1184 1311 136 43 (1979).

110 1364 51 33 As
172 1363 60 34 the
242 1363 176 43 appellant
428 1362 101 35 could
540 1362 93 34 show
645 1373 44 24 no
699 1362 128 35 benefit
836 1361 181 35 conferred
1028 1373 44 23 on
1082 1362 59 34 the
1151 1361 171 44 appellees

111 1412 92 35 from
213 1413 61 33 her
284 1412 191 44 attempted
485 1412 267 44 improvements
762 1422 43 24 on
815 1412 59 34 the
883 1411 93 42 land,
986 1412 61 34 she
1056 1422 70 24 was
1136 1410 142 35 entitled
1287 1416 36 30 to

112 1473 44 24 no
171 1473 162 32 recovery
347 1462 34 34 in
397 1473 115 24 excess
527 1462 40 34 of
578 1462 59 34 the
652 1467 118 30 return
785 1461 39 35 of
835 1461 59 35 the
909 1462 170 43 purchase
1093 1461 103 44 price,
1212 1460 111 35 which

111 1523 71 24 was
197 1511 162 36 awarded
373 1517 36 30 to
423 1512 60 35 her
497 1512 46 44 by
557 1512 59 34 the
629 1511 208 41 chancellor,
851 1522 38 24 as
903 1511 76 35 well
994 1522 38 24 as
1046 1510 228 35 cancellation
1287 1510 40 35 of

112 1563 62 34 her
194 1567 81 29 note
295 1561 68 35 and
383 1567 190 38 mortgage.

457 1660 30 34 3.
512 1660 104 34 Costs
636 1659 72 35 and
725 1661 170 40 Attorney
915 1660 68 33 Fee

297 1748 75 34 The
380 1748 176 44 appellant
565 1747 167 35 contends
741 1752 90 29 costs
840 1746 123 35 should
973 1748 87 33 have
1069 1747 87 34 been
1165 1746 160 35 awarded

112 1803 37 29 to
162 1798 61 34 her
236 1808 38 23 as
287 1797 59 34 the
359 1797 188 43 prevailing
561 1801 111 39 party.
688 1798 65 33 For
765 1796 67 35 this
846 1797 210 43 proposition
1070 1796 61 34 she
1143 1796 83 34 cites
1239 1796 84 34 Ark.

114 1848 43 34 R.
175 1847 75 35 Civ.
268 1847 36 34 P.
323 1847 53 34 54.
395 1847 90 35 Rule
502 1845 102 45 54(d)
622 1857 90 33 says,
729 1846 34 35 in
779 1846 153 35 relevant
947 1851 88 39 part,
1052 1851 90 29 costs
1159 1856 58 24 are
1232 1850 35 31 to
1283 1845 43 36 be

114 1897 145 36 allowed
272 1903 36 29 to
320 1897 58 35 the
390 1897 189 45 prevailing
591 1901 101 41 party
705 1908 38 24 as
755 1908 20 24 a
788 1902 126 30 matter
926 1896 40 35 of
974 1907 132 31 course,
1119 1896 137 35 “unless
1268 1896 59 35 the

114 1953 99 30 court
225 1947 181 36 otherwise
416 1947 161 35 directs.”
591 1948 95 34 Here
696 1948 60 34 the
767 1952 98 30 court
875 1947 154 35 directed
1041 1947 77 35 that
1129 1946 86 35 each
1226 1952 100 38 party

114 1998 84 34 bear
213 1998 53 33 his
281 2008 75 23 own
371 2003 100 29 costs.
487 1997 75 34 The
576 1997 177 43 appellant
767 1997 91 43 gives
873 2008 40 23 us
928 2007 44 24 no
986 2007 123 24 reason
1123 2002 36 29 to
1173 1996 80 34 hold
1267 1996 60 35 the

114 2047 198 34 chancellor
329 2046 130 35 abused
475 2047 60 34 the
550 2046 186 35 discretion
751 2046 117 35 vested
885 2046 35 34 in
936 2046 73 34 him
1025 2046 109 34 under
1150 2046 59 34 the
1225 2046 101 40 Rule,

116 2098 122 43 ¿xcept
258 2096 77 35 that
354 2096 59 35 the
433 2096 171 45 appellees
624 2107 90 24 were
734 2096 109 44 guilty
862 2095 40 35 of
918 2095 114 36 fraud.

207 2187 76 34 The
292 2187 203 43 appellant’s
506 2192 184 37 argument
699 2197 44 24 on
753 2186 59 35 the
821 2191 158 38 attorney
989 2186 55 34 fee
1053 2186 27 34 is
1090 2186 77 34 that
1176 2185 27 35 it
1211 2195 65 25 can
1285 2185 44 35 be

116 2236 163 35 awarded
288 2236 98 35 when
396 2237 97 34 there
502 2236 27 35 is
539 2247 21 24 a
570 2236 227 44 “recognized
807 2235 133 44 ground
949 2236 39 34 of
994 2235 152 45 equity.”
1156 2235 173 35 Lewallen

116 2298 31 24 v.
160 2286 169 41 Bethune,
342 2287 66 34 267
421 2287 84 34 Ark.
519 2287 80 40 976,
614 2286 65 34 593
693 2285 143 36 S.W.2d
848 2286 45 34 64
907 2285 101 43 (Ark.
1021 2287 91 42 App.
1129 2284 117 43 1980).
1258 2285 71 34 She

117 2337 83 34 then
211 2341 107 30 states
329 2336 76 35 that
416 2336 148 34 “fraud”
576 2336 27 34 is
615 2336 85 34 such
711 2347 20 23 a
741 2335 144 43 ground.
897 2336 50 33 As
958 2346 51 24 we
1019 2346 60 23 are
1088 2333 172 44 affirming
1270 2335 60 34 the

118 2386 226 34 chancellor’s
362 2386 129 34 refusal
509 2390 36 29 to
562 2385 71 34 find
652 2384 103 35 fraud
774 2396 37 23 as
829 2385 60 33 the
906 2384 92 35 basis
1016 2384 40 34 of
1071 2384 190 40 rescission,
1280 2395 51 23 we

118 2434 88 34 need
215 2440 60 28 not
284 2445 43 31 go
336 2434 72 35 into
417 2435 59 33 the
484 2434 158 43 question
651 2434 154 34 whether
813 2444 65 23 one
887 2443 81 33 may
976 2444 139 23 recover
1123 2437 90 29 costs
1222 2433 109 33 under
