1664 2696
134 417 94 33 what
242 417 14 33 I
271 416 68 35 had
352 422 35 29 to
400 417 78 34 do.”
492 417 122 44 Toddy
626 417 149 35 testified
790 418 109 34 Futch
913 418 73 34 also
998 418 75 34 said
1087 423 36 29 at
1135 418 59 34 the
1206 418 138 41 station,

135 466 67 34 “he
228 466 69 34 had
323 466 109 34 ended
458 467 52 34 his
536 467 167 43 problem,
728 467 76 34 that
830 467 43 34 he
897 467 111 34 didn’t
1033 467 87 35 have
1145 478 20 24 a
1191 468 155 43 problem

135 516 200 43 anymore.”
350 516 109 34 Futch
472 527 123 32 argues
608 516 144 44 broadly
763 517 76 34 that
851 517 46 34 all
909 522 204 29 statements
1125 517 122 34 should
1259 517 87 34 have

135 566 88 33 been
239 566 178 40 excluded,
434 566 62 34 but
511 566 82 34 does
609 571 60 29 not
684 566 148 35 contend
848 567 76 34 that
940 567 44 34 he
999 578 69 23 was
1084 567 201 43 questioned
1302 567 45 44 by

135 615 134 44 Toddy;
284 616 97 34 there
394 616 27 34 is
436 627 44 23 no
494 616 162 34 evidence
670 616 76 34 that
760 616 43 34 he
816 627 80 23 was.
911 616 75 35 The
999 616 79 35 trial
1093 622 98 29 court
1204 628 69 23 was
1287 622 60 29 not

136 676 128 32 wrong,
278 666 93 40 then,
385 671 35 29 to
432 665 126 44 permit
570 666 97 34 these
679 671 203 30 statements
894 671 36 29 to
942 666 44 34 be
998 666 180 35 admitted.
1191 668 112 33 Berna
1315 678 30 23 v.

136 716 114 39 State,
272 716 67 33 282
360 716 83 33 Ark.
467 716 78 40 563,
567 716 68 34 670
656 715 143 35 S.W.2d
819 716 66 34 435
909 715 138 43 (1984).

1277 277 65 33 325

323 801 112 34 When
453 801 111 34 Futch
582 801 134 34 arrived
734 806 36 30 at
786 801 59 35 the
862 801 127 35 station
1007 801 68 35 and
1093 813 69 23 was
1180 802 98 43 given
1295 802 52 34 his

138 850 170 35 Miranda
317 851 181 43 warnings,
508 851 44 34 he
560 851 75 34 said
644 851 44 34 he
696 851 136 35 wanted
841 856 35 30 to
884 851 74 35 talk
966 856 36 30 to
1010 862 20 24 a
1040 852 136 43 lawyer.
1187 852 161 43 Ignoring

138 901 79 40 this,
234 911 45 23 an
295 901 115 34 officer
426 901 191 43 proceeded
633 906 36 29 to
684 901 157 44 question
857 901 73 35 him
946 901 68 35 and
1030 902 82 34 took
1127 913 20 23 a
1163 907 186 29 statement

139 950 91 34 from
248 951 82 33 him.
350 951 74 34 The
441 951 79 34 trial
534 951 109 43 judge
661 951 158 44 properly
837 951 167 35 excluded
1022 952 67 34 this
1107 957 186 29 statement
1311 963 37 23 as

138 1001 105 33 taken
258 1000 34 34 in
306 1000 163 35 violation
483 1000 40 35 of
533 1000 173 35 Edwards
718 1012 30 23 v.
763 1002 165 40 Arizona,
944 1002 64 33 451
1027 1001 84 35 U.S.
1127 1002 66 34 477
1211 1001 137 43 (1981).

139 1050 99 34 Once
251 1061 20 23 a
284 1056 137 37 suspect
433 1050 34 34 in
481 1050 145 44 custody
639 1050 167 35 indicates
819 1051 44 34 he
875 1056 109 29 wants
997 1056 36 29 to
1045 1052 74 33 talk
1131 1056 35 30 to
1179 1062 20 24 a
1212 1051 136 44 lawyer,

139 1100 46 34 all
201 1100 218 43 questioning
434 1105 93 29 must
542 1111 101 24 cease
657 1100 69 35 and
741 1106 127 29 cannot
883 1101 43 34 be
941 1101 159 34 resumed
1116 1101 45 43 by
1176 1101 58 34 the
1249 1106 99 29 state.

138 1150 104 34 State
254 1161 31 23 v.
300 1151 164 40 Branam,
480 1151 66 34 275
562 1150 86 35 Ark.
667 1151 52 40 16,
735 1151 67 34 627
817 1150 143 35 S.W.2d
976 1151 18 34 8
1013 1150 137 44 (1982);
1165 1150 142 35 Dillard
1318 1162 30 23 v.

138 1200 114 41 State,
275 1201 65 33 275
362 1200 84 34 Ark.
470 1201 78 40 320,
570 1200 67 35 629
658 1200 144 35 S.W.2d
822 1201 63 34 291
912 1200 137 44 (1981).

232 1286 89 34 Both
340 1286 110 34 Futch
468 1286 69 34 and
556 1287 148 34 Frances
722 1287 152 43 English,
894 1287 140 35 Futch’s
1052 1287 118 35 cousin
1188 1288 75 34 who
1280 1299 70 23 was

140 1341 138 38 present
293 1335 33 34 in
341 1336 59 34 the
413 1336 103 34 home
530 1336 69 34 and
612 1336 182 35 witnessed
808 1337 59 34 the
881 1337 170 43 shooting,
1066 1337 158 34 testified.
1241 1337 109 34 Futch

140 1385 75 34 said
228 1385 44 34 he
284 1385 69 34 had
366 1386 86 34 been
465 1385 160 44 drinking
638 1386 135 44 heavily
785 1386 76 35 that
873 1386 78 44 day.
966 1387 56 34 He
1034 1386 111 35 called
1158 1387 52 34 his
1222 1386 128 35 former

140 1435 80 34 wife
234 1434 68 35 and
315 1435 136 35 wanted
464 1441 35 29 to
513 1436 74 34 talk
599 1441 35 29 to
647 1436 71 35 her.
733 1436 71 35 She
816 1436 126 43 agreed
956 1441 36 30 to
1005 1437 47 34 let
1065 1436 72 35 him
1150 1447 98 24 come
1260 1447 89 24 over.

142 1485 110 34 Futch
264 1485 134 35 arrived
409 1496 44 24 on
464 1486 59 34 the
535 1486 182 35 afternoon
728 1486 39 35 of
776 1486 79 44 July
867 1487 172 40 29,1984,
1051 1486 154 35 between
1218 1488 20 33 2
1249 1486 69 35 and
1329 1488 21 33 4

140 1546 82 33 p.m.
234 1536 147 34 Frances
391 1536 141 43 English
542 1547 69 24 was
620 1536 98 35 there
727 1536 82 35 with
818 1536 60 35 her
887 1536 182 44 daughter,
1079 1536 194 35 son-in-law
1283 1536 68 35 and

140 1585 277 43 grandchildren.
430 1586 110 34 Futch
549 1586 117 35 talked
676 1586 83 35 with
769 1586 95 35 them
874 1586 53 35 for
937 1597 20 24 a
967 1586 111 41 while,
1089 1586 82 35 then
1181 1587 170 43 English’s

140 1635 182 43 daughter,
333 1636 195 34 son-in-law
539 1636 68 34 and
617 1636 266 43 grandchildren
893 1636 73 35 left.
977 1636 198 43 According
1184 1642 36 29 to
1231 1637 120 40 Futch,

140 1685 44 33 he
193 1690 60 37 got
263 1696 20 23 a
293 1695 70 32 gun
373 1691 60 28 out
443 1685 39 34 of
488 1685 60 34 the
557 1686 108 33 closet
675 1686 35 33 in
720 1686 58 34 the
788 1685 165 35 bedroom
962 1686 40 34 of
1008 1686 60 34 the
1077 1686 117 34 trailer
1205 1686 147 34 because

141 1734 43 34 he
205 1745 70 23 was
298 1734 112 34 afraid
432 1735 59 33 the
512 1734 155 35 children
689 1734 113 35 would
823 1735 71 34 find
916 1735 36 34 it.
977 1736 56 33 He
1054 1735 161 34 returned
1237 1740 35 29 to
1293 1735 59 34 the

141 1783 150 41 kitchen,
305 1794 69 24 was
388 1784 119 43 sitting
520 1789 36 29 at
570 1795 20 23 a
603 1784 105 41 table,
723 1784 67 34 and
804 1784 105 35 asked
924 1784 131 35 Bonnie
1067 1789 36 30 to
1116 1785 44 34 sit
1172 1784 109 35 down.
1296 1786 56 33 He

140 1833 75 34 said
226 1833 60 34 she
295 1833 74 34 said
379 1833 194 43 something
583 1839 108 29 smart
700 1839 36 29 to
745 1834 82 40 him,
838 1833 68 35 and
915 1834 44 34 he
964 1834 73 43 just
1046 1834 77 34 shot
1132 1834 70 34 her.
1214 1835 55 33 He
1277 1834 74 34 said

141 1883 44 33 he
203 1882 102 35 could
324 1888 59 29 not
402 1883 194 34 remember
614 1894 68 33 any
701 1894 105 24 more.
827 1884 55 34 He
900 1883 125 35 denied
1044 1894 67 33 any
1130 1884 167 34 intention
1316 1884 40 34 of

141 1932 104 43 going
271 1933 97 33 there
393 1938 35 29 to
454 1933 59 34 kill
540 1933 61 34 her
626 1943 38 24 or
690 1944 83 23 even
799 1933 272 44 contemplating
1097 1933 157 43 shooting
1280 1934 71 34 her.

143 1982 148 33 Frances
307 1982 141 43 English
464 1982 74 34 said
553 1982 61 35 she
628 1982 60 34 did
703 1988 59 29 not
777 1993 56 24 see
848 1983 110 34 Futch
973 1983 83 34 with
1071 1994 21 23 a
1106 1993 70 33 gun
1190 1983 87 34 until
1292 1983 61 34 she

142 2031 108 34 heard
266 2031 131 35 Bonnie
411 2042 72 33 say,
500 2032 92 40 “Oh,
608 2043 58 32 my
681 2032 78 43 god,
776 2032 84 41 Bob,
876 2032 95 34 don’t
987 2032 44 35 do
1046 2032 102 35 this.”
1165 2033 112 34 When
1292 2032 61 35 she

141 2091 71 23 saw
229 2081 77 33 that
324 2081 130 34 Bonnie
470 2092 70 23 was
558 2081 88 41 shot,
664 2081 142 43 English
823 2092 63 24 ran
903 2081 145 35 outside.
1067 2082 110 34 Futch
1194 2082 158 34 followed

142 2130 69 34 and
222 2130 192 43 persuaded
424 2130 61 34 her
494 2135 36 30 to
540 2135 128 30 return.
680 2131 96 43 They
785 2131 111 34 called
907 2131 52 34 his
969 2131 99 34 sister
1078 2131 35 34 in
1122 2131 152 35 Arizona
1285 2131 68 34 and

143 2180 111 34 Futch
275 2180 71 34 told
367 2180 60 35 her
447 2181 76 34 that
544 2181 43 34 he
607 2180 69 35 had
696 2181 78 35 shot
794 2181 141 35 Bonnie.

233 2267 83 35 This
328 2267 116 44 brings
455 2279 40 23 us
506 2272 36 30 to
553 2268 59 34 the
622 2267 127 36 second
760 2268 100 35 issue.
873 2268 56 35 On
940 2268 344 35 cross-examination
1296 2268 59 35 the

142 2323 91 29 state
258 2318 106 34 asked
391 2318 110 35 Futch
527 2318 29 34 if
579 2318 44 35 he
648 2318 238 35 remembered
911 2319 133 43 talking
1070 2324 35 29 to
1131 2319 128 34 Officer
1284 2319 70 34 Jim

144 2368 157 33 Furnish.
318 2368 110 34 Futch
443 2368 74 34 said
532 2368 44 34 he
589 2368 59 34 did
663 2374 70 28 not.
748 2368 98 34 Then
860 2369 59 33 the
933 2374 90 29 state
1037 2368 116 41 asked,
1169 2368 104 34 “And
1287 2379 67 32 you

142 2417 97 33 don’t
250 2417 194 34 remember
455 2417 119 42 telling
586 2417 73 34 him
669 2417 77 34 that
757 2428 67 32 you
835 2428 89 23 were
935 2428 96 32 sorry
1042 2418 77 33 that
1130 2428 67 32 you
1208 2418 77 33 shot
1296 2418 59 33 the
