<?xml version='1.0' encoding='utf-8'?>
<alto xmlns="http://www.loc.gov/standards/alto/ns-v3#">
  <!--Created by Innodata R.E.D. RLI tool: 2017-04-25 06:27:12.410030-->
  <Description>
    <MeasurementUnit>pixel</MeasurementUnit>
    <sourceImageInformation>
      <fileName>32044078577194_00019_0.tif</fileName>
    </sourceImageInformation>
    <OCRProcessing ID="OP_1">
      <ocrProcessingStep>
        <processingStepDescription>Alto coordinates refer to the deskewed TIFF file. 
		To convert point (x, y) to original image (TIFF or JP2) apply transformation matrix T=(m00, m01, m10, m11, b0, b1) using the rule:
			T * (x,y) = (m00 * x + m01 * y + b0), (m10 * x + m11 * y + b1)</processingStepDescription>
        <processingStepSettings>RED.transform=(0.9999875000260416, 0.004999979166692708, -0.004999979166692708, 0.9999875000260416, -12.739999999999991, 0.599999999999909)</processingStepSettings>
      </ocrProcessingStep>
    </OCRProcessing>
  </Description>
  <Styles>
    <TextStyle FONTFAMILY="Times New Roman" FONTSIZE="10.00" FONTTYPE="serif" FONTWIDTH="proportional" ID="Style_2"/>
    <TextStyle FONTFAMILY="Times New Roman" FONTSIZE="10.00" FONTSTYLE="smallcaps" FONTTYPE="serif" FONTWIDTH="proportional" ID="Style_3"/>
    <TextStyle FONTFAMILY="Times New Roman" FONTSIZE="10.50" FONTSTYLE="bold" FONTTYPE="serif" FONTWIDTH="proportional" ID="Style_4"/>
    <TextStyle FONTFAMILY="Times New Roman" FONTSIZE="10.50" FONTSTYLE="bold italics" FONTTYPE="serif" FONTWIDTH="proportional" ID="Style_5"/>
    <TextStyle FONTFAMILY="Times New Roman" FONTSIZE="11.00" FONTTYPE="serif" FONTWIDTH="proportional" ID="Style_6"/>
  </Styles>
  <Tags>
    <StructureTag ID="b37-4" LABEL="pagelabel"/>
    <StructureTag ID="b37-12" LABEL="attorneys"/>
    <StructureTag ID="b37-13" LABEL="attorneys"/>
    <StructureTag ID="b37-14" LABEL="author"/>
    <StructureTag ID="A12" LABEL="p"/>
    <StructureTag ID="b37-15" LABEL="p"/>
    <StructureTag ID="b37-16" LABEL="p"/>
  </Tags>
  <Layout>
    <Page HEIGHT="2703" ID="PG_37" PHYSICAL_IMG_NR="37" WIDTH="1652">
      <PrintSpace HEIGHT="2703" HPOS="0" ID="PS_37" VPOS="0" WIDTH="1652">
        <TextBlock HEIGHT="33.0" HPOS="1282.0" ID="BL_37.3" TAGREFS="b37-4" VPOS="296.0" WIDTH="36.0">
          <TextLine HEIGHT="33" HPOS="1282" ID="TL_37.3.1" VPOS="296" WIDTH="36">
            <String CONTENT="11" HEIGHT="33" HPOS="1282" ID="ST_37.3.1.1" STYLEREFS="Style_6" VPOS="296" WIDTH="36" WC="1.00" CC="00" TAGREFS=""/>
          </TextLine>
        </TextBlock>
        <TextBlock HEIGHT="45.0" HPOS="213.0" ID="BL_37.11" TAGREFS="b37-12" VPOS="1696.0" WIDTH="608.0">
          <TextLine HEIGHT="45" HPOS="213" ID="TL_37.11.1" VPOS="1696" WIDTH="608">
            <String CONTENT="Bill" HEIGHT="35" HPOS="213" ID="ST_37.11.1.1" STYLEREFS="Style_5" VPOS="1697" WIDTH="72" WC="0.95" CC="0000" TAGREFS=""/>
            <SP HPOS="285" ID="SP_37.11.1.2" VPOS="1699" WIDTH="19"/>
            <String CONTENT="F." HEIGHT="33" HPOS="304" ID="ST_37.11.1.3" STYLEREFS="Style_5" VPOS="1699" WIDTH="36" WC="1.00" CC="00" TAGREFS=""/>
            <SP HPOS="340" ID="SP_37.11.1.4" VPOS="1698" WIDTH="22"/>
            <String CONTENT="Jennings," HEIGHT="43" HPOS="362" ID="ST_37.11.1.5" STYLEREFS="Style_5" VPOS="1698" WIDTH="177" WC="0.91" CC="000000000" TAGREFS=""/>
            <SP HPOS="539" ID="SP_37.11.1.6" VPOS="1696" WIDTH="22"/>
            <String CONTENT="for" HEIGHT="35" HPOS="561" ID="ST_37.11.1.7" STYLEREFS="Style_4" VPOS="1696" WIDTH="53" WC="1.00" CC="000" TAGREFS=""/>
            <SP HPOS="614" ID="SP_37.11.1.8" VPOS="1696" WIDTH="20"/>
            <String CONTENT="appellant." HEIGHT="45" HPOS="634" ID="ST_37.11.1.9" STYLEREFS="Style_4" VPOS="1696" WIDTH="187" WC="0.99" CC="0000000000" TAGREFS=""/>
          </TextLine>
        </TextBlock>
        <TextBlock HEIGHT="45.0" HPOS="213.0" ID="BL_37.12" TAGREFS="b37-13" VPOS="1776.0" WIDTH="656.0">
          <TextLine HEIGHT="45" HPOS="213" ID="TL_37.12.1" VPOS="1776" WIDTH="656">
            <String CONTENT="John" HEIGHT="35" HPOS="213" ID="ST_37.12.1.1" STYLEREFS="Style_5" VPOS="1777" WIDTH="95" WC="0.96" CC="0000" TAGREFS=""/>
            <SP HPOS="308" ID="SP_37.12.1.2" VPOS="1778" WIDTH="24"/>
            <String CONTENT="W." HEIGHT="33" HPOS="332" ID="ST_37.12.1.3" STYLEREFS="Style_5" VPOS="1778" WIDTH="45" WC="1.00" CC="00" TAGREFS=""/>
            <SP HPOS="377" ID="SP_37.12.1.4" VPOS="1779" WIDTH="25"/>
            <String CONTENT="Unger," HEIGHT="42" HPOS="402" ID="ST_37.12.1.5" STYLEREFS="Style_5" VPOS="1779" WIDTH="122" WC="0.99" CC="000000" TAGREFS=""/>
            <SP HPOS="524" ID="SP_37.12.1.6" VPOS="1778" WIDTH="22"/>
            <String CONTENT="Jr.," HEIGHT="40" HPOS="546" ID="ST_37.12.1.7" STYLEREFS="Style_5" VPOS="1778" WIDTH="63" WC="0.81" CC="0099" TAGREFS=""/>
            <SP HPOS="609" ID="SP_37.12.1.8" VPOS="1777" WIDTH="21"/>
            <String CONTENT="for" HEIGHT="34" HPOS="630" ID="ST_37.12.1.9" STYLEREFS="Style_4" VPOS="1777" WIDTH="54" WC="0.97" CC="000" TAGREFS=""/>
            <SP HPOS="684" ID="SP_37.12.1.10" VPOS="1776" WIDTH="20"/>
            <String CONTENT="appellee." HEIGHT="44" HPOS="704" ID="ST_37.12.1.11" STYLEREFS="Style_4" VPOS="1776" WIDTH="165" WC="0.94" CC="000000000" TAGREFS=""/>
          </TextLine>
        </TextBlock>
        <TextBlock HEIGHT="40.0" HPOS="215.0" ID="BL_37.13" TAGREFS="b37-14" VPOS="1880.0" WIDTH="565.0">
          <TextLine HEIGHT="40" HPOS="215" ID="TL_37.13.1" VPOS="1880" WIDTH="565">
            <String CONTENT="Robert" HEIGHT="32" HPOS="215" ID="ST_37.13.1.1" STYLEREFS="Style_3" VPOS="1882" WIDTH="155" WC="0.80" CC="000000" TAGREFS=""/>
            <SP HPOS="370" ID="SP_37.13.1.2" VPOS="1882" WIDTH="17"/>
            <String CONTENT="H." HEIGHT="32" HPOS="387" ID="ST_37.13.1.3" STYLEREFS="Style_3" VPOS="1882" WIDTH="44" WC="0.66" CC="00" TAGREFS=""/>
            <SP HPOS="431" ID="SP_37.13.1.4" VPOS="1881" WIDTH="19"/>
            <String CONTENT="Dudley," HEIGHT="39" HPOS="450" ID="ST_37.13.1.5" STYLEREFS="Style_3" VPOS="1881" WIDTH="170" WC="0.51" CC="0000000" TAGREFS=""/>
            <SP HPOS="620" ID="SP_37.13.1.6" VPOS="1880" WIDTH="18"/>
            <String CONTENT="Justice." HEIGHT="34" HPOS="638" ID="ST_37.13.1.7" STYLEREFS="Style_4" VPOS="1880" WIDTH="142" WC="0.85" CC="00000000" TAGREFS=""/>
          </TextLine>
        </TextBlock>
        <TextBlock HEIGHT="44.0" HPOS="797.0" ID="BL_37.14" TAGREFS="A12" VPOS="1879.0" WIDTH="537.0">
          <TextLine HEIGHT="44" HPOS="797" ID="TL_37.14.1" VPOS="1879" WIDTH="537">
            <String CONTENT="Appellant," HEIGHT="44" HPOS="797" ID="ST_37.14.1.1" STYLEREFS="Style_4" VPOS="1879" WIDTH="200" WC="0.86" CC="0000000000" TAGREFS=""/>
            <SP HPOS="997" ID="SP_37.14.1.2" VPOS="1879" WIDTH="18"/>
            <String CONTENT="Darrell" HEIGHT="34" HPOS="1015" ID="ST_37.14.1.3" STYLEREFS="Style_4" VPOS="1879" WIDTH="136" WC="0.61" CC="0000000" TAGREFS=""/>
            <SP HPOS="1151" ID="SP_37.14.1.4" VPOS="1880" WIDTH="18"/>
            <String CONTENT="H." HEIGHT="32" HPOS="1169" ID="ST_37.14.1.5" STYLEREFS="Style_2" VPOS="1880" WIDTH="45" WC="0.76" CC="00" TAGREFS=""/>
            <SP HPOS="1214" ID="SP_37.14.1.6" VPOS="1879" WIDTH="18"/>
            <String CONTENT="Pope," HEIGHT="43" HPOS="1232" ID="ST_37.14.1.7" STYLEREFS="Style_4" VPOS="1879" WIDTH="102" WC="0.87" CC="00000" TAGREFS=""/>
          </TextLine>
        </TextBlock>
        <TextBlock HEIGHT="197.0" HPOS="123.0" ID="BL_37.15" TAGREFS="A12" VPOS="1927.0" WIDTH="1213.0">
          <TextLine HEIGHT="36" HPOS="123" ID="TL_37.15.1" VPOS="1927" WIDTH="1211">
            <String CONTENT="contends" HEIGHT="34" HPOS="123" ID="ST_37.15.1.1" STYLEREFS="Style_4" VPOS="1929" WIDTH="167" WC="0.95" CC="00000000" TAGREFS=""/>
            <SP HPOS="290" ID="SP_37.15.1.2" VPOS="1929" WIDTH="13"/>
            <String CONTENT="that" HEIGHT="34" HPOS="303" ID="ST_37.15.1.3" STYLEREFS="Style_4" VPOS="1929" WIDTH="76" WC="0.89" CC="0000" TAGREFS=""/>
            <SP HPOS="379" ID="SP_37.15.1.4" VPOS="1929" WIDTH="12"/>
            <String CONTENT="his" HEIGHT="34" HPOS="391" ID="ST_37.15.1.5" STYLEREFS="Style_4" VPOS="1929" WIDTH="51" WC="1.00" CC="000" TAGREFS=""/>
            <SP HPOS="442" ID="SP_37.15.1.6" VPOS="1928" WIDTH="13"/>
            <String CONTENT="one-fourth" HEIGHT="35" HPOS="455" ID="ST_37.15.1.7" STYLEREFS="Style_4" VPOS="1928" WIDTH="200" WC="0.98" CC="0000000000" TAGREFS=""/>
            <SP HPOS="655" ID="SP_37.15.1.8" VPOS="1928" WIDTH="13"/>
            <String CONTENT="mineral" HEIGHT="35" HPOS="668" ID="ST_37.15.1.9" STYLEREFS="Style_4" VPOS="1928" WIDTH="145" WC="0.88" CC="0000000" TAGREFS=""/>
            <SP HPOS="813" ID="SP_37.15.1.10" VPOS="1929" WIDTH="13"/>
            <String CONTENT="interests" HEIGHT="34" HPOS="826" ID="ST_37.15.1.11" STYLEREFS="Style_4" VPOS="1929" WIDTH="158" WC="0.97" CC="000000000" TAGREFS=""/>
            <SP HPOS="984" ID="SP_37.15.1.12" VPOS="1939" WIDTH="12"/>
            <String CONTENT="are" HEIGHT="23" HPOS="996" ID="ST_37.15.1.13" STYLEREFS="Style_4" VPOS="1939" WIDTH="60" WC="0.96" CC="000" TAGREFS=""/>
            <SP HPOS="1056" ID="SP_37.15.1.14" VPOS="1933" WIDTH="12"/>
            <String CONTENT="not" HEIGHT="29" HPOS="1068" ID="ST_37.15.1.15" STYLEREFS="Style_4" VPOS="1933" WIDTH="59" WC="0.79" CC="000" TAGREFS=""/>
            <SP HPOS="1127" ID="SP_37.15.1.16" VPOS="1927" WIDTH="12"/>
            <String CONTENT="leased" HEIGHT="35" HPOS="1139" ID="ST_37.15.1.17" STYLEREFS="Style_4" VPOS="1927" WIDTH="115" WC="1.00" CC="000000" TAGREFS=""/>
            <SP HPOS="1254" ID="SP_37.15.1.18" VPOS="1927" WIDTH="12"/>
            <String CONTENT="and" HEIGHT="35" HPOS="1266" ID="ST_37.15.1.19" STYLEREFS="Style_4" VPOS="1927" WIDTH="68" WC="0.83" CC="000" TAGREFS=""/>
          </TextLine>
          <TextLine HEIGHT="46" HPOS="124" ID="TL_37.15.2" VPOS="1977" WIDTH="1211">
            <String CONTENT="seeks" HEIGHT="34" HPOS="124" ID="ST_37.15.2.1" STYLEREFS="Style_4" VPOS="1980" WIDTH="97" WC="1.00" CC="00000" TAGREFS=""/>
            <SP HPOS="221" ID="SP_37.15.2.2" VPOS="1990" WIDTH="22"/>
            <String CONTENT="an" HEIGHT="24" HPOS="243" ID="ST_37.15.2.3" STYLEREFS="Style_4" VPOS="1990" WIDTH="44" WC="0.93" CC="00" TAGREFS=""/>
            <SP HPOS="287" ID="SP_37.15.2.4" VPOS="1979" WIDTH="21"/>
            <String CONTENT="accounting" HEIGHT="43" HPOS="308" ID="ST_37.15.2.5" STYLEREFS="Style_4" VPOS="1979" WIDTH="207" WC="0.99" CC="0000000000" TAGREFS=""/>
            <SP HPOS="515" ID="SP_37.15.2.6" VPOS="1978" WIDTH="21"/>
            <String CONTENT="from" HEIGHT="36" HPOS="536" ID="ST_37.15.2.7" STYLEREFS="Style_4" VPOS="1978" WIDTH="91" WC="0.97" CC="0000" TAGREFS=""/>
            <SP HPOS="627" ID="SP_37.15.2.8" VPOS="1978" WIDTH="21"/>
            <String CONTENT="appellee," HEIGHT="45" HPOS="648" ID="ST_37.15.2.9" STYLEREFS="Style_4" VPOS="1978" WIDTH="165" WC="1.00" CC="000000000" TAGREFS=""/>
            <SP HPOS="813" ID="SP_37.15.2.10" VPOS="1978" WIDTH="21"/>
            <String CONTENT="the" HEIGHT="35" HPOS="834" ID="ST_37.15.2.11" STYLEREFS="Style_4" VPOS="1978" WIDTH="60" WC="0.97" CC="000" TAGREFS=""/>
            <SP HPOS="894" ID="SP_37.15.2.12" VPOS="1988" WIDTH="19"/>
            <String CONTENT="owner" HEIGHT="24" HPOS="913" ID="ST_37.15.2.13" STYLEREFS="Style_4" VPOS="1988" WIDTH="115" WC="0.94" CC="00000" TAGREFS=""/>
            <SP HPOS="1028" ID="SP_37.15.2.14" VPOS="1977" WIDTH="20"/>
            <String CONTENT="of" HEIGHT="36" HPOS="1048" ID="ST_37.15.2.15" STYLEREFS="Style_4" VPOS="1977" WIDTH="39" WC="1.00" CC="00" TAGREFS=""/>
            <SP HPOS="1087" ID="SP_37.15.2.16" VPOS="1977" WIDTH="17"/>
            <String CONTENT="the" HEIGHT="35" HPOS="1104" ID="ST_37.15.2.17" STYLEREFS="Style_4" VPOS="1977" WIDTH="60" WC="1.00" CC="000" TAGREFS=""/>
            <SP HPOS="1164" ID="SP_37.15.2.18" VPOS="1977" WIDTH="19"/>
            <String CONTENT="working" HEIGHT="44" HPOS="1183" ID="ST_37.15.2.19" STYLEREFS="Style_4" VPOS="1977" WIDTH="152" WC="0.92" CC="0000000" TAGREFS=""/>
          </TextLine>
          <TextLine HEIGHT="48" HPOS="124" ID="TL_37.15.3" VPOS="2026" WIDTH="1212">
            <String CONTENT="interest" HEIGHT="35" HPOS="124" ID="ST_37.15.3.1" STYLEREFS="Style_4" VPOS="2029" WIDTH="143" WC="0.94" CC="00000000" TAGREFS=""/>
            <SP HPOS="267" ID="SP_37.15.3.2" VPOS="2029" WIDTH="22"/>
            <String CONTENT="in" HEIGHT="35" HPOS="289" ID="ST_37.15.3.3" STYLEREFS="Style_4" VPOS="2029" WIDTH="34" WC="0.82" CC="00" TAGREFS=""/>
            <SP HPOS="323" ID="SP_37.15.3.4" VPOS="2040" WIDTH="22"/>
            <String CONTENT="a" HEIGHT="24" HPOS="345" ID="ST_37.15.3.5" STYLEREFS="Style_4" VPOS="2040" WIDTH="20" WC="1.00" CC="0" TAGREFS=""/>
            <SP HPOS="365" ID="SP_37.15.3.6" VPOS="2028" WIDTH="22"/>
            <String CONTENT="producing" HEIGHT="46" HPOS="387" ID="ST_37.15.3.7" STYLEREFS="Style_4" VPOS="2028" WIDTH="190" WC="1.00" CC="000000000" TAGREFS=""/>
            <SP HPOS="577" ID="SP_37.15.3.8" VPOS="2029" WIDTH="21"/>
            <String CONTENT="oil" HEIGHT="35" HPOS="598" ID="ST_37.15.3.9" STYLEREFS="Style_4" VPOS="2029" WIDTH="46" WC="1.00" CC="000" TAGREFS=""/>
            <SP HPOS="644" ID="SP_37.15.3.10" VPOS="2029" WIDTH="22"/>
            <String CONTENT="well," HEIGHT="41" HPOS="666" ID="ST_37.15.3.11" STYLEREFS="Style_4" VPOS="2029" WIDTH="86" WC="1.00" CC="00000" TAGREFS=""/>
            <SP HPOS="752" ID="SP_37.15.3.12" VPOS="2028" WIDTH="23"/>
            <String CONTENT="for" HEIGHT="35" HPOS="775" ID="ST_37.15.3.13" STYLEREFS="Style_4" VPOS="2028" WIDTH="53" WC="1.00" CC="000" TAGREFS=""/>
            <SP HPOS="828" ID="SP_37.15.3.14" VPOS="2029" WIDTH="21"/>
            <String CONTENT="all" HEIGHT="35" HPOS="849" ID="ST_37.15.3.15" STYLEREFS="Style_4" VPOS="2029" WIDTH="46" WC="0.96" CC="000" TAGREFS=""/>
            <SP HPOS="895" ID="SP_37.15.3.16" VPOS="2028" WIDTH="22"/>
            <String CONTENT="oil" HEIGHT="35" HPOS="917" ID="ST_37.15.3.17" STYLEREFS="Style_4" VPOS="2028" WIDTH="45" WC="0.90" CC="000" TAGREFS=""/>
            <SP HPOS="962" ID="SP_37.15.3.18" VPOS="2028" WIDTH="22"/>
            <String CONTENT="and" HEIGHT="35" HPOS="984" ID="ST_37.15.3.19" STYLEREFS="Style_4" VPOS="2028" WIDTH="69" WC="0.65" CC="000" TAGREFS=""/>
            <SP HPOS="1053" ID="SP_37.15.3.20" VPOS="2039" WIDTH="21"/>
            <String CONTENT="gas" HEIGHT="33" HPOS="1074" ID="ST_37.15.3.21" STYLEREFS="Style_4" VPOS="2039" WIDTH="61" WC="1.00" CC="000" TAGREFS=""/>
            <SP HPOS="1135" ID="SP_37.15.3.22" VPOS="2026" WIDTH="21"/>
            <String CONTENT="sold." HEIGHT="37" HPOS="1156" ID="ST_37.15.3.23" STYLEREFS="Style_4" VPOS="2026" WIDTH="84" WC="0.91" CC="00000" TAGREFS=""/>
            <SP HPOS="1240" ID="SP_37.15.3.24" VPOS="2028" WIDTH="22"/>
            <String CONTENT="The" HEIGHT="35" HPOS="1262" ID="ST_37.15.3.25" STYLEREFS="Style_4" VPOS="2028" WIDTH="74" WC="1.00" CC="000" TAGREFS=""/>
          </TextLine>
          <TextLine HEIGHT="46" HPOS="125" ID="TL_37.15.4" VPOS="2078" WIDTH="1210">
            <String CONTENT="Chancellor" HEIGHT="35" HPOS="125" ID="ST_37.15.4.1" STYLEREFS="Style_4" VPOS="2080" WIDTH="210" WC="0.96" CC="0000000000" TAGREFS=""/>
            <SP HPOS="335" ID="SP_37.15.4.2" VPOS="2079" WIDTH="14"/>
            <String CONTENT="dismissed" HEIGHT="35" HPOS="349" ID="ST_37.15.4.3" STYLEREFS="Style_4" VPOS="2079" WIDTH="180" WC="1.00" CC="000000000" TAGREFS=""/>
            <SP HPOS="529" ID="SP_37.15.4.4" VPOS="2079" WIDTH="14"/>
            <String CONTENT="the" HEIGHT="35" HPOS="543" ID="ST_37.15.4.5" STYLEREFS="Style_4" VPOS="2079" WIDTH="59" WC="0.88" CC="000" TAGREFS=""/>
            <SP HPOS="602" ID="SP_37.15.4.6" VPOS="2079" WIDTH="14"/>
            <String CONTENT="petition" HEIGHT="45" HPOS="616" ID="ST_37.15.4.7" STYLEREFS="Style_4" VPOS="2079" WIDTH="145" WC="0.99" CC="00000000" TAGREFS=""/>
            <SP HPOS="761" ID="SP_37.15.4.8" VPOS="2078" WIDTH="14"/>
            <String CONTENT="for" HEIGHT="35" HPOS="775" ID="ST_37.15.4.9" STYLEREFS="Style_4" VPOS="2078" WIDTH="53" WC="1.00" CC="000" TAGREFS=""/>
            <SP HPOS="828" ID="SP_37.15.4.10" VPOS="2090" WIDTH="14"/>
            <String CONTENT="an" HEIGHT="24" HPOS="842" ID="ST_37.15.4.11" STYLEREFS="Style_4" VPOS="2090" WIDTH="44" WC="0.76" CC="00" TAGREFS=""/>
            <SP HPOS="886" ID="SP_37.15.4.12" VPOS="2079" WIDTH="14"/>
            <String CONTENT="accounting." HEIGHT="43" HPOS="900" ID="ST_37.15.4.13" STYLEREFS="Style_4" VPOS="2079" WIDTH="218" WC="0.94" CC="00000000000" TAGREFS=""/>
            <SP HPOS="1118" ID="SP_37.15.4.14" VPOS="2079" WIDTH="16"/>
            <String CONTENT="We" HEIGHT="34" HPOS="1134" ID="ST_37.15.4.15" STYLEREFS="Style_4" VPOS="2079" WIDTH="65" WC="1.00" CC="00" TAGREFS=""/>
            <SP HPOS="1199" ID="SP_37.15.4.16" VPOS="2078" WIDTH="13"/>
            <String CONTENT="affirm." HEIGHT="35" HPOS="1212" ID="ST_37.15.4.17" STYLEREFS="Style_4" VPOS="2078" WIDTH="123" WC="0.91" CC="0000000" TAGREFS=""/>
          </TextLine>
        </TextBlock>
        <TextBlock HEIGHT="246.0" HPOS="126.0" ID="BL_37.16" TAGREFS="b37-15" VPOS="2158.0" WIDTH="1213.0">
          <TextLine HEIGHT="36" HPOS="215" ID="TL_37.16.1" VPOS="2158" WIDTH="1122">
            <String CONTENT="The" HEIGHT="34" HPOS="215" ID="ST_37.16.1.1" STYLEREFS="Style_4" VPOS="2160" WIDTH="76" WC="0.81" CC="000" TAGREFS=""/>
            <SP HPOS="291" ID="SP_37.16.1.2" VPOS="2159" WIDTH="14"/>
            <String CONTENT="mineral" HEIGHT="35" HPOS="305" ID="ST_37.16.1.3" STYLEREFS="Style_4" VPOS="2159" WIDTH="144" WC="0.97" CC="0000000" TAGREFS=""/>
            <SP HPOS="449" ID="SP_37.16.1.4" VPOS="2160" WIDTH="14"/>
            <String CONTENT="interests" HEIGHT="34" HPOS="463" ID="ST_37.16.1.5" STYLEREFS="Style_4" VPOS="2160" WIDTH="159" WC="0.99" CC="000000000" TAGREFS=""/>
            <SP HPOS="622" ID="SP_37.16.1.6" VPOS="2165" WIDTH="15"/>
            <String CONTENT="at" HEIGHT="29" HPOS="637" ID="ST_37.16.1.7" STYLEREFS="Style_4" VPOS="2165" WIDTH="36" WC="1.00" CC="00" TAGREFS=""/>
            <SP HPOS="673" ID="SP_37.16.1.8" VPOS="2160" WIDTH="15"/>
            <String CONTENT="issue" HEIGHT="33" HPOS="688" ID="ST_37.16.1.9" STYLEREFS="Style_4" VPOS="2160" WIDTH="90" WC="0.97" CC="00000" TAGREFS=""/>
            <SP HPOS="778" ID="SP_37.16.1.10" VPOS="2169" WIDTH="14"/>
            <String CONTENT="are" HEIGHT="25" HPOS="792" ID="ST_37.16.1.11" STYLEREFS="Style_4" VPOS="2169" WIDTH="59" WC="1.00" CC="000" TAGREFS=""/>
            <SP HPOS="851" ID="SP_37.16.1.12" VPOS="2159" WIDTH="13"/>
            <String CONTENT="under" HEIGHT="34" HPOS="864" ID="ST_37.16.1.13" STYLEREFS="Style_4" VPOS="2159" WIDTH="109" WC="0.97" CC="00000" TAGREFS=""/>
            <SP HPOS="973" ID="SP_37.16.1.14" VPOS="2159" WIDTH="14"/>
            <String CONTENT="70" HEIGHT="33" HPOS="987" ID="ST_37.16.1.15" STYLEREFS="Style_4" VPOS="2159" WIDTH="45" WC="1.00" CC="99" TAGREFS=""/>
            <SP HPOS="1032" ID="SP_37.16.1.16" VPOS="2169" WIDTH="15"/>
            <String CONTENT="acres" HEIGHT="24" HPOS="1047" ID="ST_37.16.1.17" STYLEREFS="Style_4" VPOS="2169" WIDTH="96" WC="1.00" CC="00000" TAGREFS=""/>
            <SP HPOS="1143" ID="SP_37.16.1.18" VPOS="2158" WIDTH="14"/>
            <String CONTENT="of" HEIGHT="34" HPOS="1157" ID="ST_37.16.1.19" STYLEREFS="Style_4" VPOS="2158" WIDTH="39" WC="1.00" CC="00" TAGREFS=""/>
            <SP HPOS="1196" ID="SP_37.16.1.20" VPOS="2158" WIDTH="11"/>
            <String CONTENT="land" HEIGHT="34" HPOS="1207" ID="ST_37.16.1.21" STYLEREFS="Style_4" VPOS="2158" WIDTH="81" WC="0.98" CC="0000" TAGREFS=""/>
            <SP HPOS="1288" ID="SP_37.16.1.22" VPOS="2158" WIDTH="14"/>
            <String CONTENT="in" HEIGHT="34" HPOS="1302" ID="ST_37.16.1.23" STYLEREFS="Style_4" VPOS="2158" WIDTH="35" WC="0.87" CC="00" TAGREFS=""/>
          </TextLine>
          <TextLine HEIGHT="45" HPOS="126" ID="TL_37.16.2" VPOS="2208" WIDTH="1210">
            <String CONTENT="Columbia" HEIGHT="35" HPOS="126" ID="ST_37.16.2.1" STYLEREFS="Style_4" VPOS="2209" WIDTH="187" WC="0.89" CC="00000000" TAGREFS=""/>
            <SP HPOS="313" ID="SP_37.16.2.2" VPOS="2209" WIDTH="13"/>
            <String CONTENT="County" HEIGHT="44" HPOS="326" ID="ST_37.16.2.3" STYLEREFS="Style_4" VPOS="2209" WIDTH="139" WC="0.94" CC="000000" TAGREFS=""/>
            <SP HPOS="465" ID="SP_37.16.2.4" VPOS="2209" WIDTH="11"/>
            <String CONTENT="which" HEIGHT="34" HPOS="476" ID="ST_37.16.2.5" STYLEREFS="Style_4" VPOS="2209" WIDTH="113" WC="1.00" CC="00000" TAGREFS=""/>
            <SP HPOS="589" ID="SP_37.16.2.6" VPOS="2220" WIDTH="12"/>
            <String CONTENT="were" HEIGHT="24" HPOS="601" ID="ST_37.16.2.7" STYLEREFS="Style_4" VPOS="2220" WIDTH="89" WC="1.00" CC="0000" TAGREFS=""/>
            <SP HPOS="690" ID="SP_37.16.2.8" VPOS="2208" WIDTH="11"/>
            <String CONTENT="owned" HEIGHT="35" HPOS="701" ID="ST_37.16.2.9" STYLEREFS="Style_4" VPOS="2208" WIDTH="121" WC="0.97" CC="00000" TAGREFS=""/>
            <SP HPOS="822" ID="SP_37.16.2.10" VPOS="2209" WIDTH="12"/>
            <String CONTENT="by" HEIGHT="43" HPOS="834" ID="ST_37.16.2.11" STYLEREFS="Style_4" VPOS="2209" WIDTH="45" WC="0.93" CC="00" TAGREFS=""/>
            <SP HPOS="879" ID="SP_37.16.2.12" VPOS="2208" WIDTH="12"/>
            <String CONTENT="appellant’s" HEIGHT="44" HPOS="891" ID="ST_37.16.2.13" STYLEREFS="Style_4" VPOS="2208" WIDTH="204" WC="0.85" CC="00000000090" TAGREFS=""/>
            <SP HPOS="1095" ID="SP_37.16.2.14" VPOS="2208" WIDTH="13"/>
            <String CONTENT="father," HEIGHT="40" HPOS="1108" ID="ST_37.16.2.15" STYLEREFS="Style_4" VPOS="2208" WIDTH="125" WC="0.96" CC="0000000" TAGREFS=""/>
            <SP HPOS="1233" ID="SP_37.16.2.16" VPOS="2208" WIDTH="12"/>
            <String CONTENT="A.G." HEIGHT="34" HPOS="1245" ID="ST_37.16.2.17" STYLEREFS="Style_4" VPOS="2208" WIDTH="91" WC="0.79" CC="0000" TAGREFS=""/>
          </TextLine>
          <TextLine HEIGHT="47" HPOS="126" ID="TL_37.16.3" VPOS="2257" WIDTH="1213">
            <String CONTENT="Pope," HEIGHT="44" HPOS="126" ID="ST_37.16.3.1" STYLEREFS="Style_4" VPOS="2260" WIDTH="103" WC="1.00" CC="00000" TAGREFS=""/>
            <SP HPOS="229" ID="SP_37.16.3.2" VPOS="2259" WIDTH="15"/>
            <String CONTENT="who" HEIGHT="34" HPOS="244" ID="ST_37.16.3.3" STYLEREFS="Style_4" VPOS="2259" WIDTH="77" WC="1.00" CC="000" TAGREFS=""/>
            <SP HPOS="321" ID="SP_37.16.3.4" VPOS="2259" WIDTH="14"/>
            <String CONTENT="died" HEIGHT="35" HPOS="335" ID="ST_37.16.3.5" STYLEREFS="Style_4" VPOS="2259" WIDTH="79" WC="0.93" CC="0000" TAGREFS=""/>
            <SP HPOS="414" ID="SP_37.16.3.6" VPOS="2259" WIDTH="14"/>
            <String CONTENT="intestate" HEIGHT="35" HPOS="428" ID="ST_37.16.3.7" STYLEREFS="Style_4" VPOS="2259" WIDTH="163" WC="0.93" CC="000000000" TAGREFS=""/>
            <SP HPOS="591" ID="SP_37.16.3.8" VPOS="2270" WIDTH="12"/>
            <String CONTENT="on" HEIGHT="24" HPOS="603" ID="ST_37.16.3.9" STYLEREFS="Style_4" VPOS="2270" WIDTH="45" WC="1.00" CC="00" TAGREFS=""/>
            <SP HPOS="648" ID="SP_37.16.3.10" VPOS="2259" WIDTH="14"/>
            <String CONTENT="July" HEIGHT="43" HPOS="662" ID="ST_37.16.3.11" STYLEREFS="Style_4" VPOS="2259" WIDTH="80" WC="0.99" CC="0000" TAGREFS=""/>
            <SP HPOS="742" ID="SP_37.16.3.12" VPOS="2260" WIDTH="18"/>
            <String CONTENT="11," HEIGHT="39" HPOS="760" ID="ST_37.16.3.13" STYLEREFS="Style_4" VPOS="2260" WIDTH="52" WC="0.90" CC="990" TAGREFS=""/>
            <SP HPOS="812" ID="SP_37.16.3.14" VPOS="2259" WIDTH="19"/>
            <String CONTENT="1965." HEIGHT="34" HPOS="831" ID="ST_37.16.3.15" STYLEREFS="Style_4" VPOS="2259" WIDTH="99" WC="0.94" CC="99000" TAGREFS=""/>
            <SP HPOS="930" ID="SP_37.16.3.16" VPOS="2257" WIDTH="15"/>
            <String CONTENT="Surviving" HEIGHT="44" HPOS="945" ID="ST_37.16.3.17" STYLEREFS="Style_4" VPOS="2257" WIDTH="182" WC="0.84" CC="000000000" TAGREFS=""/>
            <SP HPOS="1127" ID="SP_37.16.3.18" VPOS="2257" WIDTH="14"/>
            <String CONTENT="A.G." HEIGHT="35" HPOS="1141" ID="ST_37.16.3.19" STYLEREFS="Style_4" VPOS="2257" WIDTH="90" WC="0.93" CC="0000" TAGREFS=""/>
            <SP HPOS="1231" ID="SP_37.16.3.20" VPOS="2257" WIDTH="16"/>
            <String CONTENT="Pope" HEIGHT="44" HPOS="1247" ID="ST_37.16.3.21" STYLEREFS="Style_4" VPOS="2257" WIDTH="92" WC="1.00" CC="0000" TAGREFS=""/>
          </TextLine>
          <TextLine HEIGHT="46" HPOS="126" ID="TL_37.16.4" VPOS="2307" WIDTH="1212">
            <String CONTENT="were" HEIGHT="23" HPOS="126" ID="ST_37.16.4.1" STYLEREFS="Style_4" VPOS="2321" WIDTH="90" WC="1.00" CC="0000" TAGREFS=""/>
            <SP HPOS="216" ID="SP_37.16.4.2" VPOS="2310" WIDTH="11"/>
            <String CONTENT="his" HEIGHT="34" HPOS="227" ID="ST_37.16.4.3" STYLEREFS="Style_4" VPOS="2310" WIDTH="52" WC="0.99" CC="000" TAGREFS=""/>
            <SP HPOS="279" ID="SP_37.16.4.4" VPOS="2309" WIDTH="12"/>
            <String CONTENT="widow," HEIGHT="41" HPOS="291" ID="ST_37.16.4.5" STYLEREFS="Style_4" VPOS="2309" WIDTH="131" WC="0.93" CC="000000" TAGREFS=""/>
            <SP HPOS="422" ID="SP_37.16.4.6" VPOS="2310" WIDTH="12"/>
            <String CONTENT="Jupe" HEIGHT="43" HPOS="434" ID="ST_37.16.4.7" STYLEREFS="Style_4" VPOS="2310" WIDTH="89" WC="1.00" CC="0000" TAGREFS=""/>
            <SP HPOS="523" ID="SP_37.16.4.8" VPOS="2308" WIDTH="11"/>
            <String CONTENT="O." HEIGHT="35" HPOS="534" ID="ST_37.16.4.9" STYLEREFS="Style_4" VPOS="2308" WIDTH="43" WC="0.80" CC="90" TAGREFS=""/>
            <SP HPOS="577" ID="SP_37.16.4.10" VPOS="2309" WIDTH="13"/>
            <String CONTENT="Pope," HEIGHT="44" HPOS="590" ID="ST_37.16.4.11" STYLEREFS="Style_4" VPOS="2309" WIDTH="103" WC="0.78" CC="00000" TAGREFS=""/>
            <SP HPOS="693" ID="SP_37.16.4.12" VPOS="2308" WIDTH="12"/>
            <String CONTENT="and" HEIGHT="35" HPOS="705" ID="ST_37.16.4.13" STYLEREFS="Style_4" VPOS="2308" WIDTH="69" WC="0.89" CC="000" TAGREFS=""/>
            <SP HPOS="774" ID="SP_37.16.4.14" VPOS="2308" WIDTH="10"/>
            <String CONTENT="their" HEIGHT="35" HPOS="784" ID="ST_37.16.4.15" STYLEREFS="Style_4" VPOS="2308" WIDTH="89" WC="0.78" CC="00000" TAGREFS=""/>
            <SP HPOS="873" ID="SP_37.16.4.16" VPOS="2308" WIDTH="12"/>
            <String CONTENT="four" HEIGHT="35" HPOS="885" ID="ST_37.16.4.17" STYLEREFS="Style_4" VPOS="2308" WIDTH="78" WC="0.92" CC="0000" TAGREFS=""/>
            <SP HPOS="963" ID="SP_37.16.4.18" VPOS="2308" WIDTH="11"/>
            <String CONTENT="children;" HEIGHT="40" HPOS="974" ID="ST_37.16.4.19" STYLEREFS="Style_4" VPOS="2308" WIDTH="166" WC="0.88" CC="000000000" TAGREFS=""/>
            <SP HPOS="1140" ID="SP_37.16.4.20" VPOS="2307" WIDTH="12"/>
            <String CONTENT="appellant," HEIGHT="44" HPOS="1152" ID="ST_37.16.4.21" STYLEREFS="Style_4" VPOS="2307" WIDTH="186" WC="0.97" CC="0000000000" TAGREFS=""/>
          </TextLine>
          <TextLine HEIGHT="47" HPOS="126" ID="TL_37.16.5" VPOS="2357" WIDTH="1130">
            <String CONTENT="Jerry" HEIGHT="44" HPOS="126" ID="ST_37.16.5.1" STYLEREFS="Style_4" VPOS="2360" WIDTH="99" WC="0.90" CC="00000" TAGREFS=""/>
            <SP HPOS="225" ID="SP_37.16.5.2" VPOS="2359" WIDTH="21"/>
            <String CONTENT="Bertie" HEIGHT="35" HPOS="246" ID="ST_37.16.5.3" STYLEREFS="Style_4" VPOS="2359" WIDTH="116" WC="1.00" CC="000000" TAGREFS=""/>
            <SP HPOS="362" ID="SP_37.16.5.4" VPOS="2360" WIDTH="20"/>
            <String CONTENT="Duke," HEIGHT="40" HPOS="382" ID="ST_37.16.5.5" STYLEREFS="Style_4" VPOS="2360" WIDTH="111" WC="1.00" CC="00000" TAGREFS=""/>
            <SP HPOS="493" ID="SP_37.16.5.6" VPOS="2359" WIDTH="22"/>
            <String CONTENT="Gertrude" HEIGHT="35" HPOS="515" ID="ST_37.16.5.7" STYLEREFS="Style_4" VPOS="2359" WIDTH="174" WC="0.86" CC="00000000" TAGREFS=""/>
            <SP HPOS="689" ID="SP_37.16.5.8" VPOS="2358" WIDTH="20"/>
            <String CONTENT="Rolaine," HEIGHT="42" HPOS="709" ID="ST_37.16.5.9" STYLEREFS="Style_4" VPOS="2358" WIDTH="157" WC="0.86" CC="00000000" TAGREFS=""/>
            <SP HPOS="866" ID="SP_37.16.5.10" VPOS="2358" WIDTH="22"/>
            <String CONTENT="and" HEIGHT="35" HPOS="888" ID="ST_37.16.5.11" STYLEREFS="Style_4" VPOS="2358" WIDTH="69" WC="0.81" CC="000" TAGREFS=""/>
            <SP HPOS="957" ID="SP_37.16.5.12" VPOS="2357" WIDTH="20"/>
            <String CONTENT="Garland" HEIGHT="36" HPOS="977" ID="ST_37.16.5.13" STYLEREFS="Style_4" VPOS="2357" WIDTH="157" WC="0.88" CC="0000000" TAGREFS=""/>
            <SP HPOS="1134" ID="SP_37.16.5.14" VPOS="2358" WIDTH="20"/>
            <String CONTENT="Pope." HEIGHT="43" HPOS="1154" ID="ST_37.16.5.15" STYLEREFS="Style_4" VPOS="2358" WIDTH="102" WC="0.92" CC="00000" TAGREFS=""/>
          </TextLine>
        </TextBlock>
        <TextBlock HEIGHT="47.0" HPOS="219.0" ID="BL_37.17" TAGREFS="b37-16" VPOS="2437.0" WIDTH="1120.0">
          <TextLine HEIGHT="47" HPOS="219" ID="TL_37.17.1" VPOS="2437" WIDTH="1120">
            <String CONTENT="In" HEIGHT="34" HPOS="219" ID="ST_37.17.1.1" STYLEREFS="Style_4" VPOS="2441" WIDTH="39" WC="1.00" CC="00" TAGREFS=""/>
            <SP HPOS="258" ID="SP_37.17.1.2" VPOS="2440" WIDTH="16"/>
            <String CONTENT="1956," HEIGHT="40" HPOS="274" ID="ST_37.17.1.3" STYLEREFS="Style_4" VPOS="2440" WIDTH="99" WC="0.96" CC="99000" TAGREFS=""/>
            <SP HPOS="373" ID="SP_37.17.1.4" VPOS="2440" WIDTH="11"/>
            <String CONTENT="nine" HEIGHT="35" HPOS="384" ID="ST_37.17.1.5" STYLEREFS="Style_4" VPOS="2440" WIDTH="80" WC="0.81" CC="0000" TAGREFS=""/>
            <SP HPOS="464" ID="SP_37.17.1.6" VPOS="2450" WIDTH="10"/>
            <String CONTENT="years" HEIGHT="34" HPOS="474" ID="ST_37.17.1.7" STYLEREFS="Style_4" VPOS="2450" WIDTH="99" WC="0.94" CC="00000" TAGREFS=""/>
            <SP HPOS="573" ID="SP_37.17.1.8" VPOS="2439" WIDTH="10"/>
            <String CONTENT="before" HEIGHT="35" HPOS="583" ID="ST_37.17.1.9" STYLEREFS="Style_4" VPOS="2439" WIDTH="120" WC="0.97" CC="000000" TAGREFS=""/>
            <SP HPOS="703" ID="SP_37.17.1.10" VPOS="2439" WIDTH="10"/>
            <String CONTENT="his" HEIGHT="35" HPOS="713" ID="ST_37.17.1.11" STYLEREFS="Style_4" VPOS="2439" WIDTH="52" WC="0.94" CC="000" TAGREFS=""/>
            <SP HPOS="765" ID="SP_37.17.1.12" VPOS="2439" WIDTH="10"/>
            <String CONTENT="death," HEIGHT="41" HPOS="775" ID="ST_37.17.1.13" STYLEREFS="Style_4" VPOS="2439" WIDTH="117" WC="0.94" CC="000000" TAGREFS=""/>
            <SP HPOS="892" ID="SP_37.17.1.14" VPOS="2439" WIDTH="10"/>
            <String CONTENT="A.G." HEIGHT="34" HPOS="902" ID="ST_37.17.1.15" STYLEREFS="Style_4" VPOS="2439" WIDTH="91" WC="1.00" CC="0000" TAGREFS=""/>
            <SP HPOS="993" ID="SP_37.17.1.16" VPOS="2438" WIDTH="12"/>
            <String CONTENT="Pope" HEIGHT="45" HPOS="1005" ID="ST_37.17.1.17" STYLEREFS="Style_4" VPOS="2438" WIDTH="93" WC="0.79" CC="0000" TAGREFS=""/>
            <SP HPOS="1098" ID="SP_37.17.1.18" VPOS="2438" WIDTH="9"/>
            <String CONTENT="and" HEIGHT="35" HPOS="1107" ID="ST_37.17.1.19" STYLEREFS="Style_4" VPOS="2438" WIDTH="69" WC="0.88" CC="000" TAGREFS=""/>
            <SP HPOS="1176" ID="SP_37.17.1.20" VPOS="2438" WIDTH="11"/>
            <String CONTENT="his" HEIGHT="34" HPOS="1187" ID="ST_37.17.1.21" STYLEREFS="Style_4" VPOS="2438" WIDTH="52" WC="1.00" CC="000" TAGREFS=""/>
            <SP HPOS="1239" ID="SP_37.17.1.22" VPOS="2437" WIDTH="10"/>
            <String CONTENT="wife," HEIGHT="42" HPOS="1249" ID="ST_37.17.1.23" STYLEREFS="Style_4" VPOS="2437" WIDTH="90" WC="0.92" CC="00000" TAGREFS=""/>
          </TextLine>
        </TextBlock>
      </PrintSpace>
    </Page>
  </Layout>
</alto>
