1665 2701
249 413 134 43 subject
402 419 36 29 to
458 414 97 34 these
575 414 91 34 rules
686 425 37 23 or
743 414 98 35 those
860 414 173 35 hereafter
1054 414 113 35 made.

1267 274 65 33 383

290 498 303 35 SUSPENSION
616 499 95 34 FOR
733 499 209 34 FAILURE
961 499 64 34 TO
1046 500 96 33 PAY
1163 499 134 34 FEE-

464 548 185 35 NOTICE
670 549 62 34 OF
752 549 368 42 DELINQUENCY.

496 598 418 35 REINSTATEMENT
914 598 47 35 —
961 598 129 35 HOW.

343 683 135 34 Failure
491 688 35 29 to
540 693 68 33 pay
621 683 59 34 the
693 684 128 34 annual
835 683 127 35 license
975 683 55 35 fee
1043 684 117 34 herein
1174 684 162 43 provided

251 732 88 34 shall
353 732 270 43 automatically
634 733 155 43 suspend
800 732 84 36 such
897 732 201 45 delinquent
1109 734 126 42 lawyer
1248 733 90 35 from

252 782 59 34 the
323 782 161 43 practice.
498 782 129 35 Notice
639 782 39 34 of
688 782 254 45 delinquencies
955 783 88 34 shall
1056 784 43 33 be
1111 783 99 43 given
1223 783 44 44 by
1279 784 59 34 the

253 831 106 35 Clerk
370 832 39 34 of
417 832 68 34 this
498 832 111 34 Court
621 837 35 29 to
668 832 60 34 the
739 832 210 44 delinquent,
963 833 68 34 and
1044 838 35 29 to
1091 833 59 34 the
1162 832 127 44 Judges
1302 833 39 34 of

252 881 59 34 the
332 881 133 35 Circuit
485 881 69 35 and
575 882 184 44 Chancery
779 883 126 34 Courts
926 882 39 34 of
982 883 59 34 the
1061 882 144 35 District
1224 883 39 34 of
1280 883 58 34 the

252 931 228 44 delinquent’s
492 931 186 42 residence,
691 932 68 34 and
770 944 20 23 a
801 933 55 34 list
867 932 39 34 of
914 932 45 35 all
970 932 217 44 delinquents
1198 932 87 35 shall
1296 933 43 34 be

252 981 120 43 posted
396 981 33 34 in
451 982 59 34 the
532 981 99 35 office
653 982 39 34 of
711 982 59 35 the
792 982 106 35 Clerk
918 982 39 34 of
977 982 67 35 this
1067 983 121 34 Court.
1212 983 127 34 Where

253 1030 226 45 delinquency
492 1032 28 34 is
533 1031 54 34 for
598 1042 45 23 no
655 1042 96 24 more
762 1032 85 35 than
859 1032 98 34 three
968 1043 99 33 years
1079 1033 261 34 reinstatement

254 1091 81 33 may
351 1081 43 34 be
410 1081 68 35 had
495 1082 45 43 by
556 1081 60 35 the
632 1087 164 38 payment
812 1081 39 36 of
864 1081 46 35 all
927 1082 84 34 such
1028 1082 200 44 delinquent
1243 1082 95 41 dues,

254 1130 69 35 and
334 1142 20 23 a
366 1132 139 43 penalty
517 1130 39 36 of
565 1132 114 36 $1.00.
695 1131 254 45 (Delinquency
960 1132 35 34 in
1007 1143 20 23 a
1039 1132 99 43 given
1150 1143 81 32 year
1242 1132 97 35 dates

254 1180 91 34 from
355 1181 126 34 March
491 1183 21 32 2
521 1180 40 35 of
567 1181 77 34 that
653 1181 109 44 year.)
775 1181 34 35 If
814 1181 229 44 delinquency
1051 1182 28 34 is
1089 1182 53 34 for
1152 1192 95 24 more
1255 1182 84 34 than

254 1230 97 34 three
361 1241 98 33 years
470 1230 211 45 application
692 1231 54 34 for
756 1232 261 34 reinstatement
1028 1237 93 29 must
1131 1231 43 34 be
1184 1231 102 35 made
1296 1242 43 24 on

254 1290 20 24 a
286 1279 90 35 form
387 1280 156 44 supplied
554 1280 45 44 by
610 1281 60 34 the
680 1281 106 34 Clerk
796 1280 68 36 and
875 1281 248 44 accompanied
1134 1281 45 43 by
1190 1292 20 23 a
1221 1281 119 35 tender

254 1329 39 34 of
311 1330 46 34 all
376 1330 130 44 unpaid
525 1330 86 34 dues
631 1330 69 35 and
720 1331 149 43 penalty.
892 1330 202 45 (Emphasis
1114 1330 128 44 added)

223 1414 31 33 It
265 1414 28 33 is
305 1414 140 34 obvious
457 1414 90 35 from
559 1415 59 33 the
629 1415 120 34 record
761 1415 76 35 that
847 1415 144 43 Tuohey
1002 1415 197 44 performed
1210 1415 130 34 certain

130 1463 146 34 services
290 1463 53 34 for
356 1464 58 34 the
427 1469 109 29 estate
548 1464 155 34 between
718 1465 126 34 March
858 1465 31 40 2,
908 1465 88 34 1984
1009 1465 69 34 and
1092 1466 87 41 May
1192 1465 147 41 6,1985,

130 1513 102 34 while
241 1512 52 34 his
304 1512 125 35 license
438 1524 69 24 was
517 1513 205 43 suspended.
733 1514 128 34 Suffice
870 1518 35 30 to
915 1525 71 32 say,
997 1525 44 23 an
1052 1519 158 38 attorney
1219 1514 122 35 should

130 1568 71 35 not,
218 1562 68 34 and
302 1568 137 35 cannot,
456 1563 43 34 be
513 1563 247 43 compensated
776 1563 53 35 for
844 1563 145 35 services
1005 1563 196 44 performed
1217 1563 123 44 during

130 1612 60 35 the
209 1611 85 36 time
313 1612 76 35 that
409 1613 52 34 his
481 1613 127 34 license
628 1624 70 23 was
719 1613 34 35 in
774 1625 20 23 a
814 1618 90 30 state
923 1613 40 35 of
979 1614 211 44 suspension.

223 1698 39 34 In
270 1698 119 35 Smith
398 1710 30 23 v.
437 1697 176 44 Kneisley,
623 1699 45 34 49
678 1698 85 35 P.2d
774 1699 66 35 916
852 1698 149 43 (Wash.,
1015 1699 104 43 1935)
1131 1710 44 24 an
1185 1704 156 40 attorney

130 1748 194 44 attempted
351 1753 35 30 to
412 1760 138 24 recover
577 1749 203 35 reasonable
806 1749 187 44 attorney’s
1020 1749 71 35 fees
1118 1750 53 34 for
1197 1750 143 34 services

130 1798 168 35 rendered
314 1798 101 35 while
431 1799 52 34 his
500 1799 127 34 license
642 1810 70 23 was
729 1799 192 44 suspended
938 1799 53 35 for
1008 1799 126 35 failure
1148 1805 36 29 to
1200 1800 141 43 register

131 1848 69 34 and
221 1858 67 33 pay
308 1848 52 34 his
381 1848 81 35 fees.
483 1849 75 34 The
578 1854 98 29 court
696 1849 35 34 in
750 1848 118 36 Smith
889 1849 124 34 stated:

346 1932 91 34 That
451 1932 39 41 is,
504 1933 59 34 the
576 1937 131 30 statute
720 1944 77 32 says
811 1933 77 34 that
900 1933 44 34 he
957 1933 89 34 shall
1058 1933 44 35 be
1115 1933 80 35 held
1207 1938 35 29 to
1256 1933 86 35 have

257 1981 65 35 lost
336 1981 52 35 his
402 1982 91 43 right
506 1987 36 30 to
555 1982 153 43 practice
722 1983 64 34 law
801 1982 109 35 “until
924 1983 85 34 such
1023 1983 218 43 registration
1255 1983 87 34 shall

257 2031 87 35 have
363 2031 86 35 been
470 2031 103 36 made
593 2032 69 34 and
682 2032 60 35 the
761 2032 55 35 fee
835 2032 115 44 paid.”

348 2116 38 33 In
403 2117 53 33 Re
472 2116 94 40 Ellis,
588 2117 62 33 118
669 2117 119 34 Wash.
805 2117 79 40 484,
902 2118 66 33 203
986 2118 36 33 P.
1040 2118 79 40 957,
1136 2118 79 39 958,
1232 2117 26 34 it
1273 2128 69 23 was

256 2164 86 35 said:
356 2165 96 34 “The
463 2165 93 43 right
567 2170 36 29 to
614 2166 153 42 practice
779 2166 64 34 law
855 2165 28 34 is
895 2170 60 30 not
966 2177 21 23 a
999 2166 92 42 right
1103 2166 43 34 de
1153 2165 88 43 jure.
1257 2165 17 20 *
1290 2165 17 20 *
1324 2165 17 20 *

257 2213 43 34 ‘It
314 2214 27 33 is
356 2214 34 33 in
404 2214 58 34 the
476 2219 124 29 nature
613 2214 39 34 of
662 2225 20 23 a
697 2214 173 35 franchise
884 2214 91 34 from
988 2215 60 34 the
1061 2220 90 29 state
1163 2214 180 35 conferred

257 2263 80 43 only
359 2263 52 34 for
433 2264 113 40 merit,
568 2263 69 35 and
659 2264 28 34 is
709 2269 60 29 not
790 2275 20 24 a
831 2263 119 35 lawful
971 2264 156 35 business
1149 2269 121 38 except
1291 2264 53 34 for

257 2313 172 35 members
455 2313 39 35 of
516 2313 59 35 the
600 2313 63 35 bar
688 2313 78 35 who
791 2314 87 34 have
902 2313 178 44 complied
1103 2313 82 35 with
1211 2313 51 35 all
1287 2313 58 35 the

257 2362 197 36 conditions
483 2363 164 44 required
675 2363 44 44 by
747 2370 133 29 statute
908 2363 72 35 and
1008 2364 58 34 the
1095 2363 95 36 rules
1219 2363 45 44 of
1286 2363 58 35 the

258 2414 122 34 court.'
395 2414 20 13 ”
