1624 2688
290 275 44 34 64

381 417 64 33 We
465 417 151 42 recently
636 417 176 34 answered
832 418 59 33 the
910 428 97 23 same
1025 419 158 42 question
1203 419 109 34 under
1331 419 59 34 the
1414 420 85 33 1975

287 465 134 34 version
439 465 39 34 of
494 466 17 41 §
532 466 153 34 66-3709
704 466 34 34 in
756 466 190 35 Milldrum
962 478 30 22 v.
1015 467 180 34 Travelers
1211 467 197 43 Indemnity
1428 469 72 40 Co.,

289 515 66 33 285
372 515 85 33 Ark.
475 516 78 39 376,
571 516 66 33 688
654 515 143 34 S.W.2d
813 517 63 33 271
899 515 137 43 (1985),
1053 516 114 34 where
1181 528 51 23 we
1246 517 80 34 held
1341 517 76 35 that
1431 518 70 34 Act

289 564 68 34 900
374 564 39 34 of
432 565 85 33 1975
536 564 58 34 did
612 570 59 29 not
689 565 150 43 prohibit
856 565 59 35 the
932 565 163 35 insertion
1112 565 40 35 of
1166 577 19 23 a
1203 566 117 35 clause
1336 567 165 43 reducing

289 613 143 35 benefits
452 614 53 34 for
523 614 115 35 Social
657 615 159 44 Security
835 621 192 38 payments.
1046 616 180 43 Although
1245 617 58 34 the
1326 618 85 33 1975
1432 618 69 34 Act

288 675 69 23 was
380 669 36 29 at
439 664 90 35 issue
551 664 34 35 in
608 664 201 42 Milldrum,
832 676 52 24 we
906 665 252 45 inadvertently
1179 666 128 44 quoted
1330 667 171 43 language

288 714 183 34 contained
488 714 34 34 in
538 715 70 33 Act
625 715 67 33 806
709 714 39 35 of
765 716 99 40 1979,
881 726 44 23 an
942 715 171 35 amended
1128 716 134 34 version
1278 716 39 35 of
1331 717 58 34 the
1405 728 96 23 same

287 764 79 33 Act.
378 764 74 33 The
462 763 188 35 difference
660 764 154 34 between
824 765 97 34 these
930 770 68 29 two
1008 771 215 29 enactments
1233 766 82 34 does
1325 772 60 28 not
1395 767 106 34 affect

287 813 59 33 the
356 813 152 34 decision
519 813 34 34 in
564 813 202 41 Milldrum,
778 824 61 24 nor
850 813 81 35 does
942 814 27 34 it
979 815 134 42 change
1123 815 59 34 the
1192 815 66 34 end
1270 816 106 34 result
1386 815 39 35 of
1432 816 68 34 this

287 873 89 23 case.

470 944 179 35 Arkansas
668 945 89 35 Stat.
778 946 92 34 Ann.
892 946 18 42 §
932 946 153 34 66-3709
1106 957 37 24 as
1163 947 171 34 amended
1354 947 34 35 in
1412 948 86 34 1979

286 994 150 34 controls
449 994 67 35 this
530 1005 79 24 case
622 995 148 35 because
783 995 59 35 the
854 996 155 44 appellee
1022 996 144 35 became
1178 996 156 36 disabled
1347 998 35 34 in
1400 998 97 34 1980.

377 1076 140 34 Section
542 1078 12 32 1
579 1076 39 35 of
634 1078 70 33 Act
726 1078 66 33 806
813 1077 40 34 of
874 1079 87 33 1979
984 1078 36 42 (§
1043 1078 170 43 66-3709)
1236 1084 117 29 states:

501 1157 163 34 “Section
681 1159 27 32 1.
721 1158 59 34 No
792 1163 157 29 contract
960 1158 40 34 of
1008 1169 110 33 group
1129 1159 176 44 disability
1317 1160 182 35 insurance

409 1217 37 23 as
465 1206 135 34 defined
618 1207 34 33 in
670 1207 179 34 Arkansas
866 1207 140 35 Statute
1024 1209 150 33 66-3701
1196 1209 176 43 including
1389 1220 110 33 group

409 1260 173 30 contracts
597 1256 114 34 issued
726 1257 44 43 by
786 1257 160 43 Hospital
961 1257 68 34 and
1045 1258 155 34 Medical
1215 1258 138 35 Service
1368 1259 129 44 Corpo-

409 1305 129 34 rations
554 1316 37 24 as
606 1306 136 34 defined
757 1306 34 34 in
806 1307 179 34 Arkansas
1000 1307 141 35 Statute
1155 1308 153 34 66-4908
1325 1308 173 35 hereafter

408 1354 85 42 sold,
509 1355 172 35 delivered
695 1366 38 24 or
749 1356 114 34 issued
878 1356 53 35 for
945 1356 151 44 delivery
1110 1368 38 24 or
1163 1357 131 35 offered
1309 1358 54 34 for
1377 1358 72 35 sale
1463 1359 34 34 in

408 1405 68 34 this
497 1405 100 34 State
618 1406 88 34 shall
728 1406 138 34 contain
889 1417 67 33 any
977 1407 171 43 provision
1170 1407 53 35 for
1244 1408 59 34 the
1324 1408 114 34 denial
1460 1419 38 24 or

408 1454 179 34 reduction
599 1465 38 24 or
654 1455 63 42 [of]
733 1455 144 35 benefits
890 1456 148 34 because
1049 1456 40 34 of
1098 1457 59 34 the
1168 1457 172 34 existence
1352 1457 39 35 of
1399 1458 99 34 other

408 1503 68 34 like
499 1504 182 34 insurance
704 1510 122 38 except
848 1510 35 29 to
907 1505 59 34 the
989 1511 117 29 extent
1129 1506 77 34 that
1228 1507 60 33 the
1310 1512 187 38 aggregate

408 1552 144 35 benefits
577 1553 83 34 with
686 1559 133 38 respect
844 1559 36 29 to
905 1555 59 34 the
989 1555 144 34 covered
1159 1555 148 35 medical
1333 1566 163 33 expenses

408 1602 159 34 incurred
592 1602 109 35 under
726 1603 84 34 such
835 1604 113 43 policy
972 1614 38 24 or
1035 1604 81 44 plan
1142 1604 68 34 and
1235 1605 46 34 all
1306 1605 98 34 other
1429 1605 68 35 like

407 1651 183 35 insurance
605 1652 83 34 with
703 1652 98 35 other
817 1653 150 34 insurers
983 1653 127 35 exceed
1126 1654 46 34 all
1188 1654 144 34 covered
1348 1654 148 35 medical

407 1711 164 34 expenses
588 1701 169 35 incurred.
775 1703 74 34 The
865 1708 90 29 term
971 1703 122 35 “other
1110 1703 68 35 like
1193 1704 204 35 insurance”
1415 1715 81 34 may

407 1751 137 35 include
566 1762 109 34 group
698 1763 38 24 or
759 1752 141 35 blanket
923 1753 176 44 disability
1122 1754 182 35 insurance
1326 1765 38 24 or
1386 1765 109 34 group

406 1812 166 33 coverage
587 1802 163 44 provided
765 1803 45 43 by
825 1803 161 44 Hospital
1002 1803 68 35 and
1087 1803 155 35 Medical
1257 1804 138 35 Service
1410 1804 84 35 Cor-

406 1851 186 43 porations,
621 1858 224 37 government
873 1853 183 34 insurance
1084 1854 109 43 plans,
1222 1854 105 34 union
1355 1854 140 35 welfare

406 1901 109 43 plans,
542 1902 175 43 employer
743 1913 38 23 or
807 1902 178 44 employee
1011 1903 128 35 benefit
1165 1904 265 42 organizations,
1456 1915 39 24 or

406 1951 218 34 Workmen’s
638 1951 272 44 Compensation
924 1953 188 34 Insurance
1124 1964 38 23 or
1174 1953 151 35 no-fault
1337 1959 156 29 automo-

405 2000 69 34 bile
494 2011 166 33 coverage
680 2001 164 44 provided
864 2002 54 34 for
938 2013 38 23 or
997 2003 159 43 required
1177 2003 45 44 by
1242 2014 67 33 any
1329 2004 163 34 statute.”

371 2081 75 34 The
466 2082 80 43 only
566 2082 134 43 change
720 2082 91 35 from
832 2083 58 35 the
915 2084 86 34 1975
1023 2085 70 33 Act
1113 2095 69 24 was
1203 2085 59 34 the
1282 2085 154 34 addition
1457 2085 40 35 of

281 2131 247 42 “government
542 2132 182 34 insurance
737 2133 121 43 plans”
872 2133 35 34 in
920 2133 60 34 the
993 2134 56 34 list
1061 2133 40 35 of
1111 2134 225 44 prohibitions
1349 2134 144 35 covered

281 2180 45 44 by
336 2181 59 34 the
406 2185 139 31 statute.
558 2182 40 34 In
608 2181 202 42 Milldrum,
822 2194 51 22 we
884 2182 74 35 said
969 2183 59 34 the
1039 2183 261 35 “enumeration
1310 2184 40 34 of
1356 2184 136 35 various

281 2230 132 43 private
428 2230 182 35 insurance
625 2232 98 43 plans
739 2242 37 24 as
791 2232 226 43 constituting
1033 2233 110 34 ‘other
1157 2233 68 34 like
1240 2234 191 34 insurance’
1448 2234 45 43 by

280 2279 214 44 implication
513 2281 167 34 excluded
698 2281 91 35 from
807 2281 59 35 the
883 2282 210 44 prohibition
1111 2283 257 43 governmental
1386 2283 106 35 social

280 2340 179 33 programs
480 2330 84 35 such
585 2342 37 23 as
643 2331 115 35 Social
779 2331 160 44 Security
959 2332 179 35 benefits.”

370 2411 74 34 The
456 2411 79 35 trial
543 2412 137 43 judge’s
692 2412 263 44 interpretation
966 2413 40 34 of
1014 2414 60 34 the
1085 2419 139 36 statute,
1237 2414 34 34 in
1284 2415 87 42 light
1382 2414 39 35 of
1429 2425 63 24 our
