1639 2692
306 428 185 43 prejudice.
512 430 74 33 The
605 429 175 34 executrix
799 440 93 24 cross
912 429 140 44 appeals
1072 429 91 35 from
1182 430 76 34 that
1277 430 162 35 decision.
1460 431 58 33 No

306 478 101 43 proof
425 479 61 34 has
508 479 85 34 been
614 479 189 34 submitted
824 490 43 23 on
889 479 109 35 either
1018 479 100 35 issue.

307 288 42 33 98

397 556 65 33 We
480 556 74 34 first
571 555 157 35 consider
746 556 59 34 the
821 556 144 44 validity
983 556 38 35 of
1037 556 58 34 the
1113 562 98 29 trust.
1229 558 75 33 The
1322 557 196 44 paragraph

305 605 155 42 creating
481 605 58 34 the
560 611 88 29 trust
668 605 100 34 reads
789 616 37 24 as
847 606 142 34 follows:

519 681 152 44 Specific
686 683 152 41 Bequest
855 682 46 43 of
908 682 63 34 All
986 682 213 34 Household
1214 682 120 35 Goods
1350 682 72 35 and
1436 684 82 33 Per-

428 731 104 34 sonal
548 731 143 43 Effects.
713 731 13 34 I
747 731 172 44 bequeath
938 737 35 29 to
992 742 58 32 my
1069 736 67 30 two
1154 731 198 44 daughters,
1373 733 144 34 Martha

430 781 87 34 Deal
529 780 218 35 Huddleston
757 781 68 34 and
836 782 155 34 Melanie
1001 781 181 35 Elizabeth
1192 782 88 34 Deal
1290 783 135 43 Dwyer,
1435 792 38 24 or
1482 788 35 28 to

429 831 58 34 the
502 831 151 34 survivor
667 830 39 34 of
718 831 106 41 them,
840 842 37 24 as
892 837 146 29 trustees
1053 831 68 34 and
1136 832 34 34 in
1185 837 99 36 trust,
1299 832 54 34 for
1367 833 59 34 the
1440 843 77 23 uses

428 880 69 34 and
527 891 174 33 purposes,
731 881 82 33 with
843 881 59 34 the
930 881 176 43 authority
1135 881 68 34 and
1232 882 134 43 subject
1395 888 35 28 to
1459 882 58 34 the

429 930 281 43 responsibilities
734 930 69 34 and
826 930 114 34 duties
964 930 192 35 hereunder
1180 931 124 41 stated,
1330 932 45 33 all
1399 931 39 34 of
1458 932 60 33 the

429 979 189 34 household
633 978 182 42 furniture,
831 980 209 43 appliances,
1056 980 151 41 fixtures,
1223 981 210 43 equipment,
1449 980 67 35 and

429 1028 45 34 all
486 1028 161 43 bedding,
659 1028 119 41 linens,
791 1029 196 41 tableware,
999 1029 203 41 silverware,
1214 1030 113 41 china,
1339 1030 177 42 cut-glass,

427 1088 109 30 vases,
547 1078 69 34 and
626 1078 98 34 other
735 1078 137 35 articles
882 1079 39 34 of
928 1079 189 34 household
1128 1079 114 44 utility
1252 1090 38 24 or
1300 1080 216 40 adornment,

428 1127 69 34 and
526 1128 45 34 all
601 1128 151 43 wearing
781 1129 152 43 apparel,
964 1129 161 43 pictures,
1151 1129 141 44 jewelry
1321 1130 69 34 and
1419 1129 98 34 other

428 1178 157 43 personal
598 1177 131 41 effects,
741 1177 120 35 owned
873 1178 45 44 by
928 1190 57 23 me
995 1183 37 30 at
1043 1178 59 35 the
1112 1179 85 34 time
1207 1179 39 34 of
1254 1190 58 33 my
1323 1179 115 35 death.
1452 1179 65 44 My

428 1232 67 29 two
505 1227 199 44 daughters,
716 1238 38 24 as
765 1233 157 36 trustees,
934 1228 88 35 shall
1034 1228 42 34 be
1086 1228 116 35 vested
1213 1229 83 34 with
1307 1229 59 35 the
1376 1229 139 35 author-

428 1277 59 43 ity,
515 1277 68 34 and
609 1277 152 43 charged
788 1278 82 34 with
897 1279 59 34 the
982 1279 86 42 duty
1094 1278 68 34 and
1190 1279 263 43 responsibility,
1481 1284 35 29 to

427 1326 184 35 distribute
621 1338 58 32 my
690 1327 190 35 household
891 1328 106 42 goods
1008 1328 69 34 and
1088 1329 159 42 personal
1258 1329 120 34 effects
1390 1339 126 32 among

428 1387 57 32 my
502 1377 171 42 surviving
689 1377 155 34 children
862 1377 193 43 (including
1072 1389 58 31 my
1146 1383 67 29 two
1228 1378 199 43 daughters,
1444 1378 72 34 also

428 1425 175 44 including
620 1426 59 34 the
695 1426 90 34 heirs
801 1426 40 35 of
854 1427 59 34 the
929 1427 90 43 body
1035 1426 39 34 of
1087 1438 68 32 any
1171 1427 92 35 child
1279 1428 39 34 of
1332 1428 92 34 mine
1440 1428 76 34 who

427 1475 87 34 shall
528 1476 87 34 have
628 1475 229 44 predeceased
871 1476 71 43 me)
958 1477 34 34 in
1006 1476 84 35 such
1104 1487 144 24 manner
1262 1488 37 23 as
1312 1488 58 33 my
1383 1477 131 43 daugh-

427 1530 79 35 ters,
534 1525 34 34 in
595 1526 59 33 the
680 1526 151 34 exercise
857 1526 39 34 of
920 1526 89 34 their
1035 1536 76 24 own
1138 1526 76 34 best
1236 1527 184 43 judgment
1447 1527 68 34 and

426 1574 196 41 discretion,
637 1575 157 34 consider
809 1581 36 28 to
860 1576 43 33 be
917 1581 90 29 most
1022 1576 231 43 appropriate,
1269 1576 78 41 fair,
1359 1577 72 42 just
1447 1574 68 36 and

426 1624 185 43 equitable,
627 1624 125 43 having
766 1624 68 35 due
847 1625 124 43 regard
985 1625 54 34 for
1053 1635 67 33 any
1134 1626 225 34 memoranda
1373 1625 111 35 which
1500 1627 14 33 I

426 1684 80 33 may
532 1674 95 34 leave
651 1673 189 44 indicating
865 1685 58 33 my
947 1674 122 35 wishes
1094 1685 38 24 as
1157 1680 34 29 to
1216 1675 76 34 who
1316 1676 88 34 shall
1428 1675 87 35 have

426 1723 189 43 particular
641 1723 101 34 items
768 1723 38 35 of
830 1735 59 32 my
913 1724 191 35 household
1130 1724 106 43 goods
1262 1725 69 34 and
1357 1725 158 44 personal

426 1773 131 34 effects.

301 1849 75 34 The
392 1850 203 43 appellants,
613 1850 106 43 citing
736 1861 20 24 a
773 1851 147 34 number
935 1851 40 35 of
987 1862 96 24 cases
1101 1851 68 35 and
1185 1852 98 34 other
1298 1852 214 41 authorities,

302 1910 106 32 argue
420 1900 76 34 that
509 1900 59 35 the
579 1900 168 44 proposed
760 1906 88 29 trust
861 1901 27 34 is
901 1906 57 30 too
970 1901 178 35 indefinite
1159 1907 35 29 to
1206 1902 43 34 be
1261 1902 162 35 enforced
1435 1902 45 44 by
1492 1913 20 24 a

301 1955 98 29 court
410 1950 68 34 and
490 1950 147 35 involves
648 1961 44 23 an
703 1951 265 44 impermissible
978 1951 138 35 conflict
1126 1951 39 35 of
1172 1952 141 35 interest
1323 1953 34 34 in
1368 1953 76 34 that
1454 1952 60 35 the

301 2004 67 29 two
380 2000 116 34 sisters
510 2000 86 35 have
608 2000 153 35 asserted
774 2001 81 43 they
868 2001 87 34 have
967 2002 59 34 the
1038 2001 175 44 authority
1225 2007 35 29 to
1272 2002 182 35 distribute
1467 2002 45 34 all

300 2049 60 34 the
371 2055 162 38 property
545 2055 35 29 to
592 2050 204 34 themselves
809 2050 30 34 if
848 2051 82 43 they
941 2051 95 34 wish.
1050 2051 74 34 The
1136 2051 78 34 trial
1226 2057 98 29 court
1336 2051 176 35 sustained

300 2099 59 33 the
379 2099 127 34 sisters
528 2100 158 43 position.

486 2177 31 33 It
539 2176 28 34 is
590 2175 241 35 fundamental
855 2177 76 34 that
953 2177 99 34 when
1075 2176 184 35 discretion
1282 2178 27 34 is
1332 2177 180 35 conferred

300 2235 92 33 upon
403 2236 20 23 a
433 2230 130 30 trustee
572 2225 83 35 with
666 2231 133 38 respect
809 2231 35 29 to
854 2227 59 33 the
923 2226 151 35 exercise
1082 2226 40 34 of
1128 2237 21 24 a
1159 2237 123 33 power,
1294 2238 20 23 a
1323 2232 99 30 court
1432 2238 81 32 may

300 2279 57 29 act
369 2279 35 29 to
417 2280 140 38 prevent
570 2286 44 23 an
626 2275 108 34 abuse
746 2275 39 34 of
794 2276 76 34 that
882 2276 195 34 discretion.
1091 2276 241 35 Restatement
1343 2277 40 34 of
1391 2277 121 34 Trusts

300 2323 56 41 2d,
410 2325 63 33 187
489 2324 137 43 (1959).
642 2325 65 33 We
720 2324 87 35 have
819 2325 96 34 often
929 2325 203 44 recognized
1145 2326 59 34 the
1216 2326 176 44 authority
1404 2325 40 35 of
1453 2326 59 34 the

299 2373 172 44 chancery
483 2379 98 29 court
592 2379 36 29 to
640 2374 174 43 supervise
825 2385 20 24 a
857 2375 158 34 trustees
1028 2374 158 35 conduct.
1199 2377 116 33 Bieatt
1326 2387 30 23 v.
1368 2374 142 42 Echols,

304 2424 59 33 181
385 2424 85 33 Ark.
491 2425 78 39 235,
590 2424 41 34 35
651 2423 143 35 S.W.2d
813 2425 64 34 431
901 2424 137 43 (1930),
1057 2424 106 44 citing
1182 2425 122 34 earlier
1321 2436 106 24 cases.
1447 2426 66 33 We
