1657 2694
298 408 186 38 attorneys,
497 402 59 35 the
567 401 208 45 complexity
786 401 39 35 of
833 402 59 34 the
904 402 135 34 lawsuit
1050 401 69 35 and
1130 401 60 35 the
1200 402 123 34 results
1335 400 173 35 obtained.

297 453 96 43 They
420 453 82 34 both
527 452 103 35 noted
655 452 77 35 that
756 452 59 35 the
839 451 122 44 hourly
986 457 75 29 rate
1085 450 148 36 claimed
1259 451 44 44 by
1327 451 59 35 the
1411 451 100 35 MPF

298 508 175 39 attorneys
494 514 69 23 was
584 503 187 43 extremely
792 502 74 35 low.

297 263 69 32 442

388 590 75 33 The
483 588 196 35 chancellor
700 588 108 35 found
829 588 76 34 that
926 588 59 33 the
1006 588 103 34 hours
1130 592 99 39 spent
1250 588 69 34 and
1339 588 59 34 the
1419 593 90 28 rates

298 639 151 42 charged
460 638 44 43 by
514 638 59 34 the
583 643 175 38 attorneys
768 648 88 23 were
866 638 202 34 reasonable
1078 637 62 34 but
1150 637 76 34 that
1236 637 59 35 the
1304 648 108 33 upper
1422 637 88 34 limit

299 688 39 34 of
345 698 160 33 recovery
515 687 38 34 of
561 687 71 34 fees
643 687 113 35 would
766 687 43 34 be
818 687 59 34 the
887 686 85 35 total
984 687 201 34 “economic
1194 686 149 35 benefit”
1355 692 35 29 to
1401 687 108 34 MPF.

300 738 55 33 He
366 736 107 36 found
486 737 76 34 that
573 742 144 29 amount
729 742 35 29 to
775 737 42 34 be
828 737 173 40 $166,148
1014 736 69 35 and
1095 735 161 36 awarded
1268 737 75 34 that
1355 741 154 35 amount,

298 787 82 34 with
403 787 151 40 interest,
577 797 37 23 as
636 787 185 43 attorneys’
844 786 82 34 fees.
948 786 92 34 That
1061 786 109 43 figure
1190 796 70 23 was
1281 785 163 35 obtained
1466 785 44 43 by

299 836 215 43 subtracting
541 836 59 34 the
627 836 122 34 Lanes’
778 836 174 40 $233,852
978 836 201 42 contingent
1205 835 104 34 claim
1336 835 90 34 from
1452 835 59 34 the

300 886 174 41 $400,000
493 886 78 34 lien.
592 886 30 34 It
641 885 27 34 is
688 885 90 35 from
796 885 67 35 this
882 884 131 44 finding
1032 885 76 35 that
1127 885 83 34 both
1229 885 128 43 parties
1376 884 133 44 appeal.

389 972 75 34 The
477 971 158 44 question
648 971 109 35 below
769 982 70 24 was
852 971 93 34 what
958 971 113 35 would
1085 971 43 34 be
1141 982 20 23 a
1175 971 203 34 reasonable
1390 970 55 35 fee
1458 970 53 34 for

300 1022 59 33 the
380 1022 100 34 MPF
500 1026 186 38 attorneys,
710 1021 61 35 but
792 1021 59 34 the
872 1021 80 43 only
972 1021 72 34 real
1065 1021 92 34 issue
1177 1020 183 44 presented
1382 1020 81 34 here
1484 1020 27 34 is

299 1071 153 35 whether
465 1071 59 35 the
535 1071 196 34 chancellor
744 1082 69 23 was
825 1075 133 30 correct
971 1070 34 35 in
1019 1071 52 34 his
1083 1070 268 35 determination
1364 1070 76 34 that
1452 1070 59 34 the

299 1121 55 34 fee
366 1121 123 35 should
502 1121 43 34 be
557 1120 133 35 limited
703 1126 35 29 to
752 1121 184 40 $166,148,
949 1120 112 35 which
1074 1120 44 35 he
1130 1119 108 35 found
1251 1124 35 31 to
1299 1121 43 33 be
1354 1120 59 34 the
1425 1119 85 35 total

299 1172 178 34 economic
493 1171 127 34 benefit
636 1176 35 29 to
688 1171 108 34 MPF.
815 1171 65 33 We
895 1169 72 35 find
983 1171 76 34 that
1075 1170 60 35 the
1150 1170 196 34 chancellor
1362 1169 98 35 erred
1477 1169 34 34 in

300 1220 140 44 holding
460 1221 77 34 that
557 1221 59 34 the
636 1220 55 35 fee
711 1221 27 34 is
759 1220 133 35 limited
912 1225 35 29 to
968 1221 185 40 $166,148.

529 1306 75 34 The
617 1306 188 34 American
819 1305 74 34 rule
906 1304 69 35 and
988 1305 60 34 the
1061 1305 74 34 rule
1148 1305 165 34 observed
1327 1305 35 34 in
1375 1305 136 34 Arkan­

299 1366 55 23 sas
367 1366 59 23 are
437 1355 77 34 that
526 1360 158 37 attorney
696 1355 71 34 fees
780 1365 59 24 are
850 1359 60 29 not
922 1354 208 43 chargeable
1141 1365 37 23 as
1191 1359 90 30 costs
1293 1355 34 33 in
1339 1354 171 43 litigation

299 1404 114 35 unless
430 1404 209 44 specifically
655 1403 185 44 permitted
857 1403 45 44 by
918 1408 140 30 statute.
1077 1404 80 42 City
1172 1402 46 44 of
1226 1404 75 34 Hot
1316 1404 149 43 Springs
1478 1414 31 23 v.

302 1455 190 40 Creviston,
513 1454 65 34 288
599 1453 85 35 Ark.
704 1454 79 41 286,
802 1454 67 34 705
889 1453 143 35 S.W.2d
1051 1454 67 34 415
1140 1451 138 45 (1986);
1301 1455 162 32 Trustees
1479 1464 31 23 v.

301 1504 218 44 Greenough,
536 1504 62 34 105
612 1503 83 35 U.S.
710 1505 65 33 527
790 1502 137 44 (1882).
940 1504 58 34 An
1009 1503 179 44 exception
1200 1502 62 35 has
1274 1503 87 35 been
1372 1502 139 35 created

300 1559 35 29 to
345 1553 77 35 that
432 1554 74 34 rule
515 1554 114 34 where
639 1564 20 23 a
669 1553 154 44 plaintiff
830 1553 62 35 has
902 1553 140 35 created
1052 1564 38 24 or
1100 1553 210 43 augmented
1321 1564 20 24 a
1351 1563 160 24 common

300 1603 86 35 fund
399 1615 38 23 or
450 1604 113 34 where
575 1608 108 30 assets
697 1604 86 35 have
796 1604 86 34 been
896 1603 162 44 salvaged
1071 1603 53 35 for
1137 1603 59 34 the
1208 1603 128 35 benefit
1348 1603 39 34 of
1396 1603 115 34 others

299 1665 38 23 as
353 1654 75 34 well
444 1665 38 23 as
497 1653 149 35 himself.
662 1653 132 35 Powell
807 1665 30 23 v.
853 1654 132 42 Henry,
1002 1654 66 34 267
1085 1653 85 34 Ark.
1188 1653 79 40 484,
1286 1654 67 34 592
1368 1652 142 35 S.W.2d

304 1704 63 33 107
387 1703 138 43 (1980);
546 1705 162 33 Trustees
723 1714 30 24 v.
772 1702 216 44 Greenough,
1006 1714 120 33 supra.
1143 1703 106 40 Note,
1270 1702 72 35 The
1359 1702 153 35 Counsel

299 1755 67 32 Fee
379 1756 34 32 in
424 1752 268 35 Stockholder’s
703 1755 198 32 Derivative
911 1753 112 40 Suits,
1038 1753 43 34 39
1094 1752 186 35 Columbia
1293 1753 39 33 L.
1345 1753 84 33 Rev.
1443 1752 68 34 784

302 1802 137 43 (1939).
455 1803 39 34 In
508 1802 84 35 such
606 1813 20 24 a
641 1802 175 41 situation,
831 1807 35 29 to
880 1802 99 34 allow
993 1802 60 35 the
1066 1802 115 35 others
1194 1806 36 30 to
1243 1802 119 34 obtain
1376 1801 59 35 the
1448 1801 63 35 full

300 1852 127 35 benefit
439 1852 91 35 from
542 1852 59 34 the
613 1852 179 43 plaintiffs
805 1852 118 34 efforts
936 1852 145 34 without
1092 1851 175 44 requiring
1279 1851 232 35 contribution

300 1913 38 23 or
348 1902 166 43 charging
524 1902 59 34 the
592 1912 161 24 common
763 1901 86 35 fund
860 1901 53 35 for
924 1906 158 39 attorney
1092 1901 71 35 fees
1174 1901 113 35 would
1296 1902 44 34 be
1349 1906 36 30 to
1395 1901 116 35 enrich

299 1952 59 34 the
373 1952 115 34 others
504 1951 154 43 unjustly
674 1957 36 29 at
726 1952 59 34 the
800 1962 147 33 expense
962 1951 39 35 of
1014 1951 59 35 the
1088 1951 161 44 plaintiff.
1266 1950 245 36 Fleischmann

299 2001 185 44 Distilling
493 2002 101 42 Corp.
605 2012 31 23 v.
647 2002 119 34 Maier
774 2003 160 41 Brewing
942 2001 73 41 Co.,
1028 2002 66 33 386
1105 2000 83 35 U.S.
1200 2001 69 33 714
1280 2000 137 43 (1966).
1428 2000 83 34 This

300 2051 179 43 exception
498 2051 28 33 is
544 2051 197 43 commonly
760 2050 137 44 applied
916 2050 35 34 in
970 2050 222 35 shareholder
1210 2049 187 36 derivative
1414 2050 95 34 suits.

300 2099 104 36 Mills
413 2112 31 23 v.
456 2100 152 35 Electric
617 2101 190 34 Auto-Lite
819 2101 73 40 Co.,
906 2100 66 34 396
984 2100 84 35 U.S.
1082 2101 66 33 375
1163 2099 348 44 (1970);Silberman

299 2161 31 23 v.
346 2150 120 44 Bogle,
484 2151 66 33 683
569 2149 85 35 F.2d
671 2151 45 34 62
734 2150 90 43 (3rd.
843 2149 71 35 Cir.
936 2149 116 44 1982).
1070 2149 122 35 Under
1207 2149 60 34 the
1283 2149 228 35 “substantial

300 2200 150 34 benefit”
464 2200 85 40 rule,
564 2199 112 35 which
689 2200 29 34 is
732 2211 20 23 a
765 2199 170 35 variation
949 2200 39 34 of
999 2200 59 34 the
1071 2210 161 24 common
1246 2199 86 35 fund
1346 2199 164 41 doctrine,

299 2249 59 34 the
377 2249 188 35 successful
585 2249 154 44 plaintiff
756 2249 33 35 in
809 2260 20 24 a
848 2249 188 35 derivative
1054 2249 116 35 action
1189 2260 81 32 may
1289 2249 43 35 be
1350 2248 160 35 awarded

300 2300 186 43 attorneys’
497 2299 72 34 fees
580 2299 136 43 against
726 2299 59 34 the
795 2299 218 43 corporation
1023 2299 30 34 if
1060 2299 59 34 the
1128 2299 219 43 corporation
1357 2297 154 36 received

300 2348 230 35 “substantial
542 2348 167 35 benefits”
722 2349 91 34 from
824 2348 59 35 the
894 2348 172 43 litigation
1078 2359 84 24 even
1173 2348 114 35 where
1297 2348 60 34 the
1367 2348 144 34 benefits

300 2409 89 23 were
406 2404 60 29 not
483 2398 187 44 pecuniary
687 2398 69 35 and
773 2409 44 23 no
835 2397 86 35 fund
938 2409 70 24 was
1025 2397 150 35 created.
1193 2397 162 35 Fletcher
1369 2409 31 23 v.
1417 2399 42 32 A.
1477 2398 32 33 J.
