1648 2688
312 398 189 43 legislative
518 398 142 40 branch,
679 398 61 34 but
758 398 45 43 by
820 398 59 34 the
892 397 145 43 judicial
1055 397 141 35 branch.
1216 398 14 33 I
1248 397 130 35 submit
1395 408 51 23 we
1463 408 59 23 are

312 447 224 43 substituting
551 458 63 24 our
626 447 184 43 judgment
825 447 53 35 for
894 447 117 41 theirs,
1028 447 111 35 which
1155 458 51 23 we
1222 447 86 34 have
1323 447 198 43 repeatedly

312 497 74 34 said
407 497 27 34 is
454 497 172 34 off-limits
646 496 54 35 for
720 497 59 34 the
794 496 144 43 judicial
960 497 141 35 branch.

313 259 66 33 298

403 570 65 42 My
485 570 101 34 views
605 580 43 23 on
667 570 59 34 the
744 569 145 35 election
908 569 90 35 issue
1016 580 60 24 are
1093 569 113 36 stated
1225 569 34 35 in
1278 580 20 23 a
1317 569 204 43 concurring

311 619 138 44 opinion
470 619 34 34 in
524 621 75 32 Hot
617 619 149 44 Springs
784 630 30 23 v.
838 619 191 40 Creviston,
1050 619 73 36 also
1142 618 144 35 decided
1307 618 114 44 today.

405 800 250 35 PETERSON
677 800 304 41 INDUSTRIES,
1003 800 97 35 INC.
1122 811 27 24 v.
1173 800 154 35 Barbara
1349 800 77 43 Kay

813 850 205 35 FARMER

311 924 129 34 85-246

1247 925 66 33 705
1335 923 143 35 S.W.2d
1499 925 18 34 8

637 997 170 44 Supreme
827 998 110 34 Court
957 997 39 35 of
1013 998 178 34 Arkansas

585 1047 151 43 Opinion
757 1047 171 35 delivered
950 1047 126 34 March
1098 1049 31 39 3,
1155 1048 87 33 1986

589 1093 193 39 [Rehearing
800 1093 112 33 denied
930 1093 91 40 April
1044 1094 47 36 14,
1114 1093 124 39 1986.*]

397 1743 126 34 Ernest
540 1742 38 34 G.
597 1744 191 39 Lawrence,
805 1742 55 44 by:
877 1742 124 35 Blaine
1015 1744 42 33 A.
1075 1742 167 41 Jackson,
1259 1742 54 35 for
1328 1743 186 44 appellant.

397 1816 113 41 Boyce
529 1816 42 33 R.
592 1816 119 40 Davis,
732 1814 53 35 for
805 1815 165 44 appellee.

397 1888 179 33 Darrell
587 1889 196 39 Hickman,
796 1888 141 34 Justice.

949 1888 83 34 This
1043 1889 124 43 appeal
1178 1889 78 34 asks
1267 1900 40 25 us
1318 1894 35 29 to
1363 1889 151 34 reaffirm

305 1947 62 23 our
383 1937 74 34 rule
472 1936 76 35 that
563 1937 98 34 when
678 1948 20 23 a
713 1942 157 32 contract
885 1937 39 35 of
937 1938 233 44 employment
1186 1938 81 36 does
1283 1943 59 30 not
1357 1938 83 35 bind
1455 1939 60 35 the

305 1986 178 43 employee
505 1991 36 29 to
564 1997 95 23 serve
682 1986 53 34 for
758 1997 20 24 a
803 1987 161 43 specified
988 1987 95 41 time,
1107 1987 59 35 the
1189 1992 155 30 contract
1367 1999 81 32 may
1471 1988 44 34 be

305 2034 207 35 terminated
535 2040 36 29 at
593 2035 68 36 will
684 2035 45 44 by
751 2036 109 34 either
883 2041 111 39 party.
1017 2036 68 35 See
1108 2036 161 35 Gaulden
1290 2048 30 23 v.
1343 2038 171 34 Emerson

304 2084 152 36 Electric
466 2086 73 40 Co.,
550 2086 68 33 284
626 2085 85 35 Ark.
726 2085 361 41 149, 680 S.W.2d 92
1098 2086 137 43 (1984).
1246 2087 65 34 We
1319 2097 60 24 are
1387 2087 127 35 unable

305 2139 35 30 to
351 2135 103 34 reach
466 2135 59 34 the
536 2135 118 35 merits
665 2135 39 35 of
712 2135 59 36 the
782 2136 124 44 appeal
918 2136 148 35 because
1077 2136 59 35 the
1147 2136 175 45 appellant
1333 2136 62 36 has
1407 2136 106 36 failed

304 2189 36 30 to
352 2184 154 35 abstract
518 2185 45 34 all
576 2185 172 44 pertinent
760 2191 94 38 parts
866 2185 40 36 of
915 2186 59 35 the
986 2186 131 41 record;
1130 2186 183 42 therefore,
1326 2198 51 23 we
1389 2187 123 35 affirm.

304 2234 84 35 Ark.
411 2235 42 34 R.
474 2235 84 43 Sup.
580 2235 56 35 Ct.
658 2235 90 35 Rule
768 2236 20 34 9
811 2235 67 43 (d).

370 2399 13 15 *
401 2400 91 30 Purtle,
507 2401 31 29 J.,
554 2404 43 22 not
611 2401 185 32 participating.
