1661 2688
308 262 67 34 436

399 401 162 35 George
589 402 99 33 Rose
717 400 131 40 Smith,
877 400 140 34 Justice.

1046 399 75 34 The
1148 399 187 44 appellant,
1364 400 157 33 Herman

311 449 163 43 Holland,
491 450 68 34 and
576 450 52 33 his
644 448 258 41 co-defendant,
920 449 89 34 John
1027 450 123 38 Zones,
1167 459 90 23 were
1272 448 151 43 charged
1439 447 82 35 with

308 499 128 44 capital
446 499 150 40 murder,
607 498 223 44 kidnapping,
840 497 68 35 and
918 497 210 44 aggravated
1138 498 156 43 robbery.
1305 498 49 33 At
1362 502 158 39 separate

308 549 97 35 trials
417 548 85 35 each
514 559 70 24 was
596 547 108 36 found
716 548 110 43 guilty
836 547 40 35 of
884 547 46 35 all
942 548 97 34 three
1050 547 148 35 offenses
1210 546 68 35 and
1290 546 184 35 sentenced
1485 551 35 29 to

310 599 59 37 life
393 598 262 45 imprisonment
678 597 144 36 without
846 597 117 45 parole
986 608 92 34 upon
1102 597 59 35 the
1183 597 128 43 charge
1334 596 39 35 of
1392 596 128 45 capital

310 649 150 41 murder,
471 649 83 35 with
564 648 112 35 which
688 648 58 35 the
756 648 79 35 trial
846 653 99 30 court
955 647 141 44 merged
1107 647 59 36 the
1176 648 98 34 other
1284 652 68 30 two
1362 647 158 35 offenses.

310 700 64 34 We
386 699 70 35 find
470 709 43 24 no
526 699 101 35 merit
638 699 34 34 in
686 698 184 39 Holland’s,
880 703 200 38 arguments
1093 697 53 35 for
1158 709 21 23 a
1191 709 74 23 new
1277 697 90 41 trial,
1380 708 61 24 nor
1453 708 68 32 any

309 749 203 44 prejudicial
530 760 94 24 error
642 749 34 34 in
695 748 59 36 the
772 749 97 36 other
888 748 112 44 points
1018 748 170 34 disclosed
1206 748 45 43 by
1269 747 59 35 the
1345 747 120 35 record
1483 758 38 24 as

309 798 209 36 abstracted.

399 884 104 35 After
516 885 113 35 Zones
642 883 70 36 had
725 885 87 35 been
825 883 178 36 convicted
1017 884 43 34 he
1072 883 149 35 testified
1234 894 38 24 as
1285 894 20 23 a
1318 883 137 35 witness
1469 882 53 35 for

309 935 59 34 the
380 934 100 35 State
492 940 36 29 at
542 933 181 37 Holland’s
736 934 90 37 trial.
839 933 75 35 The
926 933 96 35 basic
1034 933 89 35 facts
1135 944 90 24 were
1238 932 104 36 much
1355 933 59 35 the
1425 943 96 25 same

309 995 38 24 as
363 984 81 44 they
461 984 69 35 had
547 984 86 35 been
649 983 187 45 developed
852 988 37 30 at
905 984 142 34 Zones’s
1063 983 90 35 trial.
1171 984 67 34 See
1253 994 63 23 our
1332 983 138 43 opinion
1486 982 35 34 in

310 1036 116 33 Zones
447 1045 30 23 v.
501 1035 113 39 State,
638 1034 67 34 287
729 1034 85 34 Ark.
838 1034 80 39 483,
942 1035 69 32 702
1034 1033 143 34 S.W.2d
1204 1035 13 32 1
1246 1031 138 44 (1985).
1410 1033 111 34 Zones

310 1083 148 35 testified
474 1083 77 36 that
566 1083 43 34 he
624 1082 69 35 and
710 1082 152 36 Holland
878 1082 68 34 had
962 1087 100 39 spent
1077 1082 59 34 the
1151 1082 143 42 evening
1310 1081 160 43 drinking
1486 1086 36 30 at

309 1132 79 34 bars
411 1132 82 33 with
516 1132 59 34 the
596 1131 129 40 victim,
749 1133 116 33 James
889 1131 171 35 Mitchell.
1084 1131 75 34 The
1180 1131 98 34 three
1299 1141 80 24 men
1402 1130 63 35 left
1486 1130 35 34 in

310 1181 190 35 Mitchell’s
520 1192 60 23 car
600 1185 36 30 at
656 1180 107 35 about
783 1181 80 34 4:00
884 1191 80 24 a.m.
986 1179 197 44 According
1203 1185 36 29 to
1260 1181 124 40 Zones,
1405 1180 27 34 it
1451 1190 70 24 was

311 1230 152 35 Holland
477 1231 77 34 who
567 1229 146 36 stabbed
727 1230 59 35 the
798 1229 119 36 victim
931 1230 68 35 and
1014 1234 62 40 put
1089 1229 73 35 him
1175 1230 35 34 in
1224 1229 59 35 the
1296 1230 105 34 trunk
1413 1229 40 34 of
1463 1229 59 35 the

309 1291 70 24 car.
405 1280 97 44 They
527 1280 103 35 drove
655 1284 60 31 out
741 1280 58 36 the
825 1280 177 43 Memphis
1028 1279 160 45 highway
1214 1279 68 35 and
1307 1279 145 45 stopped
1477 1278 45 45 by

311 1330 170 36 Faulkner
502 1331 105 40 Lake,
627 1330 112 35 which
759 1330 27 35 is
805 1340 155 34 swampy
978 1329 69 36 and
1066 1329 152 35 shallow.
1240 1330 113 34 Zones
1373 1328 148 36 testified

309 1381 77 36 that
399 1380 152 35 Holland
564 1380 118 35 struck
693 1380 60 34 the
763 1380 119 34 victim
894 1380 99 34 twice
1005 1390 44 24 on
1062 1380 59 33 the
1133 1379 89 35 head
1235 1379 82 34 with
1330 1390 21 23 a
1363 1380 65 34 tire
1439 1379 81 40 tool,

309 1429 153 44 dragged
476 1429 73 36 him
563 1430 90 34 from
666 1429 59 35 the
738 1441 70 29 car,
822 1429 69 35 and
904 1428 160 45 disposed
1077 1428 40 35 of
1128 1429 59 35 the
1199 1429 91 43 body
1304 1428 45 44 by
1362 1429 119 43 taking
1495 1428 26 35 it

309 1484 61 30 out
386 1479 72 34 into
474 1479 59 35 the
549 1480 88 40 lake,
654 1479 114 35 where
784 1479 43 35 he
843 1478 174 36 anchored
1033 1478 60 35 the
1108 1478 92 44 body
1215 1478 109 35 under
1341 1478 59 35 the
1415 1483 107 30 water

310 1529 81 35 with
409 1529 82 43 logs.
511 1529 74 35 The
600 1534 81 29 next
698 1529 169 43 morning,
885 1528 186 44 according
1088 1533 36 30 to
1140 1529 124 40 Zones,
1283 1528 59 35 the
1358 1534 67 29 two
1441 1539 79 24 men

309 1580 74 35 first
392 1578 88 36 tried
491 1584 36 30 to
536 1584 58 39 get
604 1590 20 24 a
634 1589 136 25 woman
780 1584 36 29 to
825 1578 137 44 dispose
971 1578 39 35 of
1017 1578 60 35 the
1086 1589 59 24 car
1155 1578 53 35 for
1218 1578 96 35 them
1324 1578 68 35 and
1402 1578 119 44 finally

309 1628 133 36 burned
463 1629 25 34 it
509 1640 83 23 near
611 1629 60 34 the
690 1629 95 34 Arch
805 1629 116 33 Street
941 1629 93 34 Pike.

499 1715 75 34 The
601 1713 140 36 murder
769 1725 70 23 was
867 1713 204 35 committed
1100 1724 44 23 on
1173 1713 79 44 July
1281 1714 19 33 9
1329 1723 38 24 or
1399 1714 51 34 10.
1482 1713 39 36 In

309 1763 215 44 September,
536 1764 90 34 after
638 1764 112 34 Zones
761 1763 69 35 had
843 1763 86 34 been
940 1762 165 42 arrested,
1117 1763 43 35 he
1171 1762 137 35 showed
1318 1762 59 35 the
1387 1763 133 34 officers

309 1813 114 35 where
437 1813 59 34 the
511 1813 91 43 body
617 1812 68 35 had
701 1812 87 35 been
803 1812 218 44 submerged.
1038 1813 34 34 A
1087 1812 134 44 picture
1234 1812 40 34 of
1285 1812 59 34 the
1359 1812 160 40 remains,

305 1862 73 43 just
398 1861 109 35 under
526 1862 59 35 the
604 1861 148 42 surface,
772 1873 70 23 was
862 1861 205 35 introduced
1086 1866 37 30 at
1142 1862 59 34 the
1221 1862 112 34 Zones
1352 1862 80 34 trial
1452 1861 69 35 and

310 1912 102 43 again
424 1916 35 30 at
469 1911 68 36 this
548 1923 74 23 one.
634 1912 66 34 We
709 1911 87 36 have
806 1911 183 35 examined
999 1911 60 36 the
1069 1911 133 44 picture
1212 1910 68 36 and
1290 1910 44 35 do
1344 1916 60 30 not
1413 1910 71 35 find
1495 1911 26 34 it

309 1973 37 23 so
355 1961 166 35 offensive
530 1973 37 23 as
579 1967 34 29 to
624 1961 42 35 be
676 1961 247 35 inadmissible.
935 1962 77 34 Nor
1021 1972 69 23 was
1101 1972 20 23 a
1131 1962 134 42 picture
1274 1960 40 35 of
1320 1960 58 35 the
1388 1960 132 36 burned

309 2022 59 24 car
388 2011 134 43 subject
542 2017 35 29 to
597 2011 182 43 objection.

498 2097 75 34 The
588 2096 186 44 testimony
788 2096 40 35 of
841 2097 125 40 Zones,
982 2107 21 24 a
1018 2095 181 36 confessed
1215 2096 220 43 accomplice,
1451 2106 70 23 was

309 2146 207 43 sufficiently
530 2146 254 35 corroborated.
801 2146 107 35 Carla
925 2146 120 41 Bettis,
1061 2146 77 34 who
1153 2146 69 35 had
1237 2146 87 34 been
1340 2145 180 35 Holland’s

308 2196 64 44 girl
383 2195 113 37 friend
506 2196 69 36 and
585 2196 45 44 by
640 2196 114 35 whom
764 2196 43 35 he
817 2195 69 36 had
897 2196 69 35 had
977 2207 20 24 a
1007 2195 104 41 child,
1122 2195 149 36 testified
1281 2195 77 35 that
1368 2194 152 36 Holland

309 2246 69 36 had
389 2246 72 35 told
473 2246 61 35 her
545 2246 77 35 that
633 2246 44 35 he
688 2246 69 35 and
768 2257 20 24 a
800 2257 82 24 man
894 2246 127 35 named
1033 2245 90 36 John
1134 2245 70 36 had
1215 2244 123 46 picked
1349 2256 46 34 up
1407 2257 20 23 a
1438 2256 82 24 man

309 2302 36 29 at
356 2307 20 24 a
387 2296 73 41 bar,
472 2296 77 35 that
559 2297 81 43 they
651 2296 69 35 had
731 2296 121 36 ridden
863 2296 133 35 around
1007 2296 160 43 drinking
1178 2296 82 34 with
1271 2296 83 40 him,
1366 2295 68 35 and
1444 2295 77 35 that

310 2346 153 35 Holland
479 2346 146 35 stabbed
641 2346 60 35 the
716 2357 92 24 man.
826 2346 198 43 According
1040 2351 35 29 to
1092 2345 71 42 her,
1181 2345 153 35 Holland
1350 2345 74 35 said
1440 2345 81 43 they

308 2396 82 35 took
402 2396 59 34 the
474 2407 81 24 man
568 2401 36 29 to
617 2407 20 24 a
651 2406 154 34 swampy
816 2400 79 39 part
908 2396 40 34 of
956 2396 60 34 the
1028 2396 99 40 river,
1141 2396 113 34 where
1267 2395 90 34 John
1370 2395 80 35 beat
1463 2395 58 34 the
