1656 2693
1256 261 67 34 417

239 402 75 34 The
323 402 89 35 issue
420 401 40 36 of
466 413 20 24 a
495 407 134 38 pretext
638 407 110 30 arrest
756 402 82 44 only
847 404 111 32 arises
966 402 99 35 when
1074 402 59 35 the
1141 402 183 35 surround-

240 452 59 43 ing
307 452 269 35 circumstances
585 452 93 34 show
687 452 78 35 that
773 452 60 35 the
841 457 110 30 arrest
959 452 29 34 is
996 452 80 44 only
1086 463 20 24 a
1115 453 100 34 sham
1223 451 103 44 being

241 502 84 34 used
343 513 36 23 as
397 513 44 23 an
459 512 124 24 excuse
600 501 54 35 for
671 502 140 44 making
829 512 20 24 a
866 502 121 34 search
1005 502 54 34 for
1076 502 161 35 evidence
1253 501 39 35 of
1306 512 20 24 a

241 551 161 35 different
418 551 68 35 and
503 562 95 23 more
613 552 130 34 serious
759 551 131 35 offense
906 551 53 35 for
975 552 112 34 which
1103 562 44 24 no
1163 551 164 45 probable

241 611 105 24 cause
360 606 35 29 to
410 605 109 31 arrest
535 600 114 35 exists.
668 601 113 42 (Cites
796 599 174 45 omitted).
988 602 104 40 Here,
1108 601 59 35 the
1181 601 144 35 circum-

241 655 135 29 stances
391 651 93 34 show
499 650 76 34 that
590 650 59 35 the
663 651 110 43 police
787 650 68 35 had
870 661 80 24 seen
964 650 190 36 defendant
1168 650 159 44 drinking

242 700 168 34 alcoholic
418 700 185 43 beverages
613 700 69 34 and
691 700 103 35 made
803 711 20 24 a
831 700 92 34 valid
933 706 110 29 arrest
1051 711 44 24 on
1105 700 76 36 that
1189 700 137 43 charge.

241 750 75 34 The
325 749 72 35 fact
406 750 76 35 that
492 749 190 36 defendant
691 761 69 24 was
770 750 73 35 also
852 760 20 24 a
882 755 137 39 suspect
1029 750 35 35 in
1072 750 60 35 the
1141 759 82 35 rape
1231 760 96 25 cases

242 799 82 35 does
344 805 60 29 not
423 799 103 36 make
545 799 78 35 that
642 805 110 29 arrest
771 800 183 44 improper.
977 799 82 45 (My
1079 799 202 45 emphasis).

211 878 113 34 When
335 888 51 24 we
397 877 189 36 remanded
598 878 68 34 this
677 888 80 25 case
768 883 36 30 to
814 878 59 35 the
884 877 79 35 trial
975 884 99 29 court
1085 878 90 35 after
1186 878 59 35 the
1256 878 73 35 first

118 928 125 43 appeal
256 939 51 23 we
319 928 104 34 asked
436 928 26 34 it
474 932 36 30 to
522 928 103 34 make
637 927 148 45 findings
796 927 40 36 of
845 927 72 36 fact
928 938 45 24 on
985 927 153 36 whether
1150 929 59 34 the
1220 933 109 30 arrest

119 976 54 36 for
192 977 117 44 public
328 977 223 35 intoxication
570 988 71 24 was
659 988 133 34 proper.
812 977 74 36 The
904 978 80 34 trial
1002 983 99 30 court
1119 978 59 35 did
1197 978 76 34 that
1291 989 38 24 as

119 1027 191 35 instructed
321 1027 67 35 and
399 1028 93 34 since
502 1027 97 35 there
610 1027 27 35 is
648 1027 205 36 substantial
864 1027 162 36 evidence
1035 1033 36 30 to
1081 1033 142 40 support
1232 1027 98 36 those

119 1076 149 45 findings
283 1078 14 34 I
310 1078 113 34 would
435 1082 60 31 not
508 1088 143 24 reverse.
667 1078 14 34 I
694 1078 45 35 do
752 1084 58 29 not
822 1083 140 39 suggest
974 1078 46 44 by
1032 1078 68 35 this
1113 1078 129 36 dissent
1254 1078 76 35 that

119 1127 69 36 this
201 1138 80 24 case
293 1139 70 23 was
376 1127 150 36 handled
539 1128 159 44 properly
711 1134 36 29 at
760 1129 59 34 the
830 1133 124 30 outset.
969 1128 106 43 Quite
1087 1129 60 34 the
1159 1133 170 39 contrary.

120 1177 75 35 The
219 1177 80 43 long
323 1177 100 44 delay
448 1178 34 34 in
506 1177 160 44 bringing
691 1177 216 36 Richardson
932 1177 119 36 before
1074 1179 59 34 the
1156 1183 98 30 court
1278 1176 53 36 for

121 1227 237 42 arraignment
371 1227 68 35 and
453 1228 59 34 the
524 1227 164 35 violation
702 1227 39 35 of
751 1227 191 35 A.R.Cr.P.
957 1228 55 34 2.3
1028 1239 59 23 are
1099 1228 93 35 clear
1205 1227 125 35 infrac-

121 1276 90 35 tions
221 1276 39 35 of
266 1277 59 34 the
334 1277 89 34 rules
434 1277 34 34 in
478 1277 159 34 criminal
646 1288 108 30 cases,
764 1278 62 34 but
835 1288 50 23 we
895 1277 87 35 have
991 1283 59 29 not
1060 1277 79 35 held
1149 1278 76 34 that
1234 1277 98 35 those

120 1326 182 34 violations
314 1327 164 34 mandate
489 1326 173 35 dismissal
674 1326 40 35 of
722 1327 158 35 criminal
891 1327 156 43 charges.
1061 1327 35 34 If
1104 1338 51 24 we
1166 1327 118 35 intend
1295 1332 36 30 to

121 1375 107 44 adopt
248 1376 77 34 that
345 1387 37 23 as
402 1376 59 35 the
481 1376 76 41 law,
579 1387 51 23 we
649 1376 123 35 should
793 1387 60 33 say
873 1386 37 24 so
931 1376 69 35 and
1020 1377 44 34 be
1083 1374 89 38 done
1191 1376 82 35 with
1293 1377 37 34 it.

214 1453 198 41 Hickman,
432 1453 43 41 J.,
492 1453 91 43 joins
603 1453 68 35 this
692 1453 139 36 dissent.

153 1733 132 36 Dennis
306 1734 149 36 GLICK
475 1745 28 24 v.
525 1735 86 34 A.L.
634 1734 279 42 LOCKHART,
934 1734 171 42 Director,
1125 1734 178 36 Arkansas

473 1785 232 43 Department
724 1784 40 35 of
781 1784 202 36 Correction

123 1861 132 34 85-282

1014 1863 68 33 706
1103 1862 142 35 S.W.2d
1269 1863 63 33 178

452 1938 170 42 Supreme
643 1938 110 34 Court
773 1938 39 34 of
828 1937 179 35 Arkansas

389 1986 151 44 Opinion
561 1986 172 35 delivered
754 1986 126 35 March
901 1987 56 40 24,
982 1986 88 35 1986
