1668 2700
146 413 132 35 release
291 413 59 34 the
364 412 223 35 information
602 413 76 35 that
693 413 27 34 is
735 413 58 35 the
807 413 134 44 subject
955 413 39 35 of
1005 413 68 35 this
1088 413 135 35 lawsuit
1236 413 88 35 until
1338 424 20 23 a

146 462 84 35 final
250 462 113 44 ruling
383 462 28 34 is
431 462 174 35 obtained.

1289 272 67 33 427

238 544 51 33 As
298 548 36 30 to
342 543 59 35 the
410 544 130 34 motion
549 549 36 29 to
593 544 148 41 dismiss,
751 543 59 36 the
818 544 196 35 chancellor
1023 544 80 35 held
1111 544 77 35 that
1197 544 44 44 by
1248 544 112 35 virtue

147 593 39 34 of
195 593 61 34 the
267 593 130 34 church
409 594 120 42 taking
542 593 195 44 advantage
749 593 38 35 of
796 594 60 34 the
867 594 118 34 state’s
997 594 95 40 laws,
1105 594 131 35 certain
1248 594 112 35 duties

148 644 105 42 apply
269 643 76 34 that
361 642 86 35 have
463 643 144 43 nothing
622 649 36 29 to
674 643 45 35 do
734 643 83 34 with
833 644 59 34 the
907 644 235 34 constitution.
1159 643 82 35 This
1258 644 27 34 is
1301 648 60 30 not

148 692 146 44 entirely
311 698 142 29 correct.
472 693 144 34 Certain
635 698 172 38 statutory
823 693 112 35 duties
953 693 45 35 do
1015 694 115 43 apply,
1148 693 114 35 unless
1279 693 82 44 they

149 742 139 35 conflict
313 742 82 35 with
420 754 20 23 a
465 743 260 34 constitutional
750 743 219 44 prohibition.
995 744 75 34 The
1093 744 178 34 Arkansas
1296 743 65 35 law

149 792 153 35 referred
329 798 35 29 to
391 792 44 44 by
462 793 59 34 the
547 793 197 34 chancellor
770 804 69 23 was
866 794 59 34 the
951 798 172 39 statutory
1148 793 143 44 chapter
1317 804 44 24 on

149 842 173 44 nonprofit
341 842 245 44 corporations.
608 843 85 34 Ark.
715 843 88 35 Stat.
824 844 91 34 Ann.
939 843 41 43 §§
1003 844 153 35 64-1901
1156 844 46 35 —
1202 844 155 35 64-1921

152 892 116 44 (Repl.
284 891 116 43 1980).
411 893 74 34 The
496 893 182 43 appellees’
690 892 135 36 lawsuit
834 893 28 34 is
872 893 106 35 based
988 904 44 24 on
1042 893 85 35 Ark.
1138 894 89 34 Stat.
1238 894 91 35 Ann.
1342 893 18 43 §

150 943 154 34 64-1913
326 942 111 35 which
458 942 156 44 provides
635 942 35 35 in
691 942 171 45 pertinent
882 948 88 39 part:

276 1024 95 34 Each
389 1024 217 44 corporation
624 1024 88 35 shall
730 1025 86 43 keep
833 1030 133 30 correct
983 1024 69 36 and
1069 1025 171 44 complete
1256 1025 106 35 books

275 1074 69 34 and
362 1074 136 35 records
515 1074 40 34 of
569 1079 158 30 account.
755 1102 75 7 ...
849 1074 58 35 All
925 1074 106 35 books
1049 1075 69 34 and
1135 1075 137 35 records
1288 1074 40 36 of
1342 1086 20 24 a

275 1124 218 43 corporation
515 1135 82 33 may
620 1124 44 35 be
685 1124 177 44 inspected
884 1125 45 43 by
952 1136 68 32 any
1042 1125 155 34 member
1220 1124 52 35 for
1296 1135 67 33 any

276 1184 123 33 proper
419 1184 147 34 purpose
586 1179 36 29 at
643 1184 68 33 any
731 1174 202 35 reasonable
952 1174 95 35 time.

343 1256 32 34 It
390 1255 27 34 is
433 1256 93 34 clear
541 1255 78 35 that
633 1255 110 35 under
761 1255 17 43 §
797 1256 153 35 64-1913
967 1256 61 35 the
1043 1256 171 44 appellees
1230 1267 60 24 are
1304 1261 61 29 not

152 1305 144 34 entitled
318 1310 36 29 to
376 1304 131 45 inspect
529 1305 60 35 the
610 1305 160 35 church’s
792 1305 137 35 records
952 1317 37 23 as
1012 1318 20 23 a
1055 1311 127 30 matter
1203 1306 39 34 of
1261 1306 102 44 right.

152 1354 152 41 Instead,
317 1355 80 42 they
409 1366 59 23 are
479 1355 145 35 allowed
636 1360 35 29 to
683 1366 38 24 so
732 1356 132 43 inspect
875 1366 93 33 upon
979 1367 21 23 a
1012 1356 272 35 demonstration
1295 1355 40 35 of
1343 1367 21 23 a

151 1414 125 34 proper
291 1414 156 34 purpose.
464 1405 104 34 Since
581 1405 61 34 the
656 1405 189 44 complaint
860 1405 80 34 filed
955 1405 34 34 in
1005 1405 68 35 this
1087 1416 80 24 case
1181 1405 184 35 contained

152 1453 204 44 allegations
367 1453 39 34 of
413 1454 107 34 abuse
530 1454 40 34 of
577 1465 114 33 power
702 1454 45 44 by
758 1454 58 35 the
826 1455 110 34 elders
948 1455 68 35 and
1027 1455 224 44 impropriety
1260 1455 35 35 in
1305 1455 60 34 the

151 1503 164 35 selection
330 1503 39 35 of
380 1504 58 34 the
452 1503 108 36 board
575 1504 40 34 of
625 1503 177 42 directors,
818 1504 67 35 this
899 1504 177 36 threshold
1090 1505 232 44 requirement
1335 1505 28 35 is

152 1558 82 30 met.

242 1635 75 35 The
329 1635 157 44 question
500 1646 76 24 now
589 1635 117 35 arises:
721 1637 91 34 Does
825 1636 59 35 the
897 1636 236 35 enforcement
1146 1636 39 36 of
1193 1642 171 39 statutory

151 1685 78 41 law,
243 1685 69 34 and
325 1685 34 35 in
372 1686 189 42 particular
575 1686 18 42 §
609 1686 165 41 64-1913,
788 1686 154 35 override
954 1687 59 34 the
1025 1687 161 43 religious
1199 1686 164 42 doctrine,

151 1735 119 43 polity,
287 1745 37 24 or
338 1735 152 44 practice
504 1735 40 34 of
555 1736 59 34 the
628 1736 131 34 church
774 1747 37 23 as
826 1736 177 44 protected
1019 1737 45 42 by
1077 1736 60 35 the
1150 1736 131 35 federal
1296 1736 69 35 and

151 1789 91 30 state
253 1785 262 34 constitutions?
530 1785 168 35 Whether
709 1786 68 34 this
789 1786 115 34 action
915 1796 65 24 can
992 1786 43 34 be
1046 1785 214 36 maintained
1271 1791 36 30 at
1318 1786 47 34 all

152 1834 28 34 is
198 1845 20 23 a
236 1834 92 34 close
344 1834 168 44 question.
530 1834 75 35 The
621 1835 194 43 appellants
832 1840 121 30 mount
970 1846 20 24 a
1006 1836 160 42 vigorous
1183 1841 183 37 argument

152 1883 77 36 that
239 1883 59 35 the
307 1888 110 30 tenets
427 1883 39 35 of
472 1884 59 35 the
541 1884 143 35 Church
693 1884 40 35 of
740 1884 118 36 Christ
867 1884 143 44 religion
1020 1885 99 45 place
1127 1885 176 45 authority
1312 1885 53 35 for

152 1934 132 35 church
308 1934 278 36 administration
609 1935 106 44 solely
738 1935 35 35 in
796 1935 59 35 the
877 1935 111 35 hands
1011 1935 39 36 of
1070 1935 60 36 the
1152 1935 110 36 elders
1286 1935 79 42 and,

152 1989 170 39 pursuant
341 1990 35 29 to
394 1985 58 34 the
470 1985 148 35 dictates
636 1985 40 35 of
691 1986 90 35 their
798 1986 154 43 religion,
972 1986 59 35 the
1049 1985 111 36 elders
1178 1992 127 30 cannot
1324 1986 42 35 be

152 2035 193 43 compelled
357 2041 35 29 to
403 2035 101 35 share
514 2035 69 35 this
594 2035 225 35 information
830 2036 82 35 with
924 2037 172 34 members
1108 2036 40 35 of
1155 2036 59 35 the
1224 2047 140 33 congre-

153 2085 129 41 gation.
306 2085 183 43 Appellees
512 2095 108 32 argue
641 2085 83 34 with
747 2086 101 42 equal
869 2086 96 41 vigor
986 2086 77 34 that
1085 2086 60 34 the
1167 2086 141 34 Church
1330 2086 40 34 of

153 2133 120 34 Christ
282 2133 28 34 is
320 2133 68 34 and
398 2133 61 34 has
470 2134 128 42 always
608 2134 86 34 been
704 2145 21 23 a
734 2134 282 43 congregational
1024 2134 131 35 church
1165 2134 68 35 and
1242 2135 77 34 that
1328 2145 38 23 as

152 2182 174 34 members
337 2181 40 35 of
385 2193 20 23 a
416 2183 281 42 congregational
709 2183 141 41 church,
862 2183 82 43 they
954 2183 88 34 have
1053 2194 20 23 a
1085 2183 92 43 right
1187 2188 36 29 to
1234 2183 132 44 inspect

153 2231 59 34 the
233 2231 148 35 records.

344 2313 51 34 To
418 2313 104 35 claim
545 2313 59 34 the
627 2314 192 43 protection
843 2313 39 35 of
902 2313 60 35 the
984 2313 156 35 freedom
1163 2313 40 36 of
1223 2313 143 45 religion

153 2363 135 35 clauses
303 2362 40 36 of
355 2362 58 36 the
428 2363 83 35 U.S.
529 2363 68 35 and
613 2363 178 36 Arkansas
808 2363 264 42 Constitutions,
1088 2364 59 35 the
1163 2364 203 44 appellants’

153 2413 148 44 position
318 2418 93 30 must
427 2413 43 35 be
485 2414 119 34 rooted
621 2414 35 35 in
672 2414 161 44 religious
850 2414 114 35 belief.
986 2416 191 34 Wisconsin
1191 2425 30 24 v.
1243 2413 123 42 Yoder,
