1640 2688
304 405 58 37 the
378 404 189 34 defendant
584 409 36 29 at
636 404 59 34 the
711 404 178 34 Arkansas
906 404 99 34 State
1023 403 160 44 Hospital
1199 403 109 34 under
1324 403 85 34 Ark.
1426 403 90 34 Stat.

304 455 91 33 Ann.
408 454 17 42 §
437 455 40 32 41
485 455 94 33 -605.
590 454 188 44 Appellant
788 453 84 34 cites
882 454 59 34 the
950 453 186 43 testimony
1145 458 36 29 at
1190 453 200 42 sentencing
1399 452 39 34 of
1446 453 70 34 Mr.

306 504 110 34 Bruce
436 504 113 40 Allen,
571 514 20 23 a
611 503 136 36 clinical
769 503 233 43 psychologist
1020 513 44 25 on
1085 503 59 34 the
1163 503 85 34 staff
1265 502 39 35 of
1321 502 59 35 the
1400 502 118 34 Ozark

305 554 168 43 Regional
491 553 135 37 Mental
644 553 130 36 Health
790 553 139 36 Center.
947 554 55 33 He
1017 552 148 35 testified
1181 552 76 35 that
1272 553 43 34 he
1330 552 68 35 had
1414 552 103 35 inter-

303 604 129 35 viewed
462 604 58 35 the
549 604 176 44 appellant
754 603 129 36 several
913 603 111 36 times.
1056 604 56 34 He
1140 603 74 35 said
1243 603 177 44 appellant
1448 602 69 36 had

305 655 229 34 intermittent
546 654 171 44 explosive
729 654 163 35 behavior
903 654 124 40 which,
1041 653 43 35 he
1095 653 74 35 said
1182 665 69 23 was
1263 653 171 35 classified
1447 664 37 24 as
1497 664 20 23 a

305 705 129 33 mental
452 704 124 34 illness.
596 705 67 33 But
679 704 26 34 it
721 704 27 34 is
765 704 92 34 clear
872 704 77 34 that
965 704 59 34 the
1039 703 137 34 witness
1192 714 69 24 was
1278 708 59 30 not
1353 703 164 43 equating

304 754 76 35 that
393 753 176 36 reference
581 758 36 29 to
630 753 129 36 mental
772 753 134 34 disease
918 764 38 23 or
968 753 115 35 defect
1096 764 37 22 as
1146 753 59 33 the
1217 758 70 28 sort
1300 753 170 34 sufficient
1483 758 35 28 to

304 803 134 42 compel
449 802 59 34 the
517 807 98 29 court
625 813 44 23 on
679 802 43 34 its
733 812 75 24 own
818 807 36 29 to
864 802 83 34 send
958 802 176 43 appellant
1144 807 35 29 to
1190 802 58 33 the
1258 807 90 28 state
1357 801 159 43 hospital.

304 851 250 43 Additionally,
565 851 26 34 it
601 862 69 23 was
680 851 210 44 specifically
899 850 114 35 stated
1023 851 45 43 by
1077 851 205 43 appellant’s
1292 851 139 33 counsel
1441 850 76 34 that

305 901 67 34 this
385 901 185 43 testimony
583 911 70 24 was
666 906 59 29 not
737 900 131 35 offered
882 900 53 34 for
947 900 60 34 the
1019 911 147 33 purpose
1178 899 39 35 of
1227 900 128 43 raising
1368 900 150 43 insanity

305 962 37 25 as
352 962 44 23 an
407 951 99 34 issue.
518 950 217 44 Appellant’s
745 961 75 23 own
831 950 231 44 psychologist
1071 961 70 24 was
1151 955 60 29 not
1220 950 79 34 able
1308 955 35 29 to
1352 949 118 44 testify
1480 960 37 24 as

305 1006 35 28 to
359 1011 67 32 any
446 1000 208 44 probability
673 1000 77 34 that
770 1000 129 34 mental
919 999 134 37 disease
1072 999 131 34 existed
1222 999 69 34 and
1310 999 98 34 there
1427 999 27 34 is
1475 1010 43 23 no

305 1054 183 37 argument
498 1060 38 23 or
546 1049 272 34 demonstration
830 1049 76 34 that
916 1048 69 35 had
995 1049 59 34 the
1064 1048 190 35 defendant
1264 1048 199 43 undergone
1473 1059 45 23 an

304 1099 196 34 evaluation
512 1099 43 34 he
565 1098 113 35 would
690 1098 87 35 have
787 1098 87 35 been
885 1098 78 35 able
974 1104 35 28 to
1020 1103 125 38 negate
1155 1098 77 34 that
1243 1098 141 43 finding.
1398 1097 120 36 Under

304 1148 98 34 those
416 1148 269 35 circumstances
699 1148 59 35 the
771 1153 99 29 court
883 1159 70 23 was
968 1153 59 29 not
1041 1148 99 43 given
1155 1148 145 34 “reason
1315 1153 35 29 to
1364 1148 152 34 believe”

304 1198 77 35 that
401 1198 130 34 mental
551 1197 134 35 disease
705 1208 37 24 or
763 1198 116 35 fitness
900 1203 35 30 to
955 1197 147 45 proceed
1122 1209 90 23 were
1231 1203 37 29 at
1288 1197 101 35 issue.

305 266 65 33 218

488 1268 217 43 Appellant’s
722 1267 99 35 Point
838 1268 18 34 5
874 1267 186 35 maintains
1077 1267 43 35 he
1135 1278 70 24 was
1220 1266 125 36 denied
1361 1267 158 34 effective

304 1318 189 35 assistance
505 1317 40 35 of
554 1318 150 35 counsel.
718 1317 75 36 The
805 1317 203 44 allegations
1022 1328 59 24 are
1094 1317 197 44 essentially
1303 1317 213 44 conclusory,

307 1367 217 44 Urquhart v.
534 1368 113 40 State,
659 1368 66 34 275
737 1368 85 34 Ark.
834 1368 154 40 486, 631
1003 1367 143 35 S.W.2d
1159 1368 67 34 304
1238 1367 138 43 (1982),
1387 1367 69 37 and
1466 1378 51 24 we

304 1422 127 30 cannot
449 1428 61 32 say
527 1417 59 34 the
603 1417 79 34 trial
700 1417 127 35 court’s
845 1417 131 44 finding
994 1422 35 29 to
1047 1417 59 35 the
1123 1423 162 38 contrary
1302 1428 70 23 was
1390 1417 128 43 clearly

304 1477 194 25 erroneous.
524 1467 74 34 The
621 1467 91 34 issue
736 1467 27 34 is
787 1467 154 35 whether
964 1467 60 34 the
1047 1467 110 43 guilty
1181 1467 78 43 plea
1283 1478 69 23 was
1377 1466 140 35 entered

304 1516 228 44 intelligently
541 1516 69 35 and
619 1516 217 44 voluntarily,
849 1516 187 44 Campbell
1042 1528 31 23 v.
1083 1517 113 40 State,
1208 1517 66 33 283
1286 1517 84 34 Ark.
1386 1517 131 40 12, 670

304 1566 143 37 S.W.2d
469 1567 67 34 800
559 1566 137 43 (1984),
717 1566 68 35 and
806 1566 97 35 there
923 1566 28 35 is
971 1577 45 24 no
1036 1566 102 44 proof
1155 1577 44 23 on
1219 1566 77 35 that
1316 1577 105 24 score.

394 1636 74 35 The
488 1635 100 35 order
609 1636 27 34 is
656 1635 167 35 affirmed.

395 1705 159 40 Purtle,
575 1705 42 40 J.,
639 1710 59 29 not
718 1705 256 43 participating.

376 1900 81 35 Bert
477 1900 36 34 S.
536 1900 146 40 HYDE,
703 1905 34 29 et
757 1900 43 34 al.
823 1910 27 24 v.
874 1900 30 34 C
926 1900 41 34 M
989 1899 227 37 VENDING
1237 1899 87 41 CO.,
1346 1899 97 35 INC.

305 1970 129 33 85-157

1196 1970 66 33 703
1284 1968 143 35 S.W.2d
1448 1969 68 34 862

632 2038 170 43 Supreme
823 2038 110 34 Court
953 2037 39 35 of
1009 2038 179 34 Arkansas

544 2087 152 44 Opinion
716 2087 172 35 delivered
910 2087 176 44 February
1111 2088 51 40 18,
1188 2088 87 34 1986

329 2136 212 39 [Substituted
559 2136 138 40 Opinion
715 2146 41 22 on
775 2136 114 32 Denial
907 2136 36 32 of
959 2136 180 39 Rehearing
1158 2136 115 32 March
1296 2137 46 36 17,
1365 2135 126 40 1986.*]

371 2409 13 15 *
402 2409 91 30 Purtle,
508 2410 31 29 J.,
555 2413 42 22 not
613 2409 185 32 participating.
