1657 2685
290 271 69 33 440

382 1231 188 40 Davidson,
585 1233 121 33 Horne
721 1232 31 33 &
765 1229 288 46 Hollingsworth,
1066 1231 32 34 A
1110 1229 243 45 Professional
1362 1231 143 34 Associ-

292 1284 108 39 ation,
421 1281 53 35 for
495 1282 203 44 appellants.

381 1373 150 43 Kaplan,
549 1375 137 32 Brewer
703 1374 31 33 &
752 1372 133 40 Miller,
902 1374 95 39 P.A.,
1014 1372 55 43 by;
1086 1372 118 44 Philip
1219 1374 41 33 E.
1277 1372 141 43 Kaplan
1434 1372 68 35 and

291 1424 116 33 Karen
427 1424 36 32 L.
484 1422 125 41 Arndt,
630 1422 54 34 for
704 1422 182 43 appellees.

383 1513 180 34 Darrell
591 1514 198 39 Hickman,
819 1513 141 34 Justice.

989 1512 84 34 This
1102 1513 124 43 appeal
1255 1512 175 44 questions
1459 1523 44 24 an

292 1562 116 35 award
421 1562 39 34 of
469 1563 186 43 attorneys’
669 1562 82 34 fees.
764 1562 106 35 Some
882 1561 224 44 background
1118 1562 28 34 is
1159 1562 161 34 essential
1331 1567 36 29 to
1379 1562 123 34 under-

291 1611 102 35 stand
422 1612 67 33 this
517 1611 172 44 litigation
717 1611 112 35 which
857 1612 112 43 began
998 1612 35 33 in
1065 1612 88 34 1980
1182 1612 34 34 in
1244 1612 93 43 Pope
1365 1611 139 44 County

291 1661 184 43 Chancery
484 1661 121 41 Court,
614 1660 124 45 spread
747 1666 36 29 to
792 1660 132 36 forums
933 1661 35 34 in
977 1661 137 34 Kansas
1123 1661 68 34 and
1200 1661 117 34 North
1326 1660 175 41 Carolina,

291 1711 69 34 and
372 1711 61 34 has
445 1711 188 34 consumed
645 1711 59 34 the
715 1710 85 35 time
810 1711 40 34 of
858 1721 186 24 numerous
1055 1710 144 43 lawyers
1211 1710 69 35 and
1291 1715 125 29 courts.
1429 1710 74 35 The

291 1771 79 24 case
381 1760 106 35 arises
498 1760 90 35 from
599 1772 21 23 a
631 1760 137 44 dispute
778 1760 154 35 between
944 1761 95 33 Leon
1050 1759 69 35 and
1131 1759 137 35 Wanda
1280 1759 144 44 Millsap
1435 1759 68 35 and

292 1810 87 35 Clift
392 1810 40 34 C.
447 1810 68 34 and
528 1810 157 44 Dorothy
696 1811 36 33 P.
747 1810 105 35 Lane.
865 1810 113 34 These
988 1809 140 44 couples
1140 1809 127 44 agreed
1279 1814 36 30 to
1327 1808 95 35 build
1434 1809 68 35 and

291 1860 103 44 equip
410 1871 20 23 a
446 1860 144 35 chicken
605 1859 196 45 processing
817 1860 97 43 plant
929 1860 35 34 in
979 1860 93 43 Pope
1087 1859 149 44 County.
1252 1859 75 35 The
1343 1858 160 45 Millsaps

291 1921 89 23 were
400 1915 36 29 to
455 1910 141 44 provide
616 1910 89 35 their
725 1915 110 30 secret
856 1910 114 44 recipe
989 1909 69 35 and
1079 1914 256 39 management,
1356 1908 68 36 and
1445 1910 59 34 the

291 1961 112 34 Lanes
426 1971 89 23 were
537 1966 35 29 to
595 1959 140 45 provide
756 1960 186 43 financing.
965 1959 97 44 They
1084 1959 135 35 formed
1242 1971 20 23 a
1285 1959 217 44 corporation

290 2010 112 34 called
421 2010 144 44 Millsap
583 2009 185 35 Processed
787 2009 110 35 Foods
918 2009 145 43 (MPF),
1082 2009 35 34 in
1134 2010 113 34 which
1265 2009 59 35 the
1342 2009 160 44 Millsaps

291 2059 69 35 and
376 2059 59 34 the
452 2060 111 34 Lanes
580 2070 89 24 were
686 2058 114 46 50/50
817 2059 250 35 shareholders.
1084 2059 75 35 The
1175 2060 112 34 Lanes
1303 2058 162 35 obtained
1482 2070 20 23 a

291 2109 79 34 loan
385 2109 39 34 of
436 2109 209 41 $3,000,000
660 2108 69 35 and
745 2109 99 34 MPF
857 2120 87 32 gave
958 2109 96 34 Lane
1067 2109 212 42 Processing,
1295 2109 70 33 Inc.
1383 2107 118 44 (LPI),

291 2159 59 34 the
369 2158 123 35 Lanes’
511 2158 122 45 family
651 2158 229 44 corporation,
899 2169 20 24 a
938 2158 209 44 promissory
1164 2163 81 30 note
1262 2158 54 34 for
1333 2158 59 34 the
1409 2157 92 36 debt.

292 2209 281 42 Disagreements
588 2208 129 35 ensued
732 2208 69 34 and
815 2208 35 35 in
870 2209 88 34 1980
972 2208 60 34 the
1046 2208 113 35 Lanes
1174 2207 188 45 petitioned
1377 2207 53 35 for
1444 2208 59 34 the

290 2258 203 34 dissolution
518 2258 39 35 of
579 2259 100 33 MPF
703 2257 68 35 and
796 2257 54 35 for
875 2258 239 44 appointment
1138 2257 40 35 of
1199 2269 20 23 a
1244 2257 158 35 receiver.
1428 2257 74 35 The

292 2308 160 43 Millsaps
476 2307 103 35 made
601 2319 21 23 a
644 2307 188 35 derivative
854 2307 249 35 counterclaim
1125 2318 44 24 on
1192 2306 122 35 behalf
1333 2306 39 35 of
1392 2307 108 34 MPF.

291 2357 207 43 Ultimately
511 2358 60 34 the
584 2358 112 34 Lanes
711 2357 193 44 purchased
918 2357 59 34 the
991 2357 99 34 MPF
1104 2362 107 29 assets
1226 2356 53 35 for
1294 2357 208 40 $1,000,000

291 2412 37 30 at
348 2418 20 23 a
389 2407 209 35 foreclosure
618 2407 81 34 sale.
