1632 2688
1209 1053 66 33 705
1298 1052 143 34 S.W.2d
1465 1053 39 33 15

293 413 149 42 delivery
455 412 39 34 of
506 413 149 40 370,312
669 413 132 42 gallons
815 412 53 34 for
881 412 112 34 which
1007 412 139 34 Collum
1159 412 102 34 could
1274 417 60 28 not
1346 416 158 29 account.

292 464 50 32 As
362 473 51 23 we
432 462 86 34 have
537 473 90 29 seen,
647 462 59 34 the
725 467 144 29 amount
887 461 39 35 of
942 461 71 35 fuel
1032 461 172 34 delivered
1223 466 36 29 to
1278 461 139 34 Collum
1435 471 70 24 was

293 523 101 23 never
408 512 33 34 in
455 511 137 44 dispute
605 511 33 34 in
652 511 67 35 this
733 522 79 23 case
825 511 68 34 and
907 511 59 35 the
978 511 96 44 point
1087 522 69 23 was
1170 511 193 43 effectively
1375 510 130 35 waived

293 562 44 44 by
362 562 139 34 Collum
525 561 212 44 throughout
759 561 59 34 the
842 561 233 44 proceedings.
1101 561 74 34 The
1198 561 96 44 point
1317 561 27 34 is
1368 561 138 43 equally

293 612 130 35 waived
439 612 53 34 for
507 622 163 34 purposes
685 612 39 34 of
736 612 67 34 this
818 617 130 29 statute
963 611 79 41 and,
1058 611 119 41 hence,
1192 611 59 34 the
1265 611 198 34 contention
1478 611 27 34 is

293 662 144 34 without
458 662 111 34 merit.

298 273 113 33 185-A

383 737 75 34 The
467 737 99 34 order
576 737 168 43 appealed
754 737 90 34 from
853 737 27 34 is
891 736 156 34 reversed
1057 736 68 34 and
1135 737 59 33 the
1203 737 68 33 suit
1280 736 28 34 is
1317 736 189 34 remanded

293 787 53 34 for
366 787 59 33 the
446 792 97 37 entry
564 786 39 34 of
620 797 20 23 a
660 786 123 34 decree
802 786 188 34 consistent
1010 786 82 34 with
1113 786 67 34 this
1201 786 149 43 opinion.

384 862 159 40 Purtle,
565 862 42 40 J.,
628 866 60 29 not
708 861 255 44 participating.

440 945 262 43 Supplemental
723 944 152 44 Opinion
895 955 44 23 on
960 944 125 34 Denial
1105 944 40 34 of
1162 944 198 42 Rehearing

741 994 127 34 March
893 995 51 39 17,
970 994 87 34 1986

383 2308 140 34 Steele
541 2309 114 40 Hays,
674 2308 141 34 Justice.

835 2309 51 42 By
902 2308 144 44 petition
1064 2308 53 34 for
1134 2308 181 42 rehearing
1333 2308 171 43 appellees

292 2368 84 32 urge
391 2358 76 34 that
481 2369 52 23 we
547 2357 106 35 failed
668 2363 35 29 to
718 2358 76 43 give
808 2357 68 36 due
890 2357 253 35 consideration
1158 2363 35 29 to
1208 2357 182 44 appellees’
1406 2357 103 44 proof

292 2408 176 42 rebutting
487 2407 59 34 the
565 2407 236 44 presumption
821 2407 39 34 of
877 2407 85 34 Ark.
983 2407 88 34 Stat.
1092 2408 91 33 Ann.
1207 2407 17 42 §
1246 2408 165 33 75-1250.
1431 2407 75 34 The
