1661 2696
130 396 199 43 University
352 395 39 35 of
411 395 194 35 California
629 401 37 29 at
690 396 176 43 Berkeley,
891 396 34 34 in
949 395 52 35 his
1025 396 131 40 article,
1179 395 161 35 Inherent

129 444 183 36 Problems
336 448 34 31 in
395 445 58 35 the
479 447 67 33 Use
569 445 47 44 of
631 445 152 35 Pretrial
805 446 180 43 Hypnosis
1008 456 45 24 on
1077 456 21 24 a
1122 446 219 43 Prospective

134 496 158 40 Witness,
313 495 43 34 68
379 495 75 34 Cal.
477 496 82 34 Law
580 495 138 34 Review
740 496 65 33 313
829 494 138 43 (1980),
988 500 117 30 states:

1272 256 62 33 571

257 581 14 34 I
283 580 129 35 believe
423 581 76 34 that
509 591 87 24 once
606 591 20 24 a
638 580 166 44 potential
815 581 137 34 witness
963 580 63 35 has
1037 581 87 34 been
1135 580 207 44 hypnotized

256 630 53 35 for
331 630 59 34 the
412 641 147 33 purpose
581 629 39 35 of
639 630 193 43 enhancing
855 640 156 34 memory
1033 630 52 35 his
1108 630 234 35 recollections

256 681 87 34 have
356 680 86 35 been
456 691 38 24 so
507 679 260 36 contaminated
781 680 76 35 that
871 680 43 35 he
928 680 27 34 is
970 679 167 36 rendered
1151 680 192 44 effectively

257 730 233 43 incompetent
515 736 37 29 to
578 730 128 44 testify.
734 729 220 45 Hypnotized
981 741 152 33 persons,
1159 730 102 43 being
1287 741 55 24 ex-

257 779 144 44 tremely
411 779 221 44 suggestible,
643 780 94 43 graft
746 785 82 29 onto
838 780 89 35 their
937 780 183 35 memories
1130 779 165 36 fantasies
1306 791 38 24 or

257 829 214 44 suggestions
485 829 226 45 deliberately
724 840 38 24 or
775 830 218 43 unwittingly
1007 830 278 35 communicated
1299 831 45 43 by

257 880 59 34 the
326 879 184 44 hypnotist.
522 879 103 35 After
635 878 162 45 hypnosis
807 880 59 34 the
875 879 134 43 subject
1018 885 127 29 cannot
1155 879 188 36 differenti-

258 934 57 30 ate
324 928 154 36 between
487 940 20 24 a
516 935 78 29 true
601 929 220 35 recollection
830 929 68 35 and
908 941 20 24 a
938 929 139 44 fantasy
1086 941 38 23 or
1132 940 21 23 a
1162 929 182 44 suggested

258 978 116 35 detail.
387 977 148 37 Neither
545 988 66 25 can
622 990 68 33 any
701 984 118 39 expert
829 990 38 24 or
878 980 59 34 the
948 979 82 35 trier
1040 979 40 35 of
1088 979 82 36 fact.
1182 980 82 34 This
1276 980 70 34 risk

259 1028 27 35 is
297 1039 37 24 so
344 1034 108 37 great,
463 1029 34 34 in
508 1039 59 33 my
576 1029 96 41 view,
683 1029 77 35 that
770 1029 59 34 the
838 1040 61 24 use
908 1028 40 36 of
955 1029 162 44 hypnosis
1127 1029 45 44 by
1182 1029 109 44 police
1301 1040 44 24 on

259 1089 20 24 a
301 1078 166 44 potential
488 1078 137 35 witness
647 1079 28 34 is
696 1083 222 31 tantamount
939 1084 36 29 to
996 1079 59 35 the
1075 1079 211 35 destruction
1307 1090 38 24 or

259 1128 208 35 fabrication
477 1128 39 35 of
524 1128 173 35 evidence.
710 1129 179 44 Recently,
899 1139 97 25 some
1006 1135 116 29 courts
1132 1129 87 35 have
1230 1129 116 35 shown

260 1188 20 24 a
291 1178 140 44 healthy
441 1178 173 44 suspicion
624 1178 40 35 of
670 1179 60 35 the
738 1179 152 44 veracity
899 1178 40 36 of
946 1179 68 34 this
1024 1184 71 30 sort
1104 1178 40 36 of
1150 1179 195 44 testimony.

260 1228 69 35 Yet
344 1238 83 24 even
442 1228 110 35 under
566 1228 170 44 stringent
750 1228 215 44 safeguards,
981 1229 176 43 including
1172 1235 173 38 presenta-

260 1277 71 35 tion
341 1283 36 29 to
386 1278 58 35 the
453 1278 83 35 trier
545 1277 39 35 of
591 1277 73 36 fact
673 1278 39 35 of
718 1278 59 36 the
787 1278 116 36 fullest
912 1279 149 45 possible
1070 1279 222 35 information
1302 1290 44 24 on

260 1328 60 35 the
330 1327 121 36 effects
462 1328 40 35 of
511 1328 174 44 hypnosis,
697 1329 61 35 the
767 1329 83 34 trier
861 1329 69 35 will
942 1334 60 29 not
1013 1329 44 35 be
1068 1329 80 35 able
1158 1334 36 29 to
1205 1335 70 29 sort
1287 1334 60 30 out

261 1377 122 44 reality
407 1377 90 36 from
520 1378 138 35 witness
682 1378 139 44 fantasy
845 1379 68 34 and
937 1379 111 43 weigh
1072 1379 67 35 this
1163 1379 184 44 testimony

261 1427 168 44 properly.

227 1512 130 45 People
373 1524 30 23 v.
422 1513 153 43 Shirley,
593 1524 121 33 supra,
733 1523 65 24 one
815 1513 40 35 of
870 1514 59 35 the
947 1513 139 44 leading
1103 1524 97 25 cases
1218 1513 53 35 for
1289 1514 59 35 the

137 1562 165 43 rejection
321 1562 40 35 of
376 1563 233 44 hypnotically
628 1563 177 35 refreshed
823 1564 196 43 testimony,
1038 1575 71 24 was
1128 1564 151 44 recently
1297 1576 50 23 re-

135 1612 130 35 viewed
289 1613 33 34 in
345 1613 128 43 People
494 1625 31 23 v.
550 1613 147 41 Guerra,
719 1624 119 32 supra.
861 1613 75 35 The
958 1614 177 43 appellant
1157 1613 34 34 in
1214 1614 134 34 Guerra

136 1662 205 44 challenged
351 1662 59 35 the
420 1662 148 43 findings
579 1662 39 35 of
624 1662 143 43 Shirley
777 1673 38 24 as
826 1668 59 29 not
895 1662 103 43 being
1009 1663 34 34 in
1054 1668 75 39 step
1140 1663 82 34 with
1233 1668 116 30 recent

135 1711 258 45 developments
422 1712 33 34 in
485 1712 162 44 hypnosis
676 1712 35 35 in
740 1712 59 34 the
826 1712 168 35 scientific
1021 1713 224 43 community.
1274 1713 74 34 The

136 1761 196 35 California
348 1761 169 44 Supreme
533 1761 111 35 Court
660 1762 167 34 reviewed
842 1762 59 35 the
916 1762 130 35 studies
1062 1763 69 34 and
1147 1762 202 35 authorities

136 1810 95 34 since
239 1810 143 43 Shirley
391 1811 68 34 and
470 1810 108 36 found
588 1811 60 34 the
657 1816 135 39 experts
802 1822 83 24 even
895 1822 96 24 more
1000 1812 158 34 cautious
1167 1822 44 24 on
1221 1812 59 34 the
1288 1822 61 24 use

136 1859 40 34 of
185 1857 163 46 hypnosis
360 1860 34 33 in
406 1860 59 34 the
476 1865 208 30 courtroom.
698 1861 78 34 One
787 1860 40 34 of
835 1861 59 34 the
905 1871 96 24 more
1012 1861 196 43 significant
1220 1861 129 35 studies

136 1908 92 35 cited
251 1909 34 34 in
309 1909 135 35 Guerra
465 1909 27 35 is
514 1909 77 35 that
612 1909 40 35 of
671 1910 60 34 Dr.
755 1909 134 35 Martin
911 1910 39 35 T.
973 1910 96 35 Orne
1092 1910 122 43 (Orne,
1237 1915 34 30 et
1292 1911 55 40 al.,

136 1958 256 45 Hypnotically
415 1958 158 37 Induced
599 1961 209 42 Testimony,
834 1961 41 34 In
898 1962 214 42 Eyewitness
1140 1961 210 43 Testimony:

136 2009 272 44 Psychological
419 2011 248 43 Perspectives,
682 2010 108 35 Wells
808 2011 32 34 &
857 2010 133 41 Loftus,
1005 2010 99 36 edits.
1123 2010 117 44 1984).
1255 2011 96 35 Orne

137 2058 28 35 is
175 2059 125 44 widely
309 2059 91 35 cited
410 2070 43 24 on
464 2060 68 35 this
542 2060 102 41 issue,
655 2060 69 35 and
735 2060 26 35 it
770 2071 69 24 was
850 2061 52 34 his
912 2060 190 44 guidelines
1113 2061 53 35 for
1176 2061 59 34 the
1244 2072 60 24 use
1314 2061 39 35 of

137 2109 166 44 hypnotic
313 2109 184 45 testimony
508 2110 77 35 that
595 2121 90 24 were
694 2109 150 45 adopted
855 2111 45 44 by
910 2111 59 35 the
979 2111 89 34 New
1079 2111 118 43 Jersey
1207 2116 98 29 court
1315 2111 35 34 in

138 2159 108 35 Hurd
255 2171 31 23 v.
299 2160 112 40 State,
424 2171 119 33 supra.
559 2160 135 34 Guerra
707 2160 112 44 points
832 2165 60 30 out
905 2161 124 34 Ornes
1041 2166 139 29 current
1193 2161 157 43 position;

263 2244 103 36 After
381 2244 192 44 discussing
588 2245 143 44 Shirley
746 2245 69 35 and
831 2246 59 35 the
904 2245 170 36 decisions
1090 2246 77 35 that
1182 2245 169 45 preceded

263 2295 69 34 and
346 2294 158 36 followed
517 2296 38 40 it,
569 2295 59 35 the
641 2296 142 34 authors
796 2306 103 33 agree
911 2296 78 35 that
1002 2296 97 34 The
1112 2301 137 39 present
1262 2301 90 30 state

264 2345 39 34 of
320 2345 167 35 scientific
506 2345 202 44 knowledge
727 2346 29 34 is
776 2346 187 34 consistent
982 2346 84 34 with
1086 2346 60 34 the
1165 2346 90 34 rules
1275 2346 38 34 of
1332 2356 20 24 a

264 2394 146 35 number
426 2394 40 35 of
478 2399 91 31 state
585 2405 160 33 supreme
761 2400 115 29 courts
892 2395 77 35 that
985 2396 183 34 memories
1185 2394 167 36 retrieved
