1667 2692
319 414 35 29 to
364 409 150 44 produce
524 408 161 35 evidence
693 408 82 34 with
785 414 133 37 respect
928 413 35 29 to
972 419 20 23 a
1002 408 130 34 motion
1143 407 26 34 it
1178 418 69 23 was
1257 412 59 29 not
1324 407 203 42 contesting.

319 459 112 34 There
444 469 69 24 was
528 469 19 24 a
561 458 84 34 mild
659 458 176 42 exchange
848 457 39 34 of
898 457 153 34 remarks
1065 457 153 34 between
1233 455 112 43 Judge
1359 455 88 35 Ford
1462 455 67 35 and

318 507 142 35 defense
481 507 150 40 counsel,
654 507 124 43 during
801 507 111 34 which
936 507 57 34 the
1012 506 107 43 judge
1141 506 74 34 said
1239 511 34 28 to
1296 505 61 34 her
1380 505 75 34 that
1477 505 52 34 his

319 557 154 34 remarks
483 557 111 42 might
603 556 43 34 be
655 556 203 43 prejudicial
868 555 53 34 “if
927 566 66 32 you
1003 566 89 23 were
1100 566 44 23 on
1154 555 90 40 trial,
1254 555 63 33 but
1326 565 66 33 you
1402 565 59 23 are
1470 559 59 29 not

319 616 44 24 on
383 605 113 34 trial.”

321 270 66 34 550

503 681 134 43 During
660 681 76 34 that
758 681 159 42 colloquy
939 679 142 35 defense
1102 679 139 34 counsel
1264 679 104 35 made
1390 690 43 22 an
1457 679 72 34 oral

320 736 137 39 request
472 731 76 34 that
564 730 112 44 Judge
692 730 89 34 Ford
796 741 119 23 recuse
931 730 52 34 for
999 729 59 35 the
1073 729 110 34 whole
1198 740 88 23 case.
1303 729 75 34 The
1393 733 137 39 request

319 791 145 34 appears
477 785 35 30 to
524 781 87 34 have
624 780 85 35 been
722 780 102 34 made
836 780 106 43 solely
954 790 37 24 as
1004 790 20 23 a
1038 779 105 35 result
1155 779 40 34 of
1204 779 58 34 the
1273 779 168 43 colloquy.
1456 778 73 35 The

316 831 107 43 judge
432 830 164 35 observed
607 830 76 35 that
693 830 51 34 his
755 830 154 34 remarks
920 829 68 35 had
999 829 86 35 been
1096 828 138 35 invited.
1245 828 74 35 The
1329 834 137 38 request
1476 828 53 34 for

320 881 132 35 recusal
462 891 69 24 was
542 885 59 30 not
610 879 155 44 granted.
777 880 75 35 Our
861 879 102 44 study
972 879 39 35 of
1017 879 59 35 the
1086 879 119 35 record
1215 878 180 35 convinces
1404 889 39 24 us
1453 879 76 34 that

319 931 97 35 there
425 941 70 24 was
506 942 43 23 no
560 941 121 24 reason
693 930 52 34 for
756 930 112 43 Judge
879 929 88 35 Ford
979 935 35 29 to
1024 935 102 37 grant
1136 929 168 35 counsel’s
1314 929 73 35 oral
1398 929 130 34 motion

319 981 76 34 that
410 981 43 34 he
468 992 119 23 recuse
602 980 90 35 from
708 980 59 34 the
782 980 108 34 entire
905 991 89 23 case.
1011 980 133 34 Rather
1159 984 36 30 to
1210 979 58 34 the
1283 985 172 37 contrary,
1471 979 59 34 the

314 1030 109 43 judge
434 1029 174 35 exhibited
619 1041 20 23 a
650 1035 97 38 great
758 1030 77 34 deal
846 1029 39 34 of
892 1030 159 42 patience
1062 1030 33 33 in
1106 1029 59 34 the
1176 1034 136 29 matter.
1324 1029 113 34 There
1447 1028 27 35 is
1486 1039 43 23 no

319 1079 155 35 instance
491 1080 34 34 in
543 1079 111 35 which
672 1079 26 34 it
716 1079 27 34 is
761 1079 183 43 suggested
962 1079 76 34 that
1055 1079 44 34 he
1116 1078 100 35 acted
1234 1078 82 34 with
1334 1077 194 35 unfairness

319 1129 131 34 toward
470 1130 59 33 the
549 1134 67 29 two
635 1128 217 35 defendants.

503 1207 38 33 In
554 1205 59 34 the
625 1204 131 36 related
769 1205 96 44 point
877 1205 26 34 it
916 1205 27 34 is
957 1204 129 43 argued
1099 1204 77 34 that
1188 1204 93 35 since
1294 1204 97 34 there
1402 1214 70 24 was
1485 1214 43 24 no

319 1255 142 42 hearing
477 1265 44 24 on
537 1255 58 33 the
611 1255 130 34 motion
758 1259 34 30 to
808 1264 170 33 suppress,
995 1254 139 34 counsel
1150 1253 101 35 could
1267 1259 60 29 not
1342 1254 43 33 be
1400 1264 79 24 sure
1494 1254 34 33 in

319 1304 154 33 advance
490 1304 76 34 that
585 1303 59 34 the
662 1304 99 33 State
779 1303 113 34 would
911 1308 59 29 not
989 1303 179 34 introduce
1186 1302 162 35 evidence
1366 1302 163 35 obtained

318 1352 124 42 during
451 1352 59 34 the
518 1352 131 34 search.
659 1353 33 33 A
701 1352 171 43 complete
880 1362 132 24 answer
1021 1352 27 34 is
1057 1352 76 34 that
1143 1362 43 23 no
1195 1351 84 34 such
1289 1351 162 34 evidence
1458 1362 70 23 was

319 1401 34 34 in
363 1401 72 35 fact
445 1401 202 34 introduced
656 1412 38 23 or
704 1411 83 24 even
796 1401 142 34 offered.
949 1400 172 35 Evidence
1129 1400 198 34 discovered
1337 1400 123 42 during
1470 1400 59 34 the

318 1451 120 35 search
450 1450 113 35 would
573 1450 208 44 necessarily
791 1451 88 34 have
889 1450 87 35 been
987 1450 164 44 tangible,
1163 1455 60 29 not
1233 1449 221 41 testimonial,
1467 1450 62 34 but

318 1501 59 34 the
387 1501 80 43 only
478 1500 77 36 four
567 1500 147 35 exhibits
725 1500 202 36 introduced
939 1501 44 43 by
994 1500 59 35 the
1064 1500 100 35 State
1174 1511 89 23 were
1273 1499 98 35 three
1377 1499 152 44 juvenile

318 1556 98 30 court
426 1550 116 36 orders
552 1550 68 35 and
631 1562 20 23 a
661 1551 144 43 custody
815 1555 210 39 agreement.
1037 1550 31 35 It
1077 1550 113 34 would
1200 1550 43 35 be
1253 1550 162 44 pointless
1426 1549 53 35 for
1488 1560 40 24 us

319 1605 34 30 to
364 1600 101 36 order
476 1611 20 25 a
508 1612 74 23 new
594 1601 78 34 trial
683 1611 44 24 on
740 1600 58 35 the
810 1600 90 35 basis
912 1600 40 35 of
960 1611 20 24 a
992 1600 75 35 fear
1078 1600 76 34 that
1165 1611 102 23 never
1278 1599 247 36 materialized.

549 1679 39 33 In
604 1677 59 35 the
679 1677 203 44 appellants’
899 1677 79 35 fifth
995 1678 95 43 point
1107 1677 26 34 it
1149 1677 27 34 is
1193 1677 130 43 argued
1339 1677 76 34 that
1431 1677 97 34 three

314 1727 115 43 jurors
442 1727 123 35 should
579 1727 87 34 have
680 1727 85 34 been
782 1727 147 34 excused
943 1727 54 34 for
1011 1737 114 24 cause.
1140 1727 75 34 The
1228 1731 130 30 statute
1371 1726 156 44 provides

318 1776 76 35 that
414 1787 44 24 an
479 1782 158 37 attorney
657 1776 69 35 and
746 1777 104 34 client
871 1776 223 44 relationship
1115 1787 81 33 may
1216 1776 43 34 be
1280 1787 20 23 a
1321 1776 91 34 basis
1433 1775 53 35 for
1506 1787 20 23 a

318 1826 130 43 finding
461 1826 39 35 of
510 1826 140 44 implied
663 1826 85 34 bias.
763 1826 84 34 Ark.
862 1826 89 35 Stat.
965 1827 91 34 Ann.
1073 1826 17 43 §
1106 1827 155 33 43-1920
1276 1825 115 44 (Repl.
1409 1825 116 43 1977).

317 1875 78 35 One
401 1876 98 43 juror
509 1875 74 35 said
595 1875 75 36 that
681 1876 61 34 her
753 1875 158 36 husband
923 1875 68 35 and
1002 1886 61 24 son
1074 1875 69 35 had
1156 1875 85 35 been
1252 1875 218 44 represented
1483 1876 44 43 by

317 1926 59 34 the
390 1926 218 43 prosecuting
623 1931 158 38 attorney
796 1926 34 34 in
845 1936 21 23 a
881 1930 161 39 property
1057 1930 137 36 matter,
1210 1925 69 35 and
1294 1925 143 35 another
1452 1925 74 35 said

317 1975 59 34 the
397 1980 198 38 prosecutor
616 1975 69 34 had
707 1975 219 43 represented
948 1975 60 34 her
1030 1975 98 34 adult
1148 1974 171 43 daughter
1340 1980 67 29 two
1428 1985 98 32 years

317 2024 132 34 earlier.
462 2025 73 33 The
545 2024 78 34 trial
631 2024 107 43 judge
748 2024 59 34 did
818 2029 60 29 not
888 2024 107 34 abuse
1005 2023 52 35 his
1068 2024 185 34 discretion
1264 2024 34 33 in
1309 2023 148 43 denying
1467 2024 59 34 the

317 2072 195 43 challenges
524 2073 53 34 for
588 2083 114 30 cause,
714 2072 54 35 for
779 2073 59 34 the
845 2073 114 42 jurors
971 2072 59 34 did
1041 2078 59 29 not
1112 2083 129 33 appear
1252 2077 35 30 to
1299 2072 43 35 be
1352 2073 129 34 biased.
1493 2074 33 32 A

317 2122 92 35 third
419 2122 96 43 juror
528 2133 69 23 was
611 2122 149 35 married
773 2128 35 29 to
821 2133 21 24 a
855 2123 111 43 police
978 2122 126 41 officer,
1118 2122 62 34 but
1193 2122 61 35 she
1266 2122 119 34 served
1397 2122 79 44 only
1489 2133 37 23 as

317 2172 59 35 the
384 2172 169 35 alternate
558 2172 97 43 juror
664 2172 68 34 and
742 2171 58 36 did
809 2177 60 29 not
878 2172 206 43 participate
1092 2172 35 34 in
1136 2172 60 34 the
1204 2172 253 34 deliberations.
1468 2172 58 34 No

317 2233 93 23 error
430 2222 28 34 is
478 2223 127 33 shown.

500 2299 73 34 The
600 2303 98 30 court
724 2298 159 44 properly
909 2297 123 36 denied
1060 2309 20 24 a
1108 2303 137 38 request
1272 2298 76 35 that
1375 2298 59 34 the
1460 2303 66 29 two

317 2348 205 35 defendants
538 2348 43 34 be
595 2348 88 35 tried
699 2348 203 43 separately.
919 2349 49 33 At
983 2348 59 34 the
1056 2348 74 34 first
1145 2348 79 34 trial
1239 2348 82 43 they
1335 2359 89 23 were
1439 2347 88 35 tried

317 2398 157 43 together
495 2398 82 34 with
599 2409 43 23 no
663 2398 197 42 suggestion
882 2398 39 34 of
939 2409 68 32 any
1028 2398 166 43 resulting
1215 2397 186 44 prejudice.
1423 2398 104 34 Their
