1664 2696
1274 278 65 34 323

311 419 130 34 Robert
462 419 42 34 D.
528 419 162 35 FUTCH
711 430 28 23 v.
761 419 152 35 STATE
932 419 40 35 of
988 420 178 34 Arkansas

133 495 66 35 CR
221 496 128 34 85-155

1047 497 67 33 705
1136 495 142 35 S.W.2d
1302 497 36 33 11

461 573 171 44 Supreme
652 573 110 34 Court
782 572 39 35 of
837 573 179 34 Arkansas

398 622 152 44 Opinion
571 622 172 35 delivered
764 621 126 36 March
914 623 53 40 10,
992 623 88 34 1986

232 1970 120 41 Henry
375 1970 30 33 &
427 1970 166 42 Mooney,
614 1969 56 43 by:
696 1970 126 42 Wayne
841 1970 165 42 Mooney,
1027 1969 54 35 for
1101 1969 185 44 appellant.

231 2045 105 34 Steve
351 2044 120 41 Clark,
485 2045 100 43 Att’y
599 2044 101 41 Gen.,
714 2044 55 44 by:
787 2044 147 36 Charles
946 2047 43 32 R.
1005 2046 127 40 Lucus,
1146 2046 93 34 Asst.
1254 2045 99 44 Att’y

141 2093 101 41 Gen.,
264 2093 53 35 for
338 2094 164 43 appellee.

233 2170 180 34 Darrell
428 2171 198 39 Hickman,
642 2170 141 34 Justice.

800 2170 132 34 Robert
948 2170 110 34 Futch
1073 2170 78 34 shot
1166 2170 68 34 and
1249 2170 104 34 killed

141 2219 53 34 his
212 2218 129 35 former
358 2219 89 41 wife,
466 2219 132 35 Bonnie
615 2219 122 41 Futch,
755 2225 37 29 at
808 2219 61 35 her
885 2219 129 35 mobile
1030 2220 103 34 home
1149 2220 35 34 in
1201 2219 152 35 Poinsett

142 2269 151 44 County,
308 2269 188 35 Arkansas.
512 2270 57 34 He
581 2280 71 24 was
665 2269 179 35 convicted
857 2269 39 35 of
907 2269 74 35 first
994 2269 125 44 degree
1132 2269 139 35 murder
1285 2269 68 35 and

141 2319 187 35 sentenced
340 2324 35 30 to
388 2319 60 36 life
459 2319 274 45 imprisonment.
748 2320 110 35 Futch
870 2330 124 33 argues
1006 2320 77 35 that
1095 2325 203 30 statements
1310 2320 44 35 he

142 2369 104 35 made
258 2375 36 29 to
306 2370 111 43 police
429 2370 133 34 officers
575 2370 120 34 before
707 2370 43 34 he
762 2380 70 24 was
844 2370 140 35 warned
996 2369 40 35 of
1045 2370 52 35 his
1110 2370 109 43 rights
1231 2369 123 35 should

142 2419 88 34 have
252 2419 87 35 been
362 2419 166 35 excluded
551 2419 69 35 and
642 2420 77 34 that
741 2420 59 34 the
821 2425 90 29 state
932 2419 124 35 should
1078 2424 59 30 not
1159 2420 87 34 have
1268 2419 87 35 been
