1664 2690
133 385 279 40 manufactured,
428 396 37 24 as
480 386 59 34 the
554 386 134 34 lumber
703 386 204 44 admittedly
922 386 39 41 is,
977 386 53 35 for
1045 387 52 34 his
1112 386 99 35 order
1226 391 116 30 states:

134 435 126 35 “After
286 441 183 38 stumpage
494 436 127 34 arrives
648 441 36 29 at
711 436 58 34 the
795 436 72 34 mill
894 437 26 34 it
946 436 27 34 is
1000 436 122 35 moved
1148 436 149 44 through
1324 447 19 24 a

133 486 205 33 continuous
350 496 134 33 process
496 486 76 34 that
583 485 167 43 produces
761 496 44 23 an
816 486 65 34 end
892 486 106 34 result
1008 486 39 34 of
1054 486 145 35 finished
1211 486 133 35 lumber

134 535 68 34 and
222 535 231 44 high-quality
470 535 131 44 chips.”
622 535 96 35 With
737 535 122 43 regard
878 541 35 29 to
930 536 93 34 what
1041 536 27 34 is
1087 537 195 42 essentially
1299 547 44 23 an

135 585 91 34 issue
236 584 39 34 of
284 584 82 41 fact,
378 596 50 23 we
438 591 127 29 cannot
576 596 61 32 say
648 585 76 35 that
734 585 59 35 the
803 585 224 35 chancellor’s
1038 585 131 44 finding
1180 586 27 34 is
1218 586 127 43 clearly

135 645 194 24 erroneous.
360 635 155 41 Further,
543 636 60 34 the
628 646 105 24 crane
759 635 96 44 plays
882 647 20 23 a
930 641 78 38 part
1034 642 60 28 not
1120 636 79 44 only
1226 636 34 35 in
1286 636 59 34 the

135 684 244 35 manufacture
390 684 39 35 of
438 685 58 34 the
507 686 97 43 chips
616 685 63 35 but
691 686 72 34 also
775 685 34 34 in
820 686 59 34 the
890 685 204 44 production
1106 686 39 34 of
1154 686 143 41 lumber,
1310 686 34 34 in

135 735 77 34 that
225 745 20 24 a
258 734 206 35 substantial
477 741 78 38 part
567 734 38 36 of
615 735 60 34 the
687 740 182 39 stumpage
881 736 76 34 that
970 736 59 34 the
1041 746 104 24 crane
1156 736 72 34 lifts
1240 742 35 29 to
1287 736 59 34 the

135 790 123 38 cut-up
273 784 88 35 deck
376 785 27 34 is
418 784 73 35 first
507 791 59 29 cut
581 790 36 29 to
632 786 127 43 sawlog
775 785 117 43 length
908 785 97 35 there
1020 786 68 34 and
1104 786 82 34 then
1202 786 27 34 is
1244 786 102 34 made

136 834 73 34 into
229 834 134 35 lumber
384 840 35 29 at
439 835 59 34 the
518 835 145 34 sawmill
684 835 228 44 department.

1275 245 66 34 607

227 916 75 34 The
318 916 270 35 Commissioner
604 917 73 34 also
693 928 123 32 argues
832 917 76 35 that
924 928 83 23 even
1024 917 131 43 though
1171 918 59 34 the
1244 928 103 24 crane

137 977 81 32 may
227 966 80 44 play
316 977 20 23 a
346 971 77 39 part
431 966 34 34 in
474 966 60 35 the
542 966 245 35 manufacture
795 967 39 34 of
840 967 134 34 lumber
983 967 69 34 and
1060 967 108 44 chips,
1178 968 58 34 the
1244 978 103 24 crane

136 1016 28 34 is
179 1022 59 28 not
252 1016 84 34 used
351 1016 189 44 “directly”
555 1017 35 34 in
604 1017 293 43 manufacturing.
913 1017 143 35 Deltic’s
1071 1017 108 44 proof,
1194 1017 111 35 which
1319 1018 27 34 is

137 1071 60 29 not
213 1065 249 41 contradicted,
479 1066 111 34 shows
607 1072 114 38 pretty
737 1067 127 43 clearly
881 1067 77 34 that
974 1067 60 34 the
1050 1067 144 35 sawmill
1211 1067 136 45 depart-

138 1121 95 29 ment
251 1116 101 34 could
371 1121 58 29 not
447 1122 141 37 operate
605 1116 145 35 without
768 1116 58 34 the
844 1116 257 35 merchandiser
1118 1116 229 45 department,

137 1165 69 34 and
215 1165 75 34 vice
298 1176 107 24 versa.
416 1166 74 33 The
499 1166 197 34 chancellor
705 1166 179 34 described
894 1167 58 34 the
962 1167 110 34 whole
1081 1167 115 34 Deltic
1205 1167 96 43 plant
1310 1178 38 23 as

137 1225 45 23 an
203 1215 194 42 integrated
417 1215 189 43 operation.
629 1216 64 33 His
713 1215 100 35 order
833 1226 80 33 goes
933 1226 44 23 on
998 1221 35 29 to
1053 1227 71 32 say:

353 1297 74 33 The
448 1307 61 23 use
531 1296 39 35 of
589 1296 189 43 low-grade
800 1302 182 39 stumpage
1006 1297 223 43 (tree-length
1251 1298 96 43 pulp-

262 1345 114 43 wood)
404 1346 149 43 through
580 1346 60 34 the
666 1346 256 35 merchandiser
949 1347 27 33 is
1004 1357 181 33 necessary
1211 1347 53 35 for
1290 1347 59 34 the

263 1395 192 35 economics
473 1401 35 29 to
526 1396 100 34 allow
644 1396 59 34 the
721 1396 95 44 plant
833 1401 35 30 to
886 1402 141 38 operate
1044 1396 69 35 and
1130 1397 143 35 without
1290 1397 59 34 the

264 1445 256 36 merchandiser
535 1446 191 44 operating,
743 1446 59 34 the
817 1446 183 45 Company
1014 1446 102 36 could
1132 1452 58 30 not
1206 1447 53 35 for
1274 1458 74 24 eco-

264 1496 113 34 nomic
401 1507 138 24 reasons
561 1496 125 44 justify
710 1496 200 44 continuing
935 1502 35 29 to
994 1502 142 39 operate
1159 1497 59 35 the
1242 1497 105 45 plant.

264 1546 157 34 Without
432 1546 59 34 the
502 1546 258 34 merchandiser
771 1546 219 43 department
1001 1547 59 34 the
1071 1547 97 43 plant
1178 1547 101 35 could
1290 1553 59 28 not

263 1606 61 22 use
337 1595 187 42 low-grade
537 1601 184 37 stumpage
734 1595 93 34 since
839 1596 59 34 the
911 1596 84 34 time
1008 1596 149 34 element
1170 1597 34 33 in
1217 1596 133 43 cutting

263 1644 59 34 the
338 1650 183 37 stumpage
537 1644 113 34 would
668 1645 43 34 be
727 1650 57 29 too
800 1650 108 37 great,
926 1645 81 34 slow
1025 1645 99 34 down
1141 1645 59 34 the
1216 1645 134 35 lumber

262 1693 219 44 department
496 1694 190 44 operation,
702 1694 68 35 and
785 1694 109 35 divert
910 1705 175 25 resources
1100 1694 90 35 from
1205 1695 143 44 produc-

263 1743 58 43 ing
341 1743 146 35 finished
507 1744 146 34 lumber.
681 1772 7 6 .
716 1772 6 6 .
751 1771 6 7 .

355 1825 203 35 Economics
579 1825 137 44 require
736 1825 76 35 that
833 1826 59 34 the
912 1825 258 36 merchandiser
1191 1827 42 34 be
1253 1837 96 33 oper-

263 1874 92 41 ated,
368 1874 68 35 and
448 1875 145 34 without
605 1875 27 34 it
644 1876 153 42 working
809 1876 82 34 with
903 1875 60 35 the
975 1881 69 29 rest
1055 1875 40 35 of
1104 1876 59 34 the
1175 1877 95 42 plant
1282 1876 34 34 in
1329 1888 20 22 a

264 1924 215 40 continuous,
496 1925 343 42 well-synchronized
856 1925 189 43 operation,
1062 1926 60 33 the
1139 1931 73 28 cost
1228 1925 38 34 of
1280 1936 69 23 raw

264 1973 176 34 materials
453 1974 113 33 would
580 1973 42 34 be
635 1978 57 29 too
706 1974 82 41 high
801 1978 35 29 to
849 1974 99 34 allow
961 1974 59 34 the
1033 1975 97 42 plant
1142 1979 36 29 to
1190 1974 161 34 continue

264 2027 35 29 to
319 2027 149 38 operate.
497 2050 6 6 .
532 2050 6 6 .
567 2050 5 7 .

355 2104 204 35 Economics
588 2104 113 35 would
730 2109 59 31 not
817 2105 99 35 allow
945 2105 59 35 the
1032 2105 256 36 merchandiser
1316 2111 36 30 to

264 2161 141 38 operate
414 2155 145 36 without
569 2155 60 36 the
638 2167 62 24 use
709 2156 39 35 of
755 2155 59 36 the
824 2167 113 24 crane.
948 2156 75 35 The
1032 2157 153 44 primary
1195 2156 156 36 function

264 2205 40 35 of
312 2206 58 34 the
381 2217 104 23 crane
496 2206 27 35 is
535 2212 36 29 to
583 2217 201 24 commence
795 2207 59 34 the
865 2207 283 42 manufacturing
1160 2218 135 32 process
1307 2207 45 43 by

265 2256 139 42 moving
417 2261 184 38 stumpage
616 2255 91 35 from
722 2257 59 33 the
796 2261 136 38 storage
948 2267 81 23 area
1044 2261 82 29 onto
1141 2257 59 33 the
1214 2257 88 33 deck
1316 2256 39 34 of

265 2305 60 33 the
335 2304 257 35 merchandiser
603 2305 114 34 where
728 2305 207 42 tree-length
946 2310 184 38 stumpage
1141 2305 27 34 is
1179 2311 68 28 cut.
1276 2332 6 6 .
1310 2332 6 6 .
1344 2333 7 6 .

357 2386 30 33 It
412 2385 28 34 is
466 2385 58 34 the
549 2385 139 44 opinion
714 2384 39 35 of
775 2385 67 34 this
869 2386 110 34 Court
1004 2386 77 34 that
1106 2385 59 34 the
1190 2396 103 24 crane
1317 2386 35 33 in
