1664 2693
300 264 67 33 312

389 1514 86 35 Neil
497 1517 34 32 V.
553 1514 163 41 Pennick,
737 1514 54 34 for
811 1514 187 44 appellant.

389 1594 105 34 Steve
508 1593 120 42 Clark,
642 1593 99 44 Att’y
753 1593 100 41 Gen.,
867 1593 55 44 by:
939 1593 94 35 Clint
1045 1592 134 42 Miller,
1193 1594 93 33 Asst.
1299 1593 100 43 Att’y
1412 1592 100 41 Gen.,

300 1644 53 34 for
374 1643 164 44 appellee.

391 1723 74 33 Per
478 1723 164 34 Curiam.

656 1722 189 44 Appellant
856 1733 71 23 was
939 1721 152 44 charged
1103 1721 35 34 in
1154 1723 87 33 1983
1255 1722 83 34 with
1350 1721 163 43 burglary

300 1772 68 35 and
380 1772 101 42 being
492 1784 44 23 an
547 1772 157 35 habitual
714 1771 166 35 offender.
892 1773 33 33 A
935 1772 96 34 week
1039 1772 88 34 later
1137 1771 44 35 he
1190 1783 70 23 was
1270 1770 150 44 charged
1430 1770 82 35 with

300 1833 20 23 a
333 1821 125 35 second
470 1821 173 44 burglary.
658 1823 55 33 He
724 1821 139 35 refused
875 1833 44 23 an
930 1822 88 34 offer
1029 1821 39 34 of
1076 1832 21 23 a
1107 1821 79 44 plea
1198 1821 144 43 bargain
1354 1820 159 43 whereby

300 1871 43 34 he
360 1871 113 34 would
491 1871 101 44 plead
610 1871 109 43 guilty
737 1870 69 35 and
823 1870 44 36 be
884 1870 185 35 sentenced
1086 1876 36 29 to
1140 1875 58 30 ten
1216 1882 98 32 years
1332 1870 179 44 imprison-

300 1926 105 29 ment.
433 1921 56 33 He
514 1932 69 23 was
609 1920 246 44 subsequently
880 1920 88 35 tried
994 1920 120 34 before
1138 1931 21 23 a
1181 1920 80 44 jury
1286 1931 43 23 on
1355 1920 59 34 the
1438 1920 75 33 first

300 1970 164 43 burglary
479 1971 127 42 charge
621 1970 69 34 and
706 1970 189 35 convicted.
912 1971 57 33 An
985 1969 179 35 enhanced
1179 1975 160 29 sentence
1354 1969 39 35 of
1405 1969 108 43 thirty

300 2031 98 32 years
411 2020 262 43 imprisonment
685 2019 68 35 and
765 2030 20 23 a
798 2020 152 41 $15,000
961 2020 69 34 fine
1040 2030 90 23 were
1141 2019 164 44 imposed.
1317 2020 59 33 No
1388 2019 124 43 appeal

300 2080 69 24 was
380 2070 115 34 taken.
508 2071 56 33 He
574 2069 146 44 pleaded
730 2069 110 43 guilty
850 2074 36 30 to
896 2069 60 35 the
965 2068 126 36 second
1102 2068 164 45 burglary
1275 2069 127 42 charge
1412 2068 69 35 and
1492 2079 20 23 a

300 2124 161 30 sentence
475 2119 39 35 of
524 2119 119 35 fifteen
657 2130 99 33 years
769 2129 70 25 was
853 2119 156 44 imposed
1022 2124 36 29 to
1071 2119 44 34 be
1127 2118 119 35 served
1259 2123 205 30 concurrent
1478 2123 35 29 to

300 2169 59 35 the
379 2169 206 44 thirty-year
604 2174 171 30 sentence.

392 2249 38 33 In
451 2248 86 35 1985
554 2248 177 44 appellant
746 2247 80 35 filed
842 2259 20 24 a
878 2248 120 43 timely
1013 2247 145 44 petition
1174 2247 53 35 for
1242 2247 270 44 postconviction

300 2297 101 35 relief
409 2303 168 38 pursuant
588 2303 36 29 to
635 2298 85 34 Ark.
733 2298 42 34 R.
789 2297 109 35 Crim.
911 2299 36 33 P.
960 2298 91 34 Rule
1063 2298 55 40 37,
1130 2298 139 42 seeking
1281 2297 130 34 release
1422 2296 91 35 from

300 2348 125 43 prison.
446 2348 103 34 After
569 2359 20 23 a
610 2348 143 42 hearing
772 2358 44 23 on
837 2348 205 44 appellant’s
1062 2347 155 44 petition,
1238 2347 59 34 the
1316 2347 79 34 trial
1414 2351 99 29 court

300 2397 124 35 denied
445 2397 45 35 all
511 2397 108 35 relief.
641 2397 189 44 Appellant
850 2397 117 43 brings
987 2397 68 34 this
1076 2397 134 43 appeal.
