1648 2680
306 270 67 33 514

395 1618 94 36 John
513 1620 46 33 W.
580 1618 125 41 Settle,
726 1618 53 35 for
800 1618 176 44 appellant
995 1617 169 43 Santiago
1184 1617 168 34 Sanchez.

395 1698 117 34 David
530 1700 36 32 L.
590 1697 165 41 Gibbons,
776 1697 54 34 for
850 1697 176 43 appellant
1046 1697 97 42 Gary
1163 1696 89 34 Dale
1271 1696 210 34 Piercefield.

395 1777 105 33 Steve
514 1776 120 40 Clark,
647 1776 100 43 Att’y
759 1776 100 40 Gen.,
872 1775 55 43 by:
944 1775 94 34 Clint
1050 1775 134 40 Miller,
1197 1776 94 33 Asst.
1304 1775 99 42 Att’y
1416 1775 100 40 Gen.,

306 1825 53 35 for
379 1825 165 44 appellee.

396 1905 180 34 Darrell
586 1906 198 39 Hickman,
795 1904 141 35 Justice.

948 1904 113 34 When
1072 1903 59 35 the
1140 1903 111 44 police
1261 1903 106 35 broke
1376 1903 72 34 into
1457 1903 60 34 the

305 1960 198 38 apartment
514 1954 40 35 of
562 1954 87 35 Toni
662 1954 186 35 Needham
860 1954 35 34 in
908 1955 81 33 Fort
1001 1954 126 40 Smith,
1140 1954 190 40 Arkansas,
1343 1964 44 24 an
1400 1958 117 39 empty

305 2005 67 34 box
383 2004 39 35 of
431 2004 131 35 freezer
574 2004 85 43 bags
670 2015 100 23 came
781 2004 106 43 flying
899 2004 100 34 down
1010 2004 60 34 the
1081 2004 101 34 stairs
1194 2003 69 35 and
1274 2014 162 24 someone
1446 2014 70 23 was

305 2053 107 35 heard
439 2054 148 42 running
614 2054 118 34 above.
760 2054 74 33 The
860 2053 134 34 officers
1020 2058 91 29 went
1137 2053 149 43 upstairs
1313 2052 69 35 and
1409 2052 107 35 found

305 2103 176 44 appellant
491 2103 168 43 Santiago
669 2103 158 34 Sanchez
837 2102 69 35 and
917 2102 123 35 Bernie
1050 2103 94 34 Netz
1153 2103 35 33 in
1198 2113 20 24 a
1229 2102 165 34 bedroom
1404 2102 82 34 with
1496 2113 20 23 a

305 2153 160 44 quantity
482 2152 39 35 of
535 2153 115 43 illegal
668 2152 104 44 drugs
790 2152 69 35 and
877 2152 88 43 drug
983 2152 276 44 paraphernalia.
1277 2152 84 34 This
1379 2152 28 34 is
1424 2151 92 35 what

305 2203 81 44 they
407 2203 118 35 found:
548 2214 20 24 a
589 2208 51 30 set
660 2202 40 35 of
717 2203 108 34 scales
847 2202 68 35 and
936 2213 20 24 a
977 2202 88 35 bowl
1086 2202 83 35 with
1190 2213 20 24 a
1230 2202 185 34 substance
1435 2201 35 35 in
1490 2201 26 35 it

305 2253 177 35 identified
505 2264 37 24 as
565 2252 368 45 methamphetamine,
956 2264 20 23 a
998 2252 190 35 controlled
1210 2252 196 41 substance,
1429 2262 88 24 were

305 2303 108 35 found
422 2314 44 24 on
476 2314 20 24 a
505 2303 104 35 table.
619 2303 158 35 Another
786 2302 76 35 dish
871 2303 83 34 with
964 2302 358 44 methamphetamine
1329 2313 71 23 was
1409 2301 108 35 found

305 2364 44 24 on
364 2364 19 24 a
398 2358 161 30 mattress
574 2364 44 23 on
632 2353 59 35 the
705 2353 95 35 floor.
816 2354 40 33 In
870 2364 20 23 a
905 2358 89 35 coat,
1010 2353 93 43 lying
1117 2363 44 24 on
1175 2353 60 34 the
1248 2352 78 41 bed,
1341 2363 69 23 was
1425 2363 20 23 a
1462 2353 55 33 .32

305 2403 129 34 caliber
446 2402 295 35 semi-automatic
752 2402 101 44 pistol
865 2402 83 34 with
959 2413 102 23 seven
1073 2402 65 34 live
1149 2402 127 34 rounds
1288 2402 103 42 along
1402 2401 82 34 with
1497 2412 20 23 a
