1648 2696
124 412 115 34 action
252 412 111 35 which
377 412 121 35 should
512 413 43 34 be
567 412 88 35 tried
669 413 34 34 in
716 424 20 23 a
749 413 64 34 law
826 418 109 29 court.
948 414 34 33 A
994 413 131 34 motion
1138 418 35 29 to
1185 412 149 35 transfer

124 473 69 23 was
212 462 103 35 made
331 462 34 34 in
382 463 59 34 the
457 462 204 35 alternative
677 468 36 29 to
729 462 182 35 dismissal.
930 462 206 44 Essentially
1152 473 65 24 one
1233 473 100 32 argu-

124 518 96 29 ment
235 512 27 35 is
278 512 102 35 made
394 523 43 24 on
451 513 135 43 appeal:
602 512 59 35 the
675 513 170 43 chancery
860 518 98 29 court
972 512 122 35 lacked
1105 512 228 44 jurisdiction.

123 563 76 33 The
208 562 120 35 record
339 562 179 44 presented
529 568 35 29 to
574 573 39 24 us
623 573 44 24 on
677 562 123 44 appeal
810 563 144 34 consists
964 562 39 35 of
1009 563 59 34 the
1077 562 189 44 pleadings,
1276 563 59 34 the

124 612 101 35 order
241 612 39 35 of
293 613 59 34 the
367 618 108 35 court,
493 612 68 35 and
578 623 96 24 some
689 612 39 35 of
740 613 59 34 the
814 613 225 34 chancellor’s
1055 613 154 34 remarks
1225 618 36 29 at
1276 613 59 34 the

124 662 93 35 close
231 662 39 35 of
282 663 59 34 the
355 673 88 24 case.
460 662 112 35 Based
587 673 44 24 on
646 663 59 34 the
720 663 118 34 record
854 662 68 35 and
937 668 200 38 arguments
1152 662 118 35 before
1283 674 51 30 us,

125 713 59 34 the
194 713 171 43 chancery
375 718 97 29 court
482 712 59 35 did
552 718 59 29 not
621 713 87 34 have
714 712 229 44 jurisdiction,
954 712 68 35 and
1033 713 59 34 the
1101 723 103 24 cause
1214 713 122 34 should

126 763 88 34 have
234 763 86 34 been
341 762 210 35 transferred
572 768 35 29 to
627 763 60 34 the
706 763 122 34 circuit
848 768 108 29 court.

1265 272 66 33 265

311 840 79 34 Toa
400 840 95 42 large
504 844 117 30 extent
630 850 51 23 we
689 844 126 30 cannot
824 850 61 33 say
894 839 93 35 what
995 844 140 39 posture
1143 839 59 34 the
1210 839 127 44 parties

127 890 82 33 took
233 889 124 43 during
382 889 58 34 the
463 889 80 34 trial
568 889 184 43 regarding
776 889 59 34 the
858 889 101 34 relief
980 889 193 44 requested,
1198 900 139 33 prayers

128 938 182 41 amended,
337 949 37 24 or
400 939 59 34 the
484 938 90 35 facts
600 939 138 43 proved,
765 939 147 34 because
937 950 51 23 we
1013 938 45 35 do
1083 944 60 29 not
1168 939 87 34 have
1280 939 59 34 the

128 989 186 43 transcript
333 988 39 34 of
387 989 59 33 the
465 988 196 44 testimony.
683 989 65 34 We
766 994 127 29 cannot
912 999 160 33 presume
1091 988 99 35 facts.
1211 989 65 34 We
1294 988 44 35 do

129 1038 99 34 know
250 1038 76 34 that
346 1038 59 34 the
425 1038 189 43 complaint
635 1038 154 34 sounded
810 1038 34 34 in
865 1043 160 39 trespass.
1047 1038 75 34 The
1142 1038 79 34 trial
1241 1043 98 29 court

129 1087 108 35 found
249 1093 160 38 trespass,
421 1087 140 35 entered
573 1098 45 24 an
630 1088 201 42 injunction,
843 1087 69 35 and
923 1087 211 35 transferred
1145 1088 59 34 the
1214 1098 79 24 case
1303 1093 36 29 to

129 1138 59 33 the
210 1138 122 34 circuit
354 1143 98 29 court
474 1143 35 29 to
532 1138 84 34 hear
637 1138 60 34 the
718 1137 165 43 damages
905 1137 101 35 issue.
1029 1138 75 34 The
1125 1138 157 43 question
1304 1137 39 35 of

129 1187 154 34 whether
302 1198 20 23 a
340 1192 98 29 court
456 1187 62 34 has
534 1187 219 43 jurisdiction
771 1198 78 23 over
867 1188 60 34 the
944 1187 135 43 subject
1097 1192 126 30 matter
1241 1187 39 34 of
1295 1198 45 24 an

130 1237 115 34 action
272 1237 28 34 is
325 1237 214 34 determined
566 1236 91 35 from
682 1237 60 35 the
767 1237 203 43 allegations
996 1237 34 34 in
1057 1237 59 35 the
1141 1237 198 44 complaint.

129 1288 191 43 Scroggins
338 1298 31 23 v.
389 1288 135 40 Bowen,
546 1288 68 33 249
635 1287 85 34 Ark.
746 1288 98 40 1155,
865 1288 69 33 464
954 1286 144 35 S.W.2d
1119 1288 43 33 79
1185 1286 136 44 (1971).

316 1364 39 33 In
366 1363 67 35 this
445 1374 79 24 case
535 1364 60 34 the
604 1364 81 43 only
696 1363 92 35 basis
800 1363 52 35 for
863 1364 172 42 chancery
1042 1363 218 43 jurisdiction
1271 1374 69 23 was

131 1424 20 23 a
163 1418 138 38 request
311 1413 53 34 for
374 1413 94 43 quiet
478 1413 86 34 title.
577 1414 68 33 But
655 1413 98 34 there
762 1423 69 24 was
842 1424 44 23 no
896 1413 186 43 allegation
1093 1413 39 34 of
1140 1413 200 43 possession,

131 1473 21 23 a
165 1463 225 43 prerequisite
403 1462 52 35 for
468 1463 85 34 such
567 1474 20 23 a
600 1473 105 24 cause
717 1462 39 35 of
766 1463 124 34 action.
904 1462 152 35 Ralston
1067 1474 31 22 v.
1112 1464 146 38 Powers,
1274 1463 67 34 269

131 1512 85 34 Ark.
238 1513 55 40 63,
315 1513 64 34 598
401 1512 142 35 S.W.2d
563 1513 69 34 410
653 1512 137 43 (1980).
810 1512 75 35 The
903 1512 196 35 chancellor
1118 1512 34 34 in
1172 1512 52 35 his
1243 1512 99 35 order

132 1562 108 35 found
258 1562 44 35 he
319 1562 68 35 had
401 1562 230 44 jurisdiction,
649 1563 63 34 but
729 1563 60 34 the
806 1562 119 35 record
943 1562 28 35 is
988 1562 122 35 devoid
1128 1562 39 35 of
1181 1573 44 24 an
1243 1562 99 35 order

132 1613 177 43 reflecting
322 1624 67 32 any
401 1613 134 43 change
547 1613 35 34 in
595 1613 59 35 the
666 1613 203 43 allegations
882 1618 35 29 to
929 1613 60 34 the
1000 1613 189 44 complaint
1201 1612 140 35 amend­

132 1663 57 43 ing
210 1663 59 35 the
290 1663 86 35 fatal
396 1663 125 35 defect.

224 1740 31 34 It
278 1740 28 34 is
329 1740 196 43 significant
548 1740 34 34 in
605 1740 68 34 this
697 1750 80 24 case
799 1740 76 34 that
897 1740 59 34 the
979 1740 172 44 appellees
1174 1739 102 35 made
1299 1751 44 23 an

132 1794 150 39 attempt
295 1795 35 29 to
343 1790 218 43 supplement
574 1789 59 35 the
646 1789 120 35 record
780 1789 89 35 after
882 1789 60 34 the
954 1789 204 44 appellants’
1173 1789 91 35 brief
1274 1800 69 23 was

133 1838 80 35 filed
223 1839 164 43 claiming
398 1839 76 34 that
484 1839 59 34 the
553 1839 121 34 record
684 1839 80 34 filed
774 1839 82 34 with
867 1839 59 34 the
935 1844 99 29 court
1044 1839 82 34 does
1136 1844 59 29 not
1205 1839 138 34 contain

134 1889 45 33 all
197 1888 59 35 the
273 1899 179 33 necessary
470 1888 189 44 pleadings.
677 1889 59 34 No
753 1894 186 29 statement
955 1899 70 24 was
1042 1888 103 35 made
1162 1888 182 43 regarding

133 1938 94 34 what
248 1938 139 44 specific
408 1938 179 44 pleadings
608 1949 38 23 or
668 1938 117 35 orders
806 1949 89 23 were
916 1938 122 35 absent
1060 1938 69 34 and
1150 1938 92 34 what
1264 1938 81 44 they

134 1988 113 34 would
268 1988 103 34 show.
392 1988 74 34 The
486 1988 193 44 appellants
700 1988 130 43 argued
850 1988 209 44 specifically
1078 1988 60 34 the
1157 1988 188 43 complaint

135 2037 106 35 failed
255 2043 35 29 to
304 2038 110 42 allege
426 2038 202 43 possession.
645 2038 65 34 We
722 2037 124 35 denied
859 2038 59 34 the
931 2038 131 34 motion
1076 2037 148 35 because
1236 2037 26 34 it
1275 2048 70 24 was

134 2087 179 43 untimely.
336 2088 31 33 It
387 2098 69 23 was
477 2087 59 34 the
557 2087 172 44 appellees
749 2088 77 33 that
845 2087 104 34 chose
969 2087 59 34 the
1048 2087 115 34 forum
1184 2087 53 34 for
1257 2087 88 34 their

134 2137 127 40 action,
283 2136 68 34 and
372 2137 81 43 they
473 2136 106 35 failed
600 2142 35 29 to
656 2137 111 42 allege
786 2136 89 35 facts
896 2136 225 43 establishing
1140 2136 60 34 the
1219 2136 126 34 court’s

131 2186 230 43 jurisdiction.

227 2262 183 35 Reversed.

227 2339 160 41 Purtle,
408 2339 42 41 J.,
472 2344 59 29 not
551 2338 255 45 participating.

228 2416 170 40 Dudley,
419 2416 43 40 J.,
483 2426 154 24 concurs.
