1656 2688
302 409 93 34 since
410 409 51 34 his
477 409 76 43 plea
569 414 85 29 rests
669 419 91 33 upon
776 409 51 34 his
843 408 187 35 admission
1045 409 34 34 in
1094 419 87 33 open
1196 414 98 28 court
1308 408 76 35 that
1399 408 43 34 he
1455 408 58 34 did

302 459 59 34 the
381 464 57 29 act
458 459 82 34 with
561 459 111 34 which
694 459 43 34 he
757 459 26 34 is
804 458 186 43 charged.”

304 269 65 33 378

486 535 74 34 The
581 535 176 44 prejudice
777 535 233 43 requirement
1030 535 62 33 has
1114 539 59 29 not
1193 534 87 34 been
1301 539 71 29 met
1392 534 34 34 in
1446 534 67 34 this

303 586 165 34 instance.
483 585 65 34 We
559 584 44 35 do
616 590 59 29 not
688 584 71 35 find
771 584 26 35 it
810 595 181 33 necessary
1003 589 36 30 to
1050 584 192 34 determine
1254 584 152 34 whether
1418 584 96 34 there

303 646 80 32 may
409 636 86 33 have
520 635 86 34 been
631 635 195 34 ineffective
850 634 189 35 assistance
1063 645 43 23 on
1131 634 59 35 the
1214 639 78 39 part
1316 634 39 34 of
1376 634 138 34 counsel

303 685 148 34 because
465 685 59 34 the
537 685 211 43 petitioner’s
762 684 203 43 allegations
979 695 60 24 are
1052 684 207 34 insufficient
1273 689 35 29 to
1321 684 121 43 satisfy
1456 684 58 34 the

302 734 209 35 Strickland
520 734 232 43 requirement
762 734 39 34 of
809 733 233 44 “prejudice”.
1053 734 68 33 See
1131 733 87 39 also,
1235 733 115 35 Welch
1360 745 30 22 v.
1401 734 112 40 State,

304 785 65 33 283
387 784 84 33 Ark.
489 784 78 40 281,
585 784 65 33 675
667 783 143 34 S.W.2d
827 784 63 33 641
912 783 138 43 (1984),
1065 783 186 43 rehearing
1264 782 133 35 denied.
1414 783 99 34 Like­

303 833 90 41 wise,
404 833 59 34 the
472 833 119 34 record
601 833 69 34 and
679 833 73 34 files
761 833 44 34 do
815 838 59 29 not
883 838 142 38 support
1034 833 59 34 the
1102 833 210 43 proposition
1322 833 75 34 that
1406 832 109 35 under

303 894 67 33 any
385 883 253 35 circumstance
652 883 59 34 the
726 883 183 44 petitioner
924 882 113 35 would
1052 883 87 34 have
1154 882 78 45 pled
1248 887 60 30 not
1322 882 110 44 guilty
1446 882 68 35 and

303 934 141 34 insisted
461 944 44 24 on
522 933 102 44 going
642 939 35 29 to
694 933 89 42 trial,
801 944 61 24 nor
879 933 81 35 does
977 933 183 44 petitioner
1177 933 110 43 allege
1304 944 67 33 any
1388 933 126 44 special

302 984 254 35 consideration
576 984 76 34 that
673 984 110 43 might
803 989 142 39 support
965 984 68 34 this
1053 983 209 35 conclusion.
1284 984 153 34 Because
1456 983 59 35 the

303 1034 182 43 petitioner
507 1034 78 34 fails
607 1039 35 29 to
664 1034 110 42 allege
794 1034 59 34 the
874 1033 82 34 kind
977 1033 40 35 of
1035 1033 221 44 “prejudice”
1279 1044 180 32 necessary
1480 1039 35 28 to

303 1083 122 43 satisfy
439 1084 59 33 the
512 1083 126 34 second
653 1083 77 34 half
741 1083 39 34 of
791 1083 59 34 the
863 1082 209 35 Strickland
1085 1088 77 35 test,
1178 1083 59 34 the
1251 1083 79 34 trial
1344 1088 98 29 court
1456 1082 59 34 did

303 1137 59 29 not
378 1143 54 23 err
448 1132 35 34 in
499 1132 173 42 declining
689 1137 35 29 to
740 1132 80 34 hold
837 1143 20 23 a
874 1132 143 42 hearing
1033 1143 44 22 on
1093 1132 212 43 petitioner’s
1321 1132 195 33 ineffective

303 1181 189 34 assistance
511 1181 39 34 of
567 1181 139 34 counsel
727 1181 114 34 claim.

393 1258 74 33 The
489 1257 176 44 appellant
687 1257 73 35 also
781 1257 121 34 claims
925 1257 76 34 that
1023 1257 53 34 his
1098 1257 110 43 guilty
1229 1257 94 43 pleas
1346 1268 89 23 were
1456 1262 59 29 not

301 1307 208 43 voluntarily
526 1307 140 35 entered
684 1307 148 34 because
848 1307 44 34 he
908 1317 70 24 was
995 1306 143 35 coerced
1156 1306 44 44 by
1217 1307 59 34 the
1292 1307 79 34 trial
1388 1307 126 34 court’s

302 1357 115 34 denial
438 1357 40 34 of
496 1357 52 34 his
570 1357 131 34 motion
723 1356 53 35 for
798 1357 239 34 continuance.
1060 1356 75 35 The
1156 1357 176 43 appellant
1353 1356 81 35 does
1456 1362 59 29 not

302 1407 180 42 challenge
495 1407 59 33 the
567 1407 119 33 merits
699 1406 39 34 of
749 1406 58 34 the
820 1406 115 34 denial
948 1406 39 34 of
998 1406 52 34 his
1064 1406 131 34 motion
1208 1406 54 34 for
1275 1406 239 34 continuance.

303 1457 144 39 Rather,
460 1456 44 34 he
515 1466 123 32 argues
650 1456 27 34 it
688 1467 70 23 was
770 1467 20 23 a
803 1456 154 34 coercive
968 1455 113 35 factor
1092 1456 34 33 in
1139 1456 52 34 his
1203 1455 152 34 decision
1367 1461 35 29 to
1414 1455 101 44 plead

302 1505 120 43 guilty.
435 1505 189 44 Appellant
636 1505 186 34 maintains
835 1506 87 40 that,
935 1505 149 34 because
1095 1505 39 34 of
1142 1505 60 34 the
1213 1505 125 40 denial,
1351 1504 44 35 he
1406 1505 109 34 either

303 1554 69 35 had
389 1559 35 30 to
441 1565 43 33 go
501 1560 35 29 to
553 1555 79 34 trial
650 1555 82 34 with
749 1566 44 23 an
811 1554 217 45 unprepared
1045 1560 159 38 attorney
1221 1565 38 24 or
1276 1553 101 45 plead
1394 1553 119 45 guilty.

486 1632 74 34 The
581 1631 114 36 denial
717 1631 39 35 of
774 1643 20 23 a
816 1632 131 34 motion
968 1631 54 35 for
1043 1631 230 35 continuance
1294 1636 85 30 rests
1401 1631 34 35 in
1457 1631 59 35 the

302 1682 110 34 sound
422 1682 185 35 discretion
617 1682 40 34 of
664 1682 59 34 the
732 1682 79 34 trial
822 1687 99 29 court
931 1682 68 34 and
1009 1693 52 23 we
1070 1682 45 34 do
1125 1687 60 29 not
1195 1692 134 24 reverse
1338 1681 122 35 absent
1470 1692 44 24 an

302 1732 108 34 abuse
433 1732 39 34 of
493 1732 76 34 that
592 1732 195 34 discretion.
814 1732 111 34 Clark
947 1743 30 23 v.
1001 1732 114 40 State,
1140 1732 68 34 260
1232 1732 85 34 Ark.
1342 1732 79 40 479,
1447 1732 63 33 541

302 1782 143 34 S.W.2d
459 1782 65 34 683
541 1781 137 43 (1976).
693 1783 94 33 Here
799 1781 59 35 the
870 1781 120 34 record
1002 1781 253 35 demonstrates
1268 1781 59 34 the
1338 1781 176 44 appellant

302 1831 69 34 had
381 1831 117 34 eleven
509 1831 137 34 months
656 1836 36 29 to
702 1841 119 24 secure
830 1831 140 34 counsel
980 1831 69 34 and
1059 1841 146 34 prepare
1214 1830 53 35 for
1277 1831 89 41 trial,
1377 1830 68 35 and
1455 1831 59 34 the

302 1881 79 34 trial
391 1886 98 29 court
499 1880 107 35 found
616 1881 77 34 that
702 1881 176 43 appellant
888 1880 69 35 had
967 1880 156 35 retained
1132 1881 139 34 counsel
1280 1880 87 35 until
1377 1880 107 34 about
1493 1891 20 24 a

302 1930 121 34 month
438 1930 119 34 before
571 1930 59 34 the
644 1930 79 34 trial
737 1930 91 35 date.
844 1931 50 33 At
908 1930 77 34 that
999 1930 95 41 time,
1110 1930 176 44 appellant
1300 1930 140 34 notified
1455 1930 59 34 the

302 1985 98 29 court
409 1980 76 34 that
495 1980 51 34 his
556 1985 159 38 attorney
723 1991 69 23 was
802 1991 44 23 no
855 1980 119 43 longer
982 1980 236 43 representing
1227 1980 73 34 him
1308 1979 68 35 and
1385 1980 77 34 that
1471 1980 43 34 he

302 2029 113 34 would
437 2029 68 34 like
526 2029 85 34 time
632 2035 35 28 to
689 2029 75 35 hire
785 2040 20 24 a
827 2041 75 22 new
925 2034 168 39 attorney.
1117 2029 74 35 The
1212 2034 98 29 court
1332 2029 182 34 contacted

302 2079 176 44 appellant
487 2084 36 29 to
532 2090 56 23 see
597 2079 30 34 if
632 2079 44 34 he
685 2079 69 34 had
764 2079 142 35 secured
916 2079 272 44 representation
1198 2079 69 34 and
1276 2079 71 34 told
1357 2079 72 34 him
1437 2079 77 34 that

302 2140 20 23 a
341 2129 117 43 public
475 2129 166 34 defender
659 2129 101 34 could
779 2129 43 34 be
840 2129 187 44 appointed
1046 2129 54 34 for
1118 2129 83 34 him.
1221 2129 254 44 Subsequently
1493 2139 20 24 a

302 2179 116 43 public
438 2178 166 35 defender
623 2190 70 23 was
714 2178 196 44 appointed.

393 2256 65 33 We
470 2266 102 32 agree
584 2255 82 34 with
678 2255 59 35 the
748 2255 80 35 trial
839 2260 99 30 court
950 2255 76 35 that
1037 2255 60 34 the
1108 2255 120 35 record
1240 2255 186 35 illustrates
1438 2255 76 34 that

302 2316 67 32 any
378 2305 102 44 delay
489 2305 34 34 in
533 2305 179 43 obtaining
721 2306 140 34 counsel
870 2316 69 24 was
949 2305 129 35 caused
1087 2305 45 44 by
1141 2305 186 44 appellant.
1337 2305 83 34 This
1430 2304 83 42 fact,

301 2355 146 43 coupled
458 2355 82 34 with
552 2355 204 44 appellant’s
768 2355 145 34 election
925 2360 35 29 to
971 2355 102 44 plead
1083 2355 110 43 guilty
1204 2355 116 34 rather
1330 2355 84 34 than
1425 2365 43 32 go
1479 2360 35 29 to

302 2405 90 40 trial,
413 2404 140 35 renders
573 2405 68 34 this
662 2410 183 37 argument
865 2405 180 34 meritless.
