1664 2698
144 390 92 29 must
249 384 137 35 declare
398 384 88 35 their
498 395 95 33 gross
606 385 126 43 weight
744 384 54 35 for
810 385 107 34 travel
929 384 35 35 in
976 385 189 34 Arkansas.
1179 385 177 34 Arkansas

144 434 288 43 base-registered
450 435 148 34 vehicles
618 434 44 35 do
681 446 37 23 so
737 434 98 35 when
854 435 82 43 they
954 435 144 43 register
1117 434 34 35 in
1170 435 67 34 this
1257 439 99 30 state.

143 485 115 34 Those
279 485 177 34 Arkansas
477 484 148 35 vehicles
647 485 77 34 who
745 485 206 44 participate
972 485 35 34 in
1028 485 60 35 the
1109 485 248 34 International

144 534 237 43 Registration
397 534 84 35 Plan
500 533 110 44 (IRP)
629 534 137 35 declare
782 534 88 35 their
886 534 127 43 weight
1030 535 44 44 by
1090 545 20 24 a
1127 546 110 23 sworn
1253 540 103 29 state-

145 590 96 29 ment
254 595 44 23 on
312 585 59 34 the
385 585 77 34 IRP
475 584 222 44 application.
713 584 200 44 Obviously,
927 595 20 23 a
961 584 223 45 comparable
1197 590 160 39 opportu-

145 634 73 43 nity
240 645 70 23 was
333 634 130 35 needed
485 634 54 35 for
561 635 264 34 non-Arkansas
847 634 288 44 base-registered
1157 636 144 33 carriers
1323 640 36 29 to

144 684 139 35 declare
292 684 89 35 their
390 695 94 33 gross
494 684 137 44 weight.
643 684 74 35 The
727 684 172 44 Highway
909 685 231 43 Department
1150 685 208 35 established

145 745 21 24 a
185 734 215 36 mechanism
416 735 114 35 where
548 746 20 24 a
585 735 129 35 carrier
731 734 102 36 could
850 735 110 35 either
978 734 134 45 qualify
1130 735 68 35 and
1215 746 67 34 pay
1299 735 61 35 the

146 785 103 35 HUE
259 789 59 30 tax
328 796 38 23 or
377 785 160 44 formally
547 785 138 35 declare
695 796 20 24 a
726 796 95 33 gross
832 785 126 44 weight
969 785 108 35 below
1089 786 121 41 73,281
1226 786 132 44 pounds

145 835 69 34 and
227 835 119 34 obtain
360 846 19 23 a
393 835 72 34 free
476 835 168 44 specialty
657 836 128 34 carrier
796 835 109 35 decal.
919 835 75 35 The
1006 835 118 35 state’s
1137 835 141 35 interest
1290 835 35 34 in
1338 847 20 23 a

144 885 128 43 weight
283 884 212 36 declaration
507 885 91 35 from
609 885 46 34 all
666 885 117 35 trucks
795 885 180 43 travelling
986 896 45 23 on
1042 890 90 30 state
1143 885 176 43 highways
1330 886 28 34 is

146 939 180 39 apparent,
347 934 181 44 satisfying
549 935 59 34 the
628 935 74 34 first
722 945 108 33 prong
850 935 40 34 of
905 934 129 44 Brady.

1290 245 63 32 501

354 1014 49 33 As
419 1018 35 29 to
469 1014 60 34 the
543 1013 275 35 discrimination
834 1013 91 35 issue
940 1013 113 35 raised
1068 1013 110 35 under
1193 1014 59 34 the
1266 1014 93 34 third

145 1072 120 34 prong,
278 1062 45 34 all
335 1062 144 35 carriers
491 1063 87 34 have
588 1068 36 29 to
635 1063 82 34 take
728 1073 95 25 some
833 1063 206 35 affirmative
1050 1063 115 35 action
1176 1069 36 29 to
1223 1064 137 34 declare

146 1112 59 34 the
214 1112 127 42 weight
350 1112 39 34 of
396 1112 88 35 their
492 1112 160 35 vehicles.
664 1114 104 39 Here,
779 1113 97 34 ASH
883 1113 100 35 &TD
993 1113 69 35 had
1072 1112 59 36 the
1140 1113 175 43 authority
1324 1118 36 29 to

145 1161 220 44 promulgate
385 1162 42 35 its
448 1162 193 43 regulation
663 1162 69 35 and
752 1162 27 34 it
799 1162 27 35 is
847 1162 212 35 reasonable.
1081 1163 51 34 As
1153 1174 20 23 a
1194 1163 165 44 practical

145 1217 128 29 matter
297 1211 58 34 the
378 1212 215 34 mechanism
615 1211 54 35 for
692 1212 219 44 registration
934 1212 147 35 differed
1104 1212 53 34 for
1180 1213 180 34 interstate

145 1261 160 41 vehicles,
324 1266 56 39 yet
396 1261 59 35 the
471 1262 107 35 result
595 1272 70 24 was
682 1262 59 35 the
757 1272 106 31 same,
881 1262 145 35 without
1042 1261 117 36 undue
1175 1262 132 35 burden
1325 1267 35 30 to

146 1311 181 35 interstate
340 1322 204 24 commerce.
560 1312 136 44 During
709 1312 73 35 oral
796 1317 212 38 arguments,
1023 1312 183 45 appellees’
1221 1313 139 34 counsel

145 1361 183 44 explained
354 1362 77 35 that
456 1367 36 29 to
518 1362 204 44 implement
748 1362 219 43 registration
993 1362 218 44 procedures,
1238 1363 26 34 it
1289 1374 70 23 was

145 1422 183 33 necessary
342 1416 36 30 to
391 1411 119 35 utilize
523 1423 21 23 a
557 1412 133 34 certain
704 1412 113 44 policy
830 1412 125 43 during
969 1412 60 35 the
1042 1413 75 34 first
1130 1418 68 29 two
1211 1424 99 33 years
1323 1413 39 34 of

146 1461 220 43 registration
386 1460 89 36 after
495 1462 59 34 the
573 1466 57 30 act
650 1462 144 34 became
813 1462 168 41 effective,
1002 1462 167 41 however,
1189 1463 76 34 that
1284 1473 76 23 now

145 1510 99 35 there
261 1510 27 34 is
306 1521 44 24 no
366 1510 188 35 difference
571 1511 35 34 in
623 1511 219 43 registration
860 1511 54 35 for
930 1511 100 35 those
1046 1512 145 35 carriers
1208 1512 76 34 who
1301 1523 60 23 are

145 1559 174 35 members
331 1560 39 34 of
379 1560 87 35 IRP.
479 1560 98 44 They
588 1571 60 24 are
659 1561 173 43 presently
843 1561 145 35 allowed
999 1566 36 30 to
1046 1561 138 35 declare
1194 1562 59 34 the
1264 1572 95 32 gross

146 1610 127 43 weight
300 1609 39 35 of
363 1610 88 35 their
476 1610 149 35 vehicles
652 1610 99 35 when
779 1610 81 44 they
886 1611 144 42 register
1056 1611 35 35 in
1117 1611 99 34 other
1242 1616 117 30 states.

146 1659 179 41 Likewise,
349 1660 263 35 non-Arkansas
634 1660 287 43 base-registered
943 1661 157 41 carriers,
1122 1661 77 34 who
1221 1672 59 24 are
1301 1666 59 30 not

145 1709 174 35 members
330 1709 39 35 of
377 1710 87 40 IRP,
476 1710 69 35 still
556 1710 131 35 submit
697 1722 45 23 an
753 1710 154 36 affidavit
917 1722 38 23 as
966 1716 36 29 to
1012 1710 127 44 weight
1150 1711 69 34 and
1229 1711 132 35 receive

146 1770 20 23 a
184 1759 128 44 special
329 1759 127 35 carrier
473 1759 99 35 decal
589 1770 93 33 upon
699 1765 99 38 entry
814 1760 72 35 into
902 1761 190 34 Arkansas.
1109 1761 114 34 These
1238 1761 123 43 simple

145 1808 160 35 methods
317 1808 54 35 for
382 1809 144 34 carriers
538 1814 36 30 to
586 1809 138 35 declare
735 1820 95 33 gross
842 1810 127 43 weight
980 1810 40 34 of
1027 1810 149 34 vehicles
1187 1810 54 35 for
1252 1811 108 33 travel

145 1858 35 33 in
200 1858 179 34 Arkansas
400 1868 59 24 are
478 1858 375 44 non-discriminatory.

356 1936 54 43 (b)
422 1936 74 35 The
505 1936 169 46 specialty
683 1936 128 36 carrier
821 1942 110 30 status
941 1948 71 24 was
1021 1937 140 35 created
1172 1937 45 44 by
1226 1938 134 42 regula­

145 1986 73 35 tion
228 1985 68 36 and
307 1986 27 35 is
344 1986 161 36 awarded
514 1992 36 30 to
559 1987 146 35 carriers
715 1987 155 44 entering
880 1988 59 35 the
948 1992 90 31 state
1047 1987 77 36 who
1133 1999 59 24 are
1201 1988 159 44 carrying

145 2036 110 36 below
267 2037 122 41 73,281
404 2037 133 45 pounds
548 2048 38 24 or
598 2037 62 35 fall
670 2037 120 36 within
801 2049 20 24 a
832 2043 172 39 statutory
1014 2038 197 45 exemption
1222 2038 68 36 and
1301 2050 60 24 are

145 2087 81 35 thus
242 2092 61 30 not
319 2088 134 43 subject
467 2093 37 29 to
519 2088 61 35 the
596 2088 103 35 HUE
714 2093 70 30 tax.
800 2089 76 34 The
891 2089 167 44 specialty
1074 2089 128 35 carrier
1218 2089 98 35 decal
1331 2089 29 35 is

145 2137 101 42 given
260 2136 74 35 free
347 2142 35 29 to
395 2137 98 35 those
506 2137 145 35 carriers
666 2138 68 34 and
749 2138 116 34 allows
879 2139 97 34 them
989 2144 99 38 entry
1102 2138 72 35 into
1188 2139 59 34 the
1259 2144 100 29 state.

145 2186 207 44 Appellants
372 2187 148 34 contend
540 2187 60 34 the
618 2192 112 29 status
749 2198 70 23 was
839 2187 139 35 created
999 2188 45 43 by
1063 2188 194 42 regulation
1277 2199 83 23 even

145 2235 134 44 though
291 2236 59 34 the
362 2236 172 43 language
545 2236 40 35 of
593 2236 70 35 Act
676 2237 67 34 685
757 2236 81 35 does
850 2242 60 29 not
922 2237 141 43 provide
1075 2248 20 24 a
1108 2237 148 35 rational
1268 2237 92 35 basis

146 2285 55 34 for
215 2286 59 34 the
288 2286 153 34 creation
455 2285 40 35 of
505 2287 86 34 such
605 2297 20 23 a
641 2286 254 35 classification.
910 2286 83 35 This
1008 2287 127 40 action,
1150 2287 82 43 they
1246 2287 114 41 claim,

145 2335 144 35 violates
305 2335 59 34 the
378 2336 160 43 agency’s
553 2335 191 43 legislative
758 2341 102 37 grant
874 2336 40 34 of
925 2336 234 43 rule-making
1174 2337 186 43 authority,

145 2384 108 44 citing
268 2385 112 40 State,
398 2396 44 24 ex
456 2385 53 34 rel
521 2387 172 42 Attorney
710 2385 151 35 General
873 2397 30 23 v.
919 2387 158 40 Burnett,
1094 2386 69 34 200
1178 2386 85 34 Ark.
1281 2387 79 40 655,
