1637 2696
309 433 66 33 247
396 432 143 35 S.W.2d
565 434 61 33 193
651 432 137 44 (1952).

308 292 42 33 68

492 507 34 35 If
540 507 60 34 the
617 508 114 34 action
749 507 68 34 had
835 514 60 28 not
911 508 87 33 been
1015 508 151 43 pending
1182 508 35 34 in
1234 509 171 42 chancery
1422 515 99 28 court

308 556 68 34 and
394 557 59 33 the
470 557 196 34 chancellor
683 556 68 35 had
769 562 59 29 not
845 557 142 43 already
1004 558 97 34 ruled
1118 557 77 34 that
1212 558 59 34 the
1287 569 104 23 cause
1408 559 112 33 would

308 606 132 34 remain
461 606 106 40 there,
588 606 59 34 the
667 607 90 34 issue
776 607 111 42 might
907 607 43 34 be
969 607 241 34 troublesome.
1231 608 75 34 The
1324 607 196 35 chancellor

307 655 138 34 refused
468 661 35 29 to
525 655 136 35 dismiss
685 656 58 34 the
766 655 209 36 foreclosure
997 656 68 35 and
1088 656 98 35 when
1209 657 59 34 the
1290 657 138 35 nonsuit
1449 668 70 24 was

307 705 146 42 granted
475 706 34 34 in
531 705 123 35 circuit
674 711 110 29 court,
795 706 46 34 all
863 706 128 44 parties
1013 706 203 44 recognized
1238 707 77 35 that
1336 707 59 34 the
1415 707 105 35 claim

308 755 177 34 remained
500 756 34 34 in
549 755 181 44 chancery.
747 755 74 35 The
835 757 104 33 claim
954 767 69 23 was
1039 762 59 29 not
1113 756 164 44 dropped;
1293 757 26 34 it
1333 767 70 24 was
1418 757 102 43 being

307 805 150 43 pursued
484 805 184 35 elsewhere
694 804 69 36 and
789 806 46 34 all
862 806 127 43 parties
1016 817 89 24 were
1131 817 114 23 aware
1270 806 40 35 of
1332 806 87 35 that.
1446 807 75 35 The

309 855 192 34 Bankstons
519 854 87 35 have
622 854 113 36 raised
752 866 44 23 no
813 860 183 39 argument
1013 855 39 35 of
1065 855 186 45 prejudice.
1269 857 75 34 The
1359 861 161 30 outcome

306 904 113 34 would
436 905 86 34 have
537 904 86 34 been
639 905 60 34 the
713 915 97 24 same
825 905 35 34 in
875 905 122 34 circuit
1012 911 99 29 court
1125 916 45 23 on
1185 906 60 34 the
1259 906 260 35 counterclaim.

308 954 65 33 We
391 954 113 34 affirm
522 954 59 33 the
598 954 225 34 chancellor’s
842 954 140 43 holding
1001 955 76 34 that
1096 955 225 35 McKenzie’s
1338 956 182 43 voluntary

307 1003 138 33 nonsuit
469 1003 81 34 does
575 1008 59 29 not
658 1009 140 37 operate
822 1009 35 28 to
882 1004 62 34 bar
968 1004 61 33 her
1052 1004 105 34 claim
1181 1004 34 34 in
1239 1005 181 42 chancery.
1446 1005 74 34 The

307 1062 147 33 purpose
465 1052 39 34 of
512 1052 59 34 the
581 1052 206 43 mandatory
798 1053 249 34 counterclaim
1058 1053 170 44 provision
1240 1065 70 23 was
1321 1053 152 35 satisfied
1484 1054 34 34 in

306 1100 67 35 this
396 1112 90 24 case.
509 1101 75 34 The
605 1102 177 34 contested
805 1102 104 35 claim
932 1113 69 23 was
1024 1103 103 34 made
1149 1103 35 33 in
1207 1103 83 34 both
1313 1108 115 30 courts
1451 1103 68 35 and

307 1150 195 45 ultimately
526 1150 144 35 decided
696 1152 34 34 in
755 1162 20 24 a
800 1157 98 29 court
923 1152 76 34 that
1024 1152 69 34 had
1114 1152 219 44 jurisdiction
1358 1163 79 24 over
1462 1153 58 35 the

306 1200 134 43 subject
461 1205 137 30 matter.

490 1274 74 36 The
579 1276 193 34 Bankstons
788 1276 72 34 also
875 1285 107 33 argue
996 1276 77 34 that
1087 1276 59 35 the
1160 1276 196 35 chancellor
1371 1276 98 35 erred
1484 1277 34 34 in

306 1324 113 43 ruling
430 1325 77 34 that
518 1324 89 34 their
619 1325 158 34 defenses
788 1330 36 29 to
835 1325 60 35 the
906 1326 213 34 foreclosure
1119 1326 43 34 —
1162 1326 130 34 breach
1303 1326 39 35 of
1351 1332 167 36 contract,

306 1373 127 35 breach
445 1374 40 34 of
492 1375 201 34 warranties
705 1375 68 34 and
785 1376 202 43 negligence
987 1376 43 43 —
1030 1376 93 43 were
1134 1387 55 22 res
1194 1375 166 44 judicata
1372 1376 147 35 because

305 1423 40 35 of
358 1424 89 34 their
465 1424 186 35 resolution
668 1425 34 34 in
720 1425 58 34 the
795 1425 123 35 circuit
935 1430 98 30 court
1050 1436 90 24 case.
1159 1426 65 34 We
1241 1436 103 33 agree
1360 1426 82 34 with
1460 1426 59 35 the

305 1473 206 36 chancellor.
531 1474 58 35 All
608 1475 39 34 of
662 1475 98 35 those
778 1475 121 35 claims
918 1475 137 43 against
1074 1476 198 34 McKenzie
1289 1475 69 36 had
1377 1476 142 45 already

305 1523 87 35 been
404 1524 157 43 litigated
573 1525 69 34 and
653 1525 154 35 resolved
818 1525 36 35 in
865 1526 61 34 her
938 1525 108 35 favor.
1058 1526 97 43 They
1166 1526 103 34 could
1280 1531 60 30 not
1351 1525 44 35 be
1405 1527 113 34 raised

306 1574 113 42 again.
438 1574 185 36 Olmstead
635 1586 30 23 v.
680 1575 179 35 Rosedale
872 1575 170 44 Building
1057 1577 31 33 &
1104 1575 139 44 Supply
1260 1577 73 40 Co.,
1349 1576 67 35 229
1432 1577 84 35 Ark.

306 1624 55 40 61,
384 1625 65 33 313
471 1624 143 35 S.W.2d
636 1626 65 34 235
726 1624 137 44 (1938).

395 1698 180 35 Affirmed.

396 1773 159 40 Purtle,
577 1773 42 40 J.,
640 1779 60 29 not
720 1773 255 44 participating.
