1672 2702
129 410 40 35 of
177 410 74 35 fact
262 421 43 24 on
317 410 59 35 the
387 415 77 39 part
475 410 39 35 of
522 411 60 34 the
593 411 239 43 interrogator.
846 412 39 33 In
897 411 193 43 sustaining
1102 410 59 35 the
1171 411 172 43 objection

128 460 60 35 the
216 466 99 29 court
343 460 58 35 did
430 465 59 30 not
518 461 108 34 abuse
654 461 43 34 its
726 460 184 35 discretion
939 461 35 34 in
1002 460 205 44 controlling
1235 471 108 24 cross-

129 510 247 35 examination.

1274 270 68 33 439

222 581 125 35 Before
363 582 58 34 the
437 581 91 42 trial,
544 582 141 34 counsel
701 581 80 35 filed
798 593 20 23 a
836 582 146 35 number
998 581 40 34 of
1051 581 148 35 motions
1216 582 129 44 raising

129 631 177 44 questions
317 631 106 35 about
433 631 58 35 the
500 631 144 44 validity
654 641 38 25 or
702 631 210 44 application
922 631 40 35 of
968 642 63 24 our
1041 636 147 30 statutes
1198 631 146 44 relating

129 686 36 29 to
176 681 129 43 capital
316 681 149 35 murder.
477 681 113 35 These
600 681 176 44 questions
787 681 87 35 have
884 681 87 35 been
982 681 176 35 answered
1170 682 34 34 in
1215 682 129 34 several

130 731 40 34 of
186 742 64 23 our
270 731 155 44 opinions
447 731 68 34 and
536 731 87 35 need
644 736 59 30 not
724 731 43 35 be
786 731 161 44 explored
968 742 86 24 once
1074 742 105 24 more.
1201 732 65 34 We
1286 743 60 23 are

130 780 189 35 convinced
336 781 44 43 by
396 782 59 33 the
471 781 121 35 record
609 781 69 35 and
695 781 59 35 the
770 781 105 35 briefs
892 781 77 35 that
986 781 154 35 Holland
1156 793 69 23 was
1243 781 103 44 fairly

130 830 90 35 tried
241 831 69 34 and
329 842 70 23 was
419 831 179 35 convicted
619 831 35 35 in
674 831 214 35 accordance
907 831 83 35 with
1011 831 59 35 the
1089 832 76 34 law.

222 902 180 35 Affirmed.

223 973 160 41 Purtle,
404 974 42 40 J.,
467 979 60 29 not
547 973 256 45 participating.

178 1175 95 33 Leon
294 1174 68 35 and
383 1174 137 35 Wanda
542 1174 213 35 MILLSAP
775 1185 28 23 v.
826 1174 87 35 Clift
934 1175 41 34 C.
997 1175 69 34 and
1086 1175 157 44 Dorothy
1262 1176 37 33 P.

318 1224 142 40 LANE,
481 1224 69 34 and
571 1224 134 34 LANE
724 1224 317 41 PROCESSING,
1064 1225 97 34 INC.

133 1295 131 34 85-209

1026 1297 68 33 706
1115 1295 142 36 S.W.2d
1279 1297 65 34 378

461 1366 171 44 Supreme
652 1366 111 35 Court
783 1366 39 34 of
838 1367 179 34 Arkansas

398 1415 152 45 Opinion
570 1416 173 35 delivered
764 1417 127 34 March
913 1418 55 39 31,
994 1417 87 34 1986

430 1464 193 40 [Rehearing
641 1465 114 32 denied
774 1466 80 39 May
873 1467 28 35 5,
924 1465 126 39 1986.*]

201 2423 13 16 *
232 2424 92 30 Purtle,
340 2424 31 30 J.,
386 2428 43 22 not
444 2424 185 34 participating.
