1656 2688
303 269 66 32 350

388 1760 122 33 James
529 1761 40 32 E.
591 1761 119 39 Davis,
731 1759 53 34 for
804 1759 187 44 appellant.

387 1842 104 33 Steve
515 1841 120 41 Clark,
658 1842 99 43 Att’y
779 1842 100 41 Gen.,
903 1842 55 44 by:
983 1843 132 34 Connie
1138 1843 133 43 Griffin,
1293 1844 93 33 Asst.
1409 1844 100 43 Att’y

297 1891 101 40 Gen.,
419 1890 53 35 for
493 1892 164 43 appellee.

388 1974 180 34 Darrell
578 1976 198 39 Hickman,
787 1975 141 34 Justice.

939 1975 84 34 This
1033 1976 124 43 appeal
1167 1976 106 34 raises
1283 1976 58 34 the
1351 1976 157 44 question

297 2023 39 34 of
357 2024 153 34 whether
535 2024 26 34 it
585 2024 27 34 is
638 2035 93 24 error
755 2030 35 29 to
815 2025 147 34 instruct
985 2025 59 34 the
1065 2025 81 44 jury
1169 2026 77 34 that
1270 2037 83 33 rape
1376 2037 65 23 can
1465 2026 43 34 be

296 2073 203 35 committed
517 2074 45 43 by
579 2074 171 44 engaging
767 2074 35 35 in
820 2075 118 34 sexual
956 2075 212 35 intercourse
1184 2086 37 24 or
1239 2075 134 35 deviate
1390 2076 118 35 sexual

296 2123 142 44 activity
447 2124 99 34 when
556 2124 80 44 only
645 2125 118 34 sexual
774 2125 211 34 intercourse
995 2125 27 34 is
1032 2125 162 44 charged.
1206 2126 65 34 We
1280 2125 71 35 find
1361 2137 43 23 no
1414 2137 94 23 error

296 2173 94 34 since
402 2173 97 35 there
511 2174 28 34 is
552 2184 44 24 no
608 2174 273 35 demonstration
894 2174 39 35 of
943 2175 186 44 prejudice.
1143 2176 112 34 There
1267 2187 69 23 was
1349 2176 157 34 substan-

296 2223 61 34 tial
378 2223 162 34 evidence
559 2223 40 35 of
616 2224 83 34 both
720 2224 118 34 sexual
858 2229 74 30 acts
953 2225 34 33 in
1007 2224 68 35 this
1095 2235 90 24 case.

526 2306 83 34 This
623 2306 91 35 issue
727 2317 69 24 was
810 2307 74 34 first
897 2307 201 34 considered
1112 2307 35 34 in
1162 2307 176 43 Clayborn
1349 2319 30 23 v.
1393 2308 113 41 State,

296 2356 66 33 278
378 2355 85 35 Ark.
480 2357 78 40 533,
574 2356 67 34 647
656 2356 143 35 S.W.2d
814 2357 66 34 433
898 2356 138 44 (1983).
1050 2357 113 34 There
1177 2368 51 24 we
1241 2357 79 35 held
1334 2358 76 34 that
1423 2368 84 24 even

295 2405 132 43 though
437 2406 59 34 the
505 2405 162 35 evidence
675 2417 69 23 was
754 2406 170 35 sufficient
933 2412 36 29 to
977 2412 143 38 support
1128 2418 21 23 a
1158 2407 130 43 finding
1298 2407 39 35 of
1342 2407 97 43 guilt,
1449 2407 59 35 the
