1667 2695
122 418 112 34 tioner
244 418 28 34 is
282 424 60 29 not
351 418 142 34 entitled
503 424 36 29 to
549 429 21 24 a
580 418 144 43 hearing
733 429 44 23 on
787 428 68 33 any
864 418 91 34 issue
964 417 114 35 raised
1088 417 34 35 in
1132 417 52 35 his
1195 418 140 34 motion.

1269 277 62 34 381

214 480 180 36 Affirmed.

215 546 159 39 Purtle,
395 545 43 40 J.,
459 550 59 29 not
538 544 257 45 participating.

133 729 85 35 Carl
239 729 207 35 WIDMER
467 741 28 23 v.
518 729 186 45 Raymond
725 730 36 34 F.
783 728 219 43 WIDMER,
1023 730 171 34 Executor
1214 726 39 38 of
1270 730 59 34 the

373 780 119 34 Estate
512 779 39 35 of
569 779 134 35 Walter
724 780 167 40 Widmer,
912 779 179 36 Deceased

125 844 132 34 85-290

1017 844 68 34 705
1107 843 143 35 S.W.2d
1271 843 66 35 878

454 907 171 44 Supreme
645 906 111 35 Court
775 907 40 35 of
831 907 179 35 Arkansas

391 956 151 45 Opinion
563 956 172 36 delivered
757 957 127 35 March
905 955 56 43 24,
986 958 88 34 1986

406 1005 194 41 [Rehearing
618 1005 113 33 denied
750 1006 90 41 April
859 1007 51 36 28,
933 1006 126 40 1986.*]

223 1916 148 35 Walters
390 1917 82 33 Law
490 1916 106 41 Firm,
618 1918 96 40 P.A.,
735 1916 54 35 for
808 1917 187 44 appellant.

218 1996 95 35 John
336 1997 35 34 T.
397 1996 153 44 Tuohey,
571 1996 54 35 for
645 1997 166 43 appellee.

219 2075 100 36 Jack
341 2076 120 41 Holt,
483 2077 69 41 Jr.,
575 2076 107 35 Chief
701 2077 140 35 Justice.

863 2077 84 34 This
969 2077 124 44 appeal
1115 2077 148 35 involves
1284 2078 59 34 the

127 2125 93 44 right
240 2125 40 35 of
297 2137 44 24 an
362 2130 158 40 attorney
540 2127 77 34 who
637 2126 63 35 has
721 2132 59 30 not
800 2126 81 45 paid
901 2127 53 34 his
974 2128 179 34 Arkansas
1174 2127 169 44 Supreme

127 2175 112 34 Court
253 2176 68 34 Bar
334 2175 84 35 dues
431 2181 36 29 to
479 2176 123 35 collect
615 2175 72 35 fees
700 2176 54 35 for
767 2177 272 43 representation
1052 2176 112 35 which
1177 2176 165 35 occurred

126 2224 126 44 during
264 2225 52 34 his
327 2224 200 45 delinquent
538 2225 129 44 period.
680 2226 76 34 Our
763 2225 219 44 jurisdiction
993 2226 28 34 is
1032 2231 168 39 pursuant
1211 2231 36 29 to
1257 2226 84 44 Sup.

127 2274 57 34 Ct.
197 2274 42 34 R.
253 2274 82 43 29(1
343 2273 73 44 )(h)
429 2275 94 34 since
534 2275 59 34 the
602 2285 81 24 case
693 2285 164 25 concerns
868 2276 196 42 regulating
1075 2275 59 35 the
1144 2276 152 43 practice
1306 2274 40 36 of

226 2429 92 29 * Purtle,
333 2428 31 30 J.,
380 2432 43 22 not
437 2429 186 32 participating.
