1640 2688
299 423 138 29 contact
447 428 44 23 an
501 422 158 38 attorney
670 416 68 35 and
748 417 73 33 talk
830 416 81 34 with
922 416 72 34 him
1004 416 119 34 before
1133 416 118 42 taking
1261 426 20 23 a
1292 420 76 32 test.
1380 415 128 34 Officer

299 467 124 33 Shultz
431 466 153 34 directed
595 466 71 33 him
676 471 35 28 to
721 477 19 22 a
751 476 67 32 pay
827 466 122 42 phone,
960 465 62 34 but
1032 465 96 33 there
1137 475 69 23 was
1217 475 43 23 no
1270 475 131 23 answer
1411 469 36 29 at
1456 464 52 34 his

299 516 187 42 attorney’s
499 514 185 34 residence.
698 515 188 42 Appellant
898 514 72 34 told
983 514 58 33 the
1053 514 116 33 officer
1181 514 76 33 that
1270 513 43 34 he
1325 513 135 34 wanted
1473 518 36 28 to

299 564 81 34 wait
395 564 68 34 and
478 564 73 34 talk
565 564 82 33 with
663 564 52 33 his
731 568 167 38 attorney.
915 563 123 33 Shultz
1053 562 71 34 told
1140 562 72 34 him
1227 567 35 29 to
1277 567 54 38 try
1346 567 35 29 to
1396 562 113 43 phone

300 614 112 42 again.
436 613 189 44 Appellant
647 612 69 41 did,
740 612 61 34 but
823 612 97 34 there
942 623 69 23 was
1034 612 68 34 still
1126 622 43 23 no
1192 622 141 23 answer.
1357 612 152 42 Trooper

300 664 137 34 Waters
456 668 105 29 wrote
579 668 59 29 out
657 663 58 34 the
734 662 121 35 tickets
875 661 68 35 and
962 662 175 44 appellant
1156 672 69 24 was
1244 661 121 44 placed
1384 661 34 34 in
1433 661 74 43 jail.

300 278 68 33 212

482 750 83 34 This
588 760 79 24 case
691 754 152 39 presents
867 760 20 23 a
911 749 158 43 question
1092 748 39 35 of
1151 749 74 33 first
1248 748 201 44 impression
1473 748 34 34 in

299 800 188 34 Arkansas.
510 800 112 34 There
644 810 70 30 are,
737 799 165 40 however,
925 809 96 24 cases
1044 798 90 35 from
1156 799 98 33 other
1272 798 235 43 jurisdictions

299 850 111 33 which
423 860 99 23 come
534 849 99 34 down
646 860 43 23 on
703 849 83 34 both
799 848 89 35 sides
902 848 39 34 of
951 849 58 33 the
1022 849 100 33 issue.
1137 849 65 33 We
1215 848 99 34 think
1326 848 59 34 the
1397 848 111 34 better

299 899 165 34 reasoned
488 898 174 43 approach
687 898 27 34 is
738 898 76 34 that
838 898 29 34 if
887 909 20 23 a
933 898 165 34 Miranda
1122 898 154 42 warning
1300 898 27 33 is
1351 897 98 43 given
1474 897 34 34 in

299 948 202 34 connection
518 948 81 34 with
616 959 44 23 an
677 947 220 44 explanation
914 947 39 34 of
967 947 58 34 the
1041 947 141 43 implied
1198 952 142 29 consent
1357 947 75 40 law,
1449 947 59 34 the

299 998 110 43 police
427 997 132 34 officers
579 1002 92 29 must
691 997 173 43 explicitly
884 997 127 34 inform
1030 997 59 34 the
1108 1002 137 38 suspect
1264 997 76 33 that
1359 997 59 34 the
1438 996 69 34 Mi­

299 1047 108 34 randa
418 1047 107 43 rights
536 1058 59 23 are
604 1052 59 29 not
673 1047 193 43 applicable
875 1051 35 30 to
920 1047 58 34 the
987 1046 152 34 decision
1149 1046 39 34 of
1194 1046 153 34 whether
1357 1057 37 23 or
1404 1051 59 29 not
1473 1051 35 29 to

299 1097 80 34 take
395 1097 58 34 the
469 1102 76 29 test.
562 1097 104 34 Swan
681 1108 30 22 v.
728 1098 228 42 Department
972 1096 46 43 of
1024 1096 125 34 Public
1163 1095 136 44 Safety,
1318 1097 63 33 311
1402 1095 106 35 So.2d

299 1147 66 33 498
385 1146 77 43 (La.
478 1147 90 43 App.
589 1145 117 43 1975);
724 1146 139 34 Calvert
877 1157 30 22 v.
922 1146 102 34 State
1038 1147 229 42 Department
1283 1145 45 43 of
1334 1147 171 37 Revenue,

299 1197 123 33 Motor
435 1195 136 35 Vehicle
580 1197 168 39 Division,
763 1196 64 33 184
838 1195 97 34 Colo.
947 1196 157 39 214, 519
1115 1195 85 34 P.2d
1211 1196 63 33 341
1290 1194 138 43 (1974);
1439 1194 69 35 and

304 1247 172 33 Wiseman
491 1256 30 23 v.
539 1244 173 41 Sullivan,
735 1246 63 33 190
816 1245 90 34 Neb.
926 1246 79 39 724,
1024 1246 63 32 211
1109 1244 154 34 N.W.2d
1281 1245 68 34 906
1369 1244 137 43 (1973).

521 1330 74 34 The
617 1341 121 23 reason
761 1330 27 34 is
811 1330 133 43 simple.
969 1330 166 34 Miranda
1158 1330 108 42 rights
1289 1329 138 34 include
1449 1329 59 35 the

298 1380 92 42 right
398 1385 35 29 to
443 1380 131 34 remain
583 1379 112 41 silent,
705 1380 58 34 the
772 1380 91 42 right
872 1385 35 28 to
916 1380 134 34 consult
1059 1380 82 33 with
1151 1390 44 24 an
1204 1384 158 38 attorney
1371 1379 68 34 and
1449 1379 59 34 the

298 1429 91 43 right
399 1434 35 29 to
445 1429 86 34 have
540 1440 44 23 an
595 1434 157 38 attorney
762 1434 137 39 present
908 1429 125 43 during
1042 1429 228 44 questioning.
1283 1429 39 34 In
1331 1429 140 43 general
1481 1429 26 34 it

298 1479 27 34 is
338 1484 59 29 not
408 1489 180 33 necessary
600 1484 35 29 to
646 1479 76 42 give
733 1479 58 34 the
803 1479 166 34 Miranda
980 1479 172 43 warnings
1164 1479 34 34 in
1209 1479 203 34 connection
1424 1478 83 35 with

298 1529 32 33 D
334 1529 61 33 WI
405 1534 136 28 arrests.
553 1529 66 33 But
629 1528 29 34 if
664 1529 58 33 the
731 1534 89 28 state
829 1534 165 38 attempts
1004 1534 35 28 to
1048 1528 180 34 introduce
1236 1528 102 44 proof
1343 1528 164 34 obtained

298 1577 90 35 from
401 1578 59 34 the
472 1577 188 35 defendant
673 1578 108 34 under
794 1578 228 43 questioning,
1037 1578 26 34 it
1075 1583 128 29 cannot
1215 1578 44 34 do
1272 1589 37 23 so
1321 1578 114 34 unless
1449 1578 59 34 the

298 1628 170 42 warnings
484 1628 86 33 have
584 1628 86 34 been
685 1628 108 42 given.
814 1627 243 44 Weatherford
1069 1639 30 22 v.
1114 1628 113 40 State,
1243 1628 67 33 286
1325 1628 84 33 Ark.
1427 1628 78 40 376,

299 1678 67 33 692
380 1677 143 34 S.W.2d
538 1678 65 33 605
621 1677 136 42 (1985).
772 1677 74 34 The
860 1677 109 43 rights
983 1677 44 34 do
1041 1682 59 29 not
1114 1677 114 44 apply,
1243 1677 166 41 however,
1424 1677 82 35 with

298 1732 133 38 respect
451 1732 35 29 to
506 1727 118 42 taking
645 1732 82 29 tests
748 1727 109 34 under
877 1727 59 34 the
956 1727 141 43 implied
1117 1732 142 29 consent
1279 1732 139 29 statute.
1441 1728 65 33 For

298 1777 167 42 example,
492 1787 44 23 an
562 1776 146 34 accused
733 1776 81 34 does
840 1781 60 29 not
925 1777 87 34 have
1037 1777 59 33 the
1121 1777 91 42 right
1237 1782 36 29 to
1297 1782 138 29 contact
1461 1788 44 23 an

297 1831 158 38 attorney
467 1825 117 35 before
595 1826 129 43 taking,
737 1837 37 23 or
786 1826 154 43 refusing
951 1831 36 29 to
998 1827 91 40 take,
1101 1826 60 34 the
1171 1831 76 29 test.
1261 1826 124 43 Rights
1396 1826 109 34 under

297 1875 58 34 the
365 1875 140 43 implied
515 1880 141 29 consent
666 1876 64 34 law
740 1876 138 34 include
887 1876 59 34 the
955 1876 92 42 right
1057 1881 35 29 to
1101 1876 115 34 refuse
1225 1881 35 29 to
1269 1876 81 34 take
1358 1876 59 34 the
1426 1881 77 36 test,

297 1925 61 33 but
372 1924 128 35 refusal
514 1925 122 34 results
651 1925 34 34 in
699 1925 58 34 the
770 1925 133 34 seizure
916 1925 40 34 of
965 1926 60 33 the
1038 1925 140 34 driver’s
1191 1925 136 41 license,
1342 1925 68 34 and
1424 1936 81 32 may

296 1974 106 34 result
419 1974 34 34 in
471 1974 59 34 the
546 1974 195 34 revocation
758 1974 39 34 of
811 1974 134 43 driving
962 1975 179 43 privileges
1159 1974 53 35 for
1228 1986 20 23 a
1266 1975 118 43 period
1400 1975 40 34 of
1453 1975 51 34 six

296 2023 138 34 months
452 2029 36 28 to
506 2034 65 24 one
589 2035 91 32 year.
699 2024 85 34 Ark.
804 2024 89 34 Stat.
913 2025 92 33 Ann.
1027 2024 17 42 §
1065 2025 152 33 75-1045
1239 2024 123 44 (Supp.
1386 2024 117 42 1985).

480 2110 31 33 It
523 2109 27 34 is
564 2120 81 32 easy
657 2114 35 29 to
704 2109 212 34 understand
930 2109 75 34 how
1018 2109 179 34 confusion
1209 2120 65 23 can
1287 2110 106 33 result
1405 2110 99 33 when

296 2158 59 34 the
365 2164 67 28 two
443 2163 68 29 sets
522 2158 39 34 of
569 2159 107 42 rights
688 2170 59 23 are
758 2159 82 34 read
851 2159 168 43 together.
1032 2160 39 33 In
1083 2159 165 41 addition,
1260 2159 34 34 in
1305 2159 59 34 the
1374 2159 130 34 instant

296 2218 79 24 case
394 2208 175 44 appellant
588 2219 69 23 was
676 2208 98 43 given
795 2214 66 29 two
880 2209 249 43 opportunities
1148 2214 35 29 to
1202 2214 54 38 try
1275 2214 34 29 to
1329 2209 103 35 reach
1452 2209 52 34 his

296 2263 168 38 attorney,
474 2258 112 34 which
595 2258 113 34 would
717 2258 82 34 tend
809 2263 35 29 to
853 2259 145 33 confirm
1007 2259 52 33 his
1068 2259 170 34 mistaken
1248 2259 118 34 notion
1375 2259 77 34 that
1461 2259 44 34 he

295 2307 69 34 had
373 2318 20 23 a
403 2307 91 43 right
503 2312 35 29 to
547 2308 135 34 consult
690 2308 82 34 with
781 2308 52 34 his
843 2313 158 38 attorney
1010 2308 118 34 before
1137 2308 158 43 deciding
1304 2308 153 35 whether
1466 2319 38 23 or

296 2362 59 29 not
370 2362 35 29 to
420 2357 81 34 take
514 2357 59 34 the
588 2362 76 29 test.
681 2358 80 40 Yet,
777 2358 59 33 the
850 2358 198 42 legislature
1063 2357 162 35 intended
1240 2358 76 34 that
1331 2369 21 23 a
1367 2363 137 38 suspect

296 2406 86 44 fully
401 2406 211 35 understand
631 2407 59 34 the
709 2418 252 33 consequences
980 2407 39 35 of
1035 2407 152 44 refusing
1207 2413 35 29 to
1261 2408 80 34 take
1360 2408 59 34 the
1437 2413 67 29 test
