1632 2696
124 412 135 34 Bovard
280 417 88 29 trust
389 411 91 43 gives
501 411 61 34 her
583 422 43 23 an
648 411 141 34 interest
810 410 34 34 in
865 410 82 34 fee.4
969 409 107 34 What
1096 409 68 34 this
1185 409 153 43 strongly

123 467 157 38 suggests
294 462 27 34 is
334 461 76 35 that
422 461 157 34 whoever
592 460 168 44 prepared
773 460 59 34 the
845 459 135 35 Bovard
993 465 89 29 trust
1095 459 58 34 did
1167 464 59 29 not
1239 459 98 34 know

123 512 59 34 the
200 512 156 43 specifics
374 511 39 34 of
429 512 87 33 Mrs.
535 511 130 43 Piper’s
684 510 243 44 participation
946 510 34 34 in
999 510 59 34 the
1074 514 153 29 venture.
1246 509 92 34 That

124 562 90 33 rules
229 567 62 28 out
305 561 80 43 Guy
400 561 126 40 Green,
542 561 88 40 who,
646 560 149 34 because
809 560 43 34 he
867 559 168 45 prepared
1050 559 59 35 the
1123 559 101 44 Piper
1238 564 99 35 trust,

123 612 99 33 knew
243 611 59 34 the
322 616 116 29 extent
458 610 39 35 of
515 611 88 34 Mrs.
625 610 129 44 Piper’s
775 610 151 34 interest.

1293 269 42 32 27

556 699 71 34 The
646 698 141 35 Bovard
809 700 103 33 Trust

217 780 152 44 Spencer
380 779 134 35 Bovard
524 779 122 35 claims
655 779 77 35 that
741 779 81 43 Guy
832 779 116 34 Green
958 778 169 44 prepared
1137 778 59 35 the
1205 778 134 34 Bovard

125 835 99 29 trust.
243 831 65 33 We
325 829 70 35 find
411 830 77 34 that
504 829 249 35 unbelievable.
772 829 39 34 In
827 829 59 34 the
902 829 74 34 first
992 829 109 43 place,
1118 839 44 24 on
1179 829 88 43 May
1287 830 52 39 12,

130 881 100 40 1948,
244 880 80 43 Guy
337 880 115 34 Green
464 879 81 35 filed
559 890 20 24 a
592 879 104 35 claim
709 879 135 43 against
857 879 59 34 the
928 884 111 29 estate
1051 878 39 35 of
1100 879 90 34 John
1203 880 137 33 Hoover

126 930 53 34 for
192 930 60 34 the
264 930 145 34 balance
421 930 67 34 due
501 929 73 35 him
586 929 54 35 for
652 929 90 44 legal
755 929 144 35 services
912 940 38 23 as
963 928 39 35 of
1011 929 60 34 the
1082 928 82 35 date
1175 928 39 35 of
1223 928 116 35 death.

125 980 75 34 The
215 980 116 40 claim,
346 980 140 34 verified
502 979 109 35 under
627 979 94 41 oath,
738 979 27 34 is
781 979 168 43 carefully
965 978 163 35 itemized
1144 989 37 24 as
1197 984 35 29 to
1248 979 94 33 work

126 1029 198 44 performed
341 1030 44 43 by
403 1030 115 34 Green
535 1030 155 34 between
710 1029 185 43 February,
917 1029 87 34 1946
1023 1028 69 35 and
1108 1028 111 44 April,
1241 1029 99 40 1947,

125 1080 113 34 which
251 1079 153 35 includes
416 1080 59 34 the
486 1079 82 35 date
579 1079 39 34 of
627 1079 59 34 the
698 1078 134 35 Bovard
844 1084 89 29 trust
946 1078 217 43 (November
1175 1077 165 43 6,1946).

125 1130 76 33 The
209 1129 105 34 claim
323 1129 209 44 specifically
541 1129 172 34 mentions
722 1129 59 34 the
790 1128 220 44 preparation
1019 1128 40 34 of
1065 1128 59 34 the
1132 1128 100 44 Piper
1241 1133 99 35 trust,

126 1179 69 34 and
210 1190 96 24 some
321 1179 96 35 three
431 1190 37 24 or
484 1179 78 34 four
576 1179 76 34 coal
667 1179 119 41 leases,
802 1178 176 43 including
993 1178 60 35 the
1067 1178 92 34 lease
1173 1183 35 30 to
1222 1178 119 34 Abner

127 1229 134 34 Hobbs.
275 1230 31 33 It
316 1234 106 29 states
433 1229 77 34 that
521 1229 159 34 fourteen
691 1228 85 44 days
787 1239 89 24 were
886 1228 146 35 devoted
1043 1233 35 29 to
1090 1228 205 44 acquisition
1306 1227 39 35 of

126 1279 60 33 the
200 1279 263 34 Northwestern
478 1279 98 34 stock
589 1278 69 35 and
673 1278 35 34 in
723 1278 182 44 preparing
920 1278 69 34 and
1004 1278 188 43 approving
1205 1277 136 35 various

127 1328 225 34 instruments
365 1328 34 34 in
412 1328 204 34 connection
629 1328 83 34 with
725 1328 59 34 the
796 1328 179 43 purchase.
989 1328 75 34 The
1076 1327 86 34 total
1174 1327 128 43 charge
1314 1327 28 34 is

128 1378 139 40 $1,000,
282 1377 105 34 billed
400 1383 36 28 to
450 1378 139 33 Hoover
602 1377 112 41 alone,
729 1377 68 34 and
811 1377 111 34 shows
937 1378 91 36 $350
1042 1376 82 44 paid
1138 1387 44 24 on
1196 1382 147 29 account

127 1427 46 43 by
199 1428 138 33 Hoover
362 1438 43 23 on
431 1427 177 43 February
637 1428 52 39 17,
720 1428 98 33 1947.
844 1427 74 34 The
943 1431 187 30 statement
1155 1427 119 33 makes
1299 1437 44 23 no

127 1477 155 34 mention
293 1476 39 35 of
339 1477 58 34 the
408 1476 134 35 Bovard
553 1481 89 30 trust
652 1476 69 35 and
731 1487 51 24 we
791 1476 100 35 think
900 1476 27 35 it
936 1481 91 30 most
1036 1476 153 44 unlikely
1198 1476 77 35 that
1284 1476 59 35 the

127 1538 98 23 same
240 1532 158 39 attorney
412 1526 113 35 would
541 1527 88 34 have
644 1526 168 45 prepared
827 1532 67 29 two
910 1532 195 39 repugnant
1120 1527 223 34 instruments

127 1577 168 43 affecting
306 1577 59 35 the
376 1588 96 24 same
483 1582 172 39 property.
668 1577 74 35 The
753 1582 187 30 statement
951 1577 82 35 does
1044 1577 154 34 mention
1210 1577 132 34 confer-

127 1638 102 24 ences
245 1627 82 35 with
343 1627 152 44 Spencer
511 1627 146 41 Bovard,
674 1627 152 35 referred
842 1632 35 30 to
892 1638 38 24 as
946 1628 71 34 Mr.
1034 1627 167 35 Hoover’s
1217 1627 127 43 “agent

128 1677 69 34 and
210 1678 203 34 associate.”
427 1678 68 34 But
507 1677 30 35 if
547 1677 136 35 Bovard
695 1689 89 23 were
796 1688 44 24 an
852 1678 103 43 equal
967 1688 125 30 owner,
1106 1688 37 23 as
1155 1677 44 34 he
1210 1677 132 41 claims,

127 1727 79 44 why
218 1727 113 34 would
344 1727 109 34 words
466 1727 88 35 have
566 1727 87 34 been
665 1727 85 34 used
762 1727 112 35 which
886 1727 176 43 relegated
1074 1727 73 34 him
1160 1732 35 29 to
1207 1738 20 23 a
1239 1727 104 34 lesser

128 1782 123 35 status,
262 1777 68 34 and
340 1777 77 43 why
426 1777 114 34 would
549 1777 60 34 the
618 1777 145 43 charges
773 1777 54 34 for
836 1777 90 43 legal
936 1777 145 34 services
1091 1782 60 29 not
1160 1777 88 34 have
1256 1777 87 34 been

128 1827 188 35 addressed
327 1832 35 29 to
374 1827 83 34 both
468 1826 40 35 of
516 1827 117 34 them?
648 1828 66 34 We
725 1827 106 43 reject
842 1838 38 23 as
891 1827 76 34 well
980 1828 71 33 Mr.
1065 1826 163 35 Bovard’s
1239 1827 105 34 claim

128 1877 78 35 that
215 1877 44 34 he
268 1877 97 34 hired
375 1877 80 44 Guy
465 1877 116 35 Green
591 1877 35 35 in
641 1878 86 34 1948
739 1882 35 30 to
783 1882 134 39 protect
926 1877 52 35 his
988 1877 143 35 interest
1140 1877 136 43 against
1285 1877 59 34 the

129 1929 139 33 Hoover
281 1932 119 30 estate.
415 1928 30 34 It
457 1927 27 35 is
497 1928 137 43 enough
646 1927 126 44 simply
783 1932 35 30 to
830 1932 81 30 note
922 1927 77 35 that
1011 1938 44 24 no
1066 1927 105 35 claim
1182 1938 70 23 was
1264 1927 80 34 filed

128 1988 45 23 on
187 1977 164 34 Bovard’s
365 1977 121 35 behalf
496 1977 45 44 by
555 1977 116 35 Green
684 1988 39 23 or
735 1988 134 33 anyone
882 1978 70 34 else
965 1977 137 43 against
1114 1977 60 34 the
1186 1982 110 29 estate
1308 1977 39 34 of

195 2133 10 13 4
240 2133 55 24 The
305 2132 89 25 decree
404 2132 133 26 attributes
548 2132 50 26 this
609 2132 107 25 lowered
727 2132 102 25 interest
840 2136 25 21 to
875 2140 15 17 a
901 2132 147 26 “misdeed”
1059 2133 33 31 by
1102 2132 66 25 John
1179 2133 107 24 Hoover.
1298 2133 48 24 We

129 2173 52 25 find
195 2181 32 17 no
240 2173 66 25 basis
320 2173 38 25 for
371 2173 55 26 that
438 2173 144 26 conclusion
596 2177 89 28 except
697 2173 151 32 conjecture.
861 2173 55 26 The
928 2173 74 32 Piper
1014 2177 73 26 trust,
1100 2173 82 25 which
1196 2174 63 24 Mrs.
1273 2173 72 32 Piper

128 2214 88 32 signed
226 2215 24 24 in
259 2215 65 25 June
332 2214 28 26 of
370 2215 70 29 1947,
450 2214 114 33 provides
572 2215 25 25 in
605 2215 68 25 clear
681 2214 50 26 and
740 2214 117 33 repeated
867 2215 125 31 language
1000 2215 55 25 that
1064 2215 44 25 her
1116 2215 103 25 interest
1227 2215 20 25 is
1255 2214 39 26 for
1302 2214 44 25 life

128 2256 67 32 only.
207 2256 77 25 Some
295 2264 72 24 years
379 2256 62 25 later
453 2256 62 26 Mrs.
529 2256 72 33 Piper
612 2256 87 32 signed
711 2260 41 28 yet
763 2256 105 26 another
879 2256 136 26 document
1026 2260 26 22 at
1063 2256 44 25 the
1117 2260 100 28 request
1227 2256 29 25 of
1264 2264 15 17 a
1290 2256 55 25 coal

129 2298 86 29 lessee,
231 2298 149 32 confirming
395 2298 42 25 the
452 2298 52 25 fact
519 2298 56 25 that
590 2298 44 25 her
649 2298 103 25 interest
767 2306 50 17 was
833 2298 38 25 for
886 2298 44 25 life
944 2298 66 32 only.
1026 2298 123 30 Granted,
1165 2298 51 25 Mr.
1232 2298 113 25 Stillwell

129 2339 109 26 testified
246 2340 56 25 that
309 2340 44 25 she
360 2347 57 25 may
425 2340 63 25 have
495 2339 108 33 thought
609 2339 133 33 originally
749 2340 44 25 her
800 2340 103 25 interest
910 2348 51 17 was
968 2340 123 30 absolute,
1099 2340 45 25 but
1151 2339 67 26 what
1225 2347 59 24 may
1291 2340 55 25 well

130 2381 63 25 have
201 2381 63 25 been
273 2381 90 32 simply
371 2389 14 18 a
394 2381 196 32 misconception
598 2385 93 22 cannot
698 2382 122 25 translate
827 2381 53 26 into
888 2389 14 18 a
911 2381 146 26 “misdeed”
1065 2381 72 25 when
1145 2381 43 25 the
1196 2381 150 26 instrument

129 2423 114 31 creating
258 2423 43 25 the
317 2423 101 25 interest
433 2423 94 32 plainly
542 2427 77 21 states
635 2423 19 25 it
669 2423 20 25 is
704 2423 39 25 for
758 2422 43 26 life
815 2423 58 32 only
888 2422 50 26 and
953 2423 73 25 bears
1041 2423 45 25 her
1100 2423 136 31 signature.
