1648 2680
304 255 68 34 610

394 394 75 34 The
480 398 130 30 statute
621 393 28 34 is
661 393 177 42 obviously
849 392 192 34 concerned
1053 392 83 33 with
1148 391 148 43 limiting
1309 391 59 34 the
1379 401 137 32 exemp-

304 444 72 33 tion
402 448 36 29 to
463 443 59 34 the
548 442 122 34 actual
694 441 283 42 manufacturing
1003 451 137 33 process
1166 440 69 34 and
1261 440 59 34 the
1346 440 172 42 language

304 492 133 34 doesn’t
457 492 102 42 begin
579 497 35 28 to
634 491 161 34 embrace
815 491 59 33 the
894 490 162 42 meaning
1076 490 59 33 the
1154 489 196 34 chancellor
1370 488 68 34 and
1458 488 59 34 the

304 541 162 43 majority
486 541 86 34 have
591 540 99 43 given
710 540 37 34 it.
769 539 254 40 Furthermore,
1043 550 68 31 any
1130 538 196 43 exemption
1346 537 170 44 provision

304 596 93 29 must
410 591 43 34 be
464 590 133 43 strictly
610 589 183 35 construed
806 591 139 42 against
958 588 59 35 the
1029 587 196 45 exemption
1239 587 68 35 and
1320 592 36 29 to
1368 586 108 35 doubt
1489 586 28 34 is

304 646 36 30 to
353 640 90 45 deny
457 641 59 35 the
530 640 206 44 exemption.
754 640 31 35 C
798 641 32 33 &
848 640 31 34 C
889 638 209 44 Machinery
1110 649 31 24 v.
1156 637 176 45 Ragland,
1349 638 66 34 278
1430 637 85 34 Ark.

305 692 79 40 629,
402 692 65 34 648
486 690 143 35 S.W.2d
646 691 40 34 61
708 689 138 44 (1983);
862 688 168 45 Ragland
1043 700 30 23 v.
1090 688 85 35 Ark.
1199 688 152 35 Writer’s
1366 689 150 42 Project,

305 742 66 34 287
393 742 85 34 Ark.
504 742 75 40 155,
601 741 67 34 697
689 739 144 36 S.W.2d
853 740 45 34 94
921 738 137 44 (1985).

396 827 14 34 I
424 826 71 35 find
509 837 44 24 no
565 831 143 39 support
720 826 53 34 for
786 826 60 34 the
859 825 162 44 majority
1034 825 147 44 position
1194 824 109 35 under
1316 824 59 34 the
1388 829 130 29 statute

304 887 38 24 or
364 887 62 24 our
449 876 91 44 prior
563 886 106 24 cases.
693 876 74 33 The
789 875 91 34 issue
903 876 15 33 I
941 875 130 34 believe
1094 875 27 33 is
1144 874 154 34 whether
1320 885 20 23 a
1363 874 96 43 piece
1481 873 39 34 of

304 926 201 44 equipment
528 925 112 35 which
664 925 27 34 is
714 924 84 35 used
822 924 248 45 preliminarily
1093 929 36 29 to
1152 924 59 34 the
1234 923 283 43 manufacturing

304 987 137 33 process
452 976 68 34 will
532 976 43 34 be
585 975 201 35 considered
798 986 38 23 as
848 974 102 43 being
962 974 84 35 used
1058 974 190 43 “directly”
1261 974 34 34 in
1307 973 59 35 the
1378 973 139 34 “actual

304 1025 284 42 manufacturing
601 1025 170 43 process.”
785 1024 75 34 The
871 1024 228 34 clarification
1111 1023 164 44 provided
1289 1023 45 43 by
1346 1023 60 34 the
1418 1023 98 42 legis-

305 1075 112 33 lature
428 1075 34 33 in
476 1074 18 42 §
509 1073 353 43 84-3106(D)(2)(c),
874 1073 113 34 would
999 1072 152 35 indicate
1162 1078 69 28 not.
1244 1072 149 34 Neither
1404 1071 113 35 would

304 1134 63 23 our
376 1123 92 43 prior
478 1133 106 24 cases.
594 1122 86 35 Ark.
692 1124 95 41 Rwy.
802 1124 31 32 &
845 1124 127 41 Equip.
986 1123 60 33 Co.
1057 1133 31 22 v.
1098 1121 130 39 Heath,
1239 1132 120 32 supra,
1370 1120 91 34 cited
1471 1121 45 42 by

304 1173 59 33 the
372 1172 162 43 majority
543 1183 37 23 as
590 1172 102 42 being
701 1171 142 40 similar,
853 1171 27 34 is
890 1171 131 43 readily
1029 1170 297 43 distinguishable.
1338 1171 39 33 In
1385 1169 131 41 Heath,

305 1222 59 34 the
388 1232 120 24 cranes
533 1232 90 24 were
647 1220 84 35 used
756 1226 35 29 to
816 1220 129 35 unload
969 1220 57 34 old
1051 1219 150 35 railroad
1226 1230 76 24 cars
1328 1219 76 34 that
1429 1229 89 24 were

305 1271 183 35 converted
513 1272 71 34 into
608 1271 158 34 culverts.
793 1272 178 39 However,
996 1270 59 35 the
1079 1281 120 23 cranes
1223 1280 90 24 were
1337 1269 72 35 also
1432 1268 85 35 used

305 1322 211 43 throughout
541 1322 59 34 the
626 1321 282 43 manufacturing
934 1331 136 34 process
1096 1326 35 29 to
1157 1319 81 35 hold
1263 1320 59 34 the
1347 1330 76 24 cars
1449 1318 68 36 and

305 1372 185 44 reposition
509 1372 96 35 them
623 1383 38 23 as
680 1371 59 35 the
757 1371 285 35 transformation
1061 1381 136 34 process
1216 1370 82 35 took
1316 1370 108 44 place.
1444 1369 74 35 The

305 1423 111 35 initial
425 1427 77 40 part
510 1422 40 35 of
555 1422 59 35 the
622 1422 133 35 crane’s
764 1421 157 36 function
930 1421 39 35 of
974 1421 188 44 unloading
1171 1421 60 35 the
1238 1431 77 24 cars
1324 1419 193 45 comprised

305 1473 79 43 only
404 1473 65 34 five
489 1477 140 39 percent
649 1472 39 35 of
705 1472 43 34 its
769 1472 86 34 total
875 1472 94 34 work
988 1471 94 35 time.

395 1559 74 33 The
481 1558 195 34 chancellor
689 1558 72 34 also
773 1557 69 35 had
854 1557 119 35 before
985 1557 72 34 him
1069 1557 210 43 regulations
1292 1556 69 35 and
1373 1567 20 23 a
1406 1556 112 44 policy

305 1613 187 29 statement
502 1607 242 44 promulgated
755 1607 45 43 by
811 1607 60 34 the
882 1606 271 35 Commissioner
1163 1606 113 34 which
1287 1617 70 23 was
1368 1606 35 34 in
1414 1605 104 35 effect

304 1657 125 43 during
447 1657 59 34 the
525 1657 84 34 time
627 1656 39 35 of
681 1657 59 34 the
759 1656 97 35 audit
874 1656 69 34 and
961 1656 112 34 which
1092 1655 135 35 further
1245 1655 195 34 delineated
1459 1655 59 34 the

305 1707 162 42 meaning
487 1706 40 34 of
544 1706 202 43 “directly”:

430 1791 208 43 Machinery
666 1790 68 35 and
763 1790 201 43 equipment
991 1790 85 34 used
1105 1790 34 33 in
1169 1790 116 33 actual
1313 1789 204 43 production

429 1840 138 34 include
591 1840 200 43 machinery
815 1839 68 34 and
908 1839 201 43 equipment
1133 1839 76 34 that
1233 1843 92 30 meet
1349 1838 46 34 all
1419 1838 98 34 other

429 1889 194 44 applicable
639 1889 250 44 requirements
906 1888 69 35 and
991 1888 113 35 which
1120 1899 105 24 cause
1241 1899 21 24 a
1278 1888 240 43 recognizable

428 1939 69 35 and
513 1939 218 35 measurable
747 1939 227 40 mechanical,
990 1938 181 41 chemical,
1188 1938 174 34 electrical
1376 1948 38 24 or
1430 1938 86 34 elec-

428 1989 111 35 tronic
550 1989 115 34 action
677 1994 35 29 to
724 1989 81 34 take
816 1989 99 43 place
926 2000 37 23 as
976 1999 20 24 a
1008 1999 181 33 necessary
1201 1988 69 34 and
1282 1988 146 43 integral
1440 1993 77 38 part

428 2039 39 34 of
481 2038 293 43 manufacturing,
791 2039 59 34 the
866 2038 149 34 absence
1030 2038 39 34 of
1082 2038 113 34 which
1211 2037 113 35 would
1340 2048 104 24 cause
1459 2037 59 35 the

429 2088 282 43 manufacturing
734 2088 179 44 operation
936 2093 36 29 to
994 2099 110 23 cease.
1129 2087 201 44 “Directly”
1354 2087 81 34 does
1458 2092 59 29 not

429 2150 102 23 mean
546 2139 76 34 that
637 2138 59 35 the
710 2138 201 43 machinery
926 2137 69 35 and
1010 2138 201 43 equipment
1225 2142 93 30 must
1333 2147 98 24 come
1446 2137 71 34 into

428 2188 110 35 direct
563 2188 155 44 physical
744 2193 139 29 contact
908 2188 83 34 with
1017 2198 68 33 any
1110 2187 40 34 of
1172 2187 59 34 the
1256 2187 159 34 material
1441 2187 77 34 that

428 2238 144 35 become
585 2248 182 33 necessary
781 2237 68 35 and
864 2237 147 43 integral
1025 2242 95 39 parts
1134 2237 40 34 of
1184 2237 60 34 the
1257 2236 146 35 finished
1417 2236 99 44 prod-

428 2293 69 29 uct.
515 2287 209 43 Machinery
739 2287 72 35 and
825 2289 201 42 equipment
1042 2286 111 35 which
1171 2286 129 35 handle
1315 2297 80 28 raw,
1413 2288 104 32 semi-

421 2337 160 43 finished
605 2348 41 23 or
663 2336 160 44 finished
848 2336 183 35 materials
1057 2347 41 24 or
1120 2342 168 38 property
1315 2335 119 44 before
1461 2335 57 35 the

429 2386 289 44 manufacturing
725 2397 144 33 process
883 2386 119 44 begins
1016 2397 60 23 are
1089 2392 60 28 not
1164 2385 147 35 utilized
1323 2385 146 43 directly
1484 2388 34 31 in
