1652 2695
300 295 21 32 2

387 1687 209 44 Huckabay,
612 1689 165 38 Munson,
792 1687 153 35 Rowlett
960 1690 31 33 &
1011 1687 120 44 Tilley,
1146 1690 94 40 P.A.,
1255 1689 53 34 for
1321 1689 186 44 appellant.

389 1768 155 43 Cearley,
567 1768 167 35 Mitchell
756 1771 30 32 &
808 1769 184 41 Roachell,
1013 1769 54 35 for
1087 1770 164 43 appellee.

386 1849 99 34 Jack
497 1850 119 40 Holt,
627 1850 68 40 Jr.,
707 1850 107 35 Chief
820 1850 142 35 Justice.

972 1851 75 34 The
1055 1851 177 35 Arkansas
1243 1852 99 34 State
1352 1851 155 35 Medical

296 1898 113 35 Board
437 1898 108 35 found
571 1899 77 34 that
674 1900 188 43 appellant,
888 1900 62 34 Dr.
977 1901 65 34 Pat
1067 1901 211 43 Livingston,
1303 1902 204 34 committed

296 1948 154 43 “grossly
474 1948 174 44 negligent
672 1959 38 24 or
733 1949 160 43 ignorant
916 1950 247 43 malpractice”
1188 1951 68 34 and
1279 1950 144 35 ordered
1446 1951 61 34 her

296 1998 126 34 license
439 1998 194 43 suspended
652 1998 53 34 for
725 2000 43 33 30
786 1999 95 43 days.
900 1999 75 34 The
992 1999 120 35 doctor
1129 2000 167 43 appealed
1315 2005 35 29 to
1367 2001 139 34 Pulaski

295 2047 135 35 Circuit
445 2047 110 35 Court
570 2048 114 34 where
698 2048 59 35 the
771 2048 137 35 board’s
923 2049 152 35 decision
1089 2060 70 24 was
1174 2049 137 44 upheld.
1329 2050 31 34 It
1374 2050 27 34 is
1416 2049 91 36 from

294 2097 77 35 that
395 2097 141 44 holding
561 2098 77 35 that
662 2098 67 34 this
754 2098 124 45 appeal
903 2099 28 34 is
955 2099 160 44 brought.
1141 2099 75 35 Our
1236 2099 218 44 jurisdiction
1479 2100 28 35 is

294 2152 169 39 pursuant
472 2153 37 29 to
518 2148 84 44 Sup.
614 2148 57 34 Ct.
683 2149 43 34 R.
737 2148 160 44 29(1)(c)
909 2160 38 23 as
958 2149 67 34 this
1035 2159 80 25 case
1124 2160 69 24 was
1204 2149 154 35 certified
1368 2155 35 29 to
1412 2161 40 23 us
1462 2150 46 44 by

295 2197 59 35 the
364 2197 110 34 Court
484 2197 40 35 of
530 2198 153 44 Appeals
694 2203 35 29 to
740 2198 166 44 interpret
915 2199 85 34 Ark.
1011 2199 90 35 Stat.
1112 2200 92 33 Ann.
1217 2200 17 42 §
1248 2200 127 34 72-613
1389 2199 116 45 (Repl.

299 2247 87 35 1979
407 2247 69 34 and
496 2247 108 45 Supp.
630 2248 117 43 1985).

384 2328 75 35 The
471 2329 92 34 basis
576 2328 40 35 of
625 2329 60 34 the
697 2329 137 35 board’s
848 2330 115 34 action
976 2341 70 24 was
1059 2330 76 35 that
1149 2331 60 34 Dr.
1224 2331 199 42 Livingston
1436 2331 70 35 had

294 2378 233 44 “negligently
537 2378 69 35 and
615 2379 199 44 repeatedly
823 2379 189 44 diagnosed
1022 2379 68 35 and
1100 2380 188 35 confirmed
1298 2380 58 34 the
1365 2380 141 43 diagno-

294 2428 45 34 sis
358 2427 39 35 of
413 2438 198 34 pregnancy
629 2428 40 35 of
685 2440 20 23 a
724 2429 128 35 female
871 2430 133 43 patient
1022 2440 80 24 over
1121 2441 20 23 a
1160 2430 118 43 period
1297 2430 39 34 of
1352 2430 78 34 four
1451 2430 53 43 (4)
