1632 2688
301 399 58 34 the
372 400 136 33 remark
519 410 86 32 gave
617 399 58 34 the
686 399 144 34 decided
842 410 217 33 appearance
1070 400 76 34 that
1158 400 59 34 the
1228 400 106 34 issues
1347 400 68 34 had
1427 400 87 34 been

301 449 286 43 predetermined.

302 262 66 32 216

394 527 192 39 Moreover,
611 526 59 34 the
689 526 136 43 judge’s
850 532 192 29 comments
1066 538 89 23 were
1178 532 59 29 not
1261 526 138 35 derived
1424 526 90 35 from

301 580 96 29 extra
407 575 144 42 judicial
565 586 148 29 sources,
728 576 61 33 but
802 587 89 22 were
904 576 227 34 attributable
1143 577 79 42 only
1235 581 35 29 to
1283 576 93 34 what
1389 576 43 34 he
1444 576 69 34 had

301 624 139 34 learned
456 625 106 33 about
577 625 59 33 the
650 635 80 23 case
744 630 36 29 at
795 625 59 34 the
868 625 200 42 sentencing
1083 625 154 43 hearing.
1253 626 57 33 An
1325 626 188 42 analogous

300 674 164 34 situation
477 674 165 34 occurred
655 674 34 34 in
704 673 127 35 United
840 675 122 33 States
972 685 30 23 v.
1017 674 158 34 Grinnell
1188 675 243 43 Corporation,
1446 675 67 34 384

301 724 83 34 U.S.
414 724 66 34 586
510 723 137 43 (1966),
676 724 113 34 where
816 724 59 34 the
901 724 170 44 Supreme
1098 724 110 34 Court
1235 724 107 34 found
1370 725 143 43 nothing

301 774 172 44 improper
484 774 97 34 when
593 774 58 34 the
661 774 78 35 trial
747 774 108 44 judge
865 774 182 44 expressed
1057 780 117 38 strong
1185 774 156 45 opinions
1351 785 161 24 concern-

301 824 56 43 ing
378 825 59 34 the
457 824 109 44 proof.

452 901 152 43 Under
621 901 100 34 Point
738 902 21 33 2
775 902 176 42 appellant
967 907 97 28 notes
1081 902 76 34 that
1173 901 125 43 during
1314 913 20 23 a
1351 913 110 23 recess
1479 902 34 34 in

300 950 59 33 the
369 950 90 33 Rule
470 951 42 32 37
523 950 143 42 hearing
676 950 59 34 the
745 950 78 34 trial
829 950 109 43 judge
947 950 137 35 showed
1094 951 139 33 counsel
1244 951 53 33 for
1307 951 176 43 appellant
1492 962 20 23 a

300 999 146 33 number
458 998 39 34 of
507 999 234 43 photographs
753 999 39 33 of
802 999 59 34 the
872 999 119 34 victim
1003 1000 112 33 which
1128 1000 69 33 had
1210 1000 86 33 been
1310 1000 202 34 introduced

300 1052 36 29 at
348 1047 211 43 sentencing,
573 1048 154 42 showing
740 1048 58 34 the
810 1059 116 23 severe
939 1053 137 29 trauma
1089 1053 36 29 to
1137 1049 61 33 her
1211 1049 110 34 entire
1333 1048 100 44 body.
1449 1049 65 34 We

299 1107 65 23 can
375 1097 118 34 attach
505 1108 43 23 no
558 1102 98 37 great
666 1097 222 43 significance
897 1102 35 29 to
942 1098 67 34 this
1020 1097 163 35 incident.
1194 1098 75 34 The
1278 1098 234 44 photographs

299 1157 89 24 were
399 1152 78 38 part
489 1146 38 35 of
536 1147 59 34 the
605 1146 120 35 record
737 1147 68 34 and
817 1147 59 34 the
884 1147 108 43 judge
1003 1158 81 33 may
1095 1148 88 34 have
1194 1147 163 35 intended
1369 1148 143 43 nothing

299 1196 98 34 other
414 1196 84 35 than
516 1202 35 29 to
568 1197 93 34 show
678 1197 149 41 counsel,
846 1197 76 34 who
938 1197 59 34 did
1015 1202 59 30 not
1090 1203 176 38 represent
1283 1198 177 44 appellant
1477 1203 36 29 at

299 1247 211 43 sentencing,
526 1247 93 34 what
635 1247 43 34 he
693 1246 69 36 had
778 1247 200 35 considered
994 1248 34 34 in
1044 1248 106 43 fixing
1165 1248 60 34 the
1240 1253 161 30 sentence
1416 1259 37 24 as
1469 1248 44 35 he

299 1296 69 35 did.

482 1375 49 33 At
540 1374 59 35 the
607 1374 92 35 close
707 1374 39 35 of
751 1374 59 35 the
819 1375 91 34 Rule
920 1376 42 33 37
973 1375 143 43 hearing
1125 1375 59 35 the
1188 1375 109 44 judge
1305 1375 103 35 made
1416 1387 97 23 some

298 1423 234 35 observations
550 1424 106 34 about
672 1424 52 35 his
742 1424 243 36 deliberations
1002 1425 92 44 prior
1110 1430 36 30 to
1163 1425 68 35 and
1248 1430 36 30 at
1300 1426 59 34 the
1375 1426 85 34 time
1476 1426 39 34 of

298 1474 211 43 sentencing,
532 1474 111 34 which
666 1474 59 34 the
746 1475 176 43 appellant
944 1486 75 23 now
1042 1475 114 35 insists
1178 1486 60 24 are
1258 1475 253 44 objectionable

298 1523 109 34 under
419 1523 96 35 Unif.
529 1525 42 32 R.
585 1524 95 34 Evid.
694 1525 78 40 605,
785 1525 112 34 which
909 1525 167 43 prohibits
1088 1536 20 23 a
1120 1525 174 43 presiding
1301 1525 108 43 judge
1420 1525 91 35 from

298 1573 177 43 testifying
488 1584 37 23 as
538 1584 19 23 a
570 1574 136 34 witness
719 1574 34 34 in
765 1574 59 34 the
835 1585 89 23 case.
939 1575 65 33 We
1016 1575 106 42 reject
1134 1575 59 34 the
1204 1580 194 37 argument,
1411 1586 37 23 as
1460 1586 52 23 we

297 1622 44 34 do
368 1628 59 29 not
454 1623 165 43 interpret
646 1623 89 35 Rule
762 1624 65 34 605
856 1635 38 23 as
920 1624 211 43 prohibiting
1158 1624 59 34 the
1239 1624 108 43 judge
1372 1629 36 30 at
1435 1630 76 38 post

297 1672 193 34 conviction
502 1672 222 44 proceedings
737 1672 90 35 from
839 1674 236 42 commenting
1086 1684 44 24 on
1142 1674 78 43 why
1231 1674 44 34 he
1285 1674 155 43 imposed
1452 1674 59 34 the

297 1727 161 29 sentence
468 1722 43 34 he
520 1722 70 40 did,
601 1722 223 43 particularly
834 1722 34 34 in
879 1723 87 42 light
975 1722 39 35 of
1020 1723 60 34 the
1089 1723 204 43 allegations
1303 1723 76 35 that
1388 1724 44 34 he
1440 1735 70 23 was

298 1771 209 43 prejudiced.

480 1848 189 43 Appellant
681 1848 72 34 also
765 1848 191 43 complains
968 1848 77 34 that
1057 1849 59 33 the
1123 1848 136 43 judge’s
1271 1854 191 29 comments
1475 1849 35 34 in

297 1907 20 24 a
331 1896 100 35 letter
443 1896 175 44 following
631 1897 59 34 the
702 1897 143 44 hearing
858 1898 118 34 reflect
989 1909 44 23 an
1047 1909 41 23 ex
1100 1904 99 38 parte
1211 1899 240 43 investigation
1464 1899 46 43 by

296 1946 59 34 the
369 1946 118 43 judge.
506 1948 48 33 At
573 1947 58 34 the
649 1947 142 43 hearing
809 1948 60 35 the
886 1948 117 43 public
1021 1948 176 41 defender,
1215 1948 76 35 who
1308 1948 69 35 had
1395 1960 113 32 repre­

296 1996 119 34 sented
428 1996 59 34 the
498 1997 176 43 appellant
685 2002 36 29 at
732 1997 59 34 the
803 1997 84 35 time
898 1997 40 35 of
946 1998 211 43 sentencing,
1170 1998 68 34 had
1250 1998 86 35 been
1348 1998 111 35 called
1471 2010 37 23 as

296 2056 20 23 a
329 2046 137 34 witness
480 2046 53 34 for
545 2046 176 44 appellant
735 2047 61 34 but
809 2058 69 23 was
892 2047 127 35 unable
1031 2053 36 29 to
1080 2048 193 34 remember
1285 2048 104 34 much
1402 2048 107 35 about

296 2095 59 34 the
364 2106 89 24 case.
464 2096 75 34 The
544 2096 137 43 judge’s
691 2097 100 34 letter
801 2096 104 35 noted
915 2097 76 34 that
1001 2097 59 34 the
1070 2097 116 44 public
1195 2097 165 35 defender
1370 2097 69 35 had
1449 2103 59 29 not

296 2145 86 34 been
394 2145 221 44 subpoenaed
626 2156 62 24 nor
699 2157 83 23 even
794 2146 72 34 told
878 2146 107 35 about
996 2147 59 34 the
1066 2147 153 43 hearing,
1231 2147 62 34 but
1304 2148 139 34 counsel
1455 2147 54 35 for

295 2195 177 44 appellant
489 2195 69 35 had
575 2195 125 44 simply
718 2196 231 35 encountered
967 2197 72 34 him
1057 2197 45 43 by
1118 2197 131 34 chance
1266 2202 36 29 at
1319 2197 59 34 the
1394 2202 113 30 court­

295 2245 107 34 house
415 2245 68 34 and
496 2245 69 34 had
579 2245 106 35 asked
697 2246 73 34 him
783 2251 35 29 to
831 2246 128 44 testify.
973 2247 106 40 Thus,
1093 2247 44 34 he
1148 2246 69 35 had
1230 2257 44 24 no
1287 2247 222 44 opportunity

295 2300 35 28 to
351 2295 122 34 review
494 2295 52 34 his
566 2295 57 34 file
644 2295 68 35 and
733 2307 70 23 was
823 2296 296 44 understandably
1139 2296 240 44 handicapped
1400 2297 35 34 in
1455 2297 53 34 his

295 2344 218 34 recollection
528 2344 39 35 of
577 2345 59 34 the
650 2350 115 29 events
780 2345 39 35 of
829 2350 67 30 two
910 2357 99 32 years
1023 2346 133 34 earlier.
1171 2346 186 35 Whatever
1371 2357 81 33 may
1466 2347 43 34 be

295 2394 74 34 said
380 2394 39 34 of
427 2394 59 34 the
497 2400 194 38 argument,
703 2395 26 34 it
740 2395 27 34 is
778 2395 178 35 collateral
966 2400 36 30 to
1013 2396 59 34 the
1082 2396 107 34 issues
1200 2396 206 43 concerning
1418 2396 91 34 Rule
