1674 2704
160 404 270 36 considerations
442 405 34 35 in
488 405 59 35 the
558 416 80 24 case
649 406 76 34 that
736 416 81 33 may
828 406 87 34 have
925 406 87 34 been
1024 416 96 25 more
1130 406 127 44 pivotal
1269 406 34 35 in
1315 406 59 34 the

159 455 128 34 court’s
311 454 151 35 decision
486 455 86 35 than
596 455 58 35 the
678 456 234 34 construction
935 456 39 35 of
995 455 59 35 the
1078 456 182 43 language,
1284 456 89 35 their

160 505 176 43 approach
357 510 35 30 to
412 505 58 35 the
490 505 173 44 language
682 505 28 34 is
731 505 229 35 nevertheless
981 506 210 35 instructive.

1305 265 66 35 465

253 588 39 33 In
304 588 134 42 Long v.
453 587 153 43 Wayble,
618 588 43 34 48
674 587 155 45 Or.App.
842 588 158 40 851, 618
1013 586 84 36 P.2d
1109 588 45 34 22
1167 587 137 44 (1980),
1315 588 59 35 the

160 642 158 30 contract
327 636 93 42 read,
431 637 146 35 “Lessor
587 648 120 32 agrees
717 643 35 29 to
761 637 76 44 give
846 638 107 34 lessee
962 638 74 35 first
1045 637 92 44 right
1146 638 39 34 of
1191 637 128 36 refusal
1329 649 44 24 on

161 687 171 44 purchase
341 687 38 35 of
386 687 67 35 this
463 692 180 40 property.
672 716 6 6 .
706 693 54 29 .at
770 699 44 24 an
825 687 121 44 asking
956 687 94 45 price
1058 687 40 36 of
1106 688 184 41 $35,000.”
1300 688 75 35 The

161 738 106 34 lessor
283 736 59 35 did
359 742 59 30 not
434 737 110 44 notify
561 737 59 35 the
636 738 108 34 lessee
760 737 39 36 of
812 749 68 33 any
895 738 111 35 intent
1022 738 69 35 and
1108 737 140 36 entered
1264 738 73 36 into
1353 749 20 24 a

161 786 117 44 listing
308 792 198 38 agreement
536 787 122 43 asking
688 788 161 40 $49,000.
878 788 75 35 The
981 788 109 35 lessee
1118 787 192 45 attempted
1339 793 36 30 to

161 837 152 34 exercise
323 837 52 34 his
387 836 91 43 right
488 836 39 35 of
535 837 74 34 first
621 837 129 35 refusal
761 837 68 35 and
840 838 59 34 the
910 848 114 24 owner
1035 838 82 35 then
1128 837 177 36 withdrew
1315 838 60 35 the

161 891 163 39 property
337 886 89 34 from
439 887 59 34 the
511 886 135 35 market
659 887 69 34 and
741 887 156 35 declined
910 892 36 30 to
958 887 61 35 sell
1032 893 36 29 to
1080 887 153 45 plaintiff
1243 887 54 35 for
1308 888 67 34 less

161 935 85 35 than
271 936 160 40 $45,000.
456 936 75 34 The
554 942 99 28 court
677 936 113 35 stated
813 937 77 35 that
913 937 59 34 the
995 936 138 45 dispute
1155 938 35 34 in
1214 937 59 34 the
1295 948 80 24 case

161 985 193 35 concerned
363 985 154 35 whether
527 986 60 34 the
596 991 57 29 act
664 985 38 35 of
709 986 117 43 listing
836 986 60 35 the
905 992 162 39 property
1077 986 54 35 for
1141 987 72 34 sale
1222 987 153 35 satisfied

161 1034 60 35 the
243 1034 175 35 condition
442 1035 186 43 precedent
651 1041 35 29 to
709 1036 60 34 the
791 1035 135 35 lessee’s
950 1036 93 43 right
1065 1041 36 30 to
1124 1036 169 44 purchase
1316 1037 59 34 the

161 1084 164 44 property
325 1084 43 44 —
368 1084 80 44 that
460 1084 60 35 the
532 1085 106 34 lessor
650 1085 44 35 be
704 1085 129 43 willing
845 1091 36 29 to
893 1086 72 35 sell.
978 1085 76 35 The
1065 1086 106 34 lessor
1183 1086 192 34 contended

161 1133 77 35 that
255 1134 115 43 listing
387 1134 59 34 the
461 1139 162 39 property
639 1145 70 24 was
726 1140 59 30 not
801 1146 45 23 an
862 1135 87 35 offer
965 1140 36 30 to
1017 1136 72 41 sell,
1107 1135 62 35 but
1185 1136 129 43 merely
1330 1147 44 25 an

161 1183 182 36 invitation
352 1189 36 30 to
397 1184 103 35 make
509 1195 45 23 an
563 1184 88 35 offer
661 1184 68 35 and
738 1185 77 35 that
824 1185 60 35 the
892 1185 137 35 lessee’s
1039 1185 92 44 right
1140 1184 59 36 did
1208 1190 59 30 not
1276 1196 100 24 come

162 1234 73 34 into
247 1233 80 46 play
339 1234 85 34 until
436 1245 96 24 some
544 1234 92 35 third
649 1239 101 39 party
761 1234 103 35 made
875 1246 44 24 an
931 1235 88 35 offer
1031 1235 201 44 acceptable
1244 1240 35 30 to
1290 1235 83 35 him.

253 1315 75 35 The
341 1315 140 44 Wayble
489 1321 100 30 court
597 1315 251 45 distinguished
858 1317 60 35 the
926 1327 80 25 case
1015 1317 119 35 before
1142 1317 27 35 it
1178 1317 91 35 from
1277 1317 99 36 those

161 1365 115 35 where
288 1365 59 35 the
359 1365 90 43 right
461 1365 40 36 of
510 1366 74 35 first
597 1366 129 35 refusal
739 1367 81 35 does
833 1372 59 30 not
904 1367 133 44 specify
1049 1379 20 23 a
1082 1367 188 45 particular
1282 1367 93 45 price

162 1420 37 30 at
209 1415 112 35 which
333 1416 58 34 the
401 1426 114 25 owner
524 1416 114 35 would
649 1417 44 35 be
702 1417 128 44 willing
841 1422 35 30 to
887 1417 72 42 sell,
970 1417 124 36 should
1104 1417 44 36 he
1158 1418 87 35 later
1255 1418 121 35 decide

161 1471 36 29 to
217 1465 45 36 do
282 1476 47 24 so.
351 1465 73 36 The
443 1471 99 30 court
562 1466 86 36 said:

288 1548 39 34 In
338 1548 84 35 such
434 1559 107 30 cases,
553 1549 60 34 the
624 1549 143 35 owner’s
778 1549 207 43 willingness
997 1555 36 29 to
1043 1550 62 35 sell
1116 1550 28 34 is
1156 1550 219 35 conditioned

287 1608 92 34 upon
396 1599 132 42 getting
546 1609 45 24 an
609 1599 202 43 acceptable
827 1600 94 43 price
938 1600 54 34 for
1009 1600 60 34 the
1085 1605 162 39 property
1263 1606 37 29 at
1317 1600 59 35 the

287 1647 84 35 time
382 1647 43 35 he
435 1648 119 34 makes
565 1648 60 35 the
635 1648 152 35 decision
798 1653 35 30 to
844 1649 61 35 sell
916 1649 69 35 and
996 1660 45 23 an
1052 1649 88 35 offer
1150 1650 91 34 from
1251 1661 20 24 a
1283 1650 92 35 third

287 1702 101 39 party
398 1697 27 34 is
435 1708 183 33 necessary
628 1703 35 29 to
673 1698 165 35 establish
848 1699 77 34 that
935 1699 103 44 price.
1067 1727 6 7 .
1101 1727 7 6 .
1136 1701 58 33 .In
1205 1699 70 35 this
1284 1710 89 29 case,

287 1758 49 23 we
354 1747 168 35 conclude
541 1748 77 34 that
637 1748 59 35 the
714 1748 120 35 clause
852 1751 30 32 is
900 1748 96 36 clear
1014 1749 86 40 that,
1122 1749 36 44 if
1168 1749 208 44 defendants

287 1796 147 36 decided
445 1803 36 29 to
492 1797 67 35 sell
571 1797 59 35 the
637 1804 169 37 property
817 1805 37 28 at
866 1798 60 40 all,
941 1798 81 43 they
1034 1798 118 36 would
1154 1799 85 43 first
1250 1799 89 43 offer
1349 1802 27 32 it

288 1852 36 28 to
339 1846 167 44 plaintiff
517 1847 55 34 for
592 1847 162 41 $35,000.
778 1847 91 42 (Our
889 1848 202 44 emphasis.)

253 1926 92 36 That
365 1933 98 29 court
483 1927 83 35 then
587 1927 109 36 found
717 1929 170 34 sufficient
907 1929 173 42 evidence,
1102 1929 53 35 i.e.
1177 1929 59 35 the
1256 1930 119 43 signed

161 1986 133 34 agency
311 1977 254 34 authorization
582 1982 36 29 to
634 1977 61 35 sell
712 1978 59 34 the
787 1983 161 38 property
964 1978 69 35 and
1050 1979 59 34 the
1125 1979 117 42 listing
1257 1989 117 33 agree-

161 2030 97 30 ment
270 2025 112 35 which
395 2026 202 35 authorized
610 2027 59 34 the
681 2027 127 34 realtor
820 2032 35 29 to
867 2033 121 38 accept
1001 2038 20 23 a
1033 2027 135 45 deposit
1180 2027 68 35 and
1260 2033 116 31 create

161 2085 45 25 an
218 2085 128 25 escrow
358 2075 53 35 for
422 2075 141 44 closing.
576 2076 75 35 The
662 2082 99 29 court
772 2076 90 42 held,
874 2077 35 35 in
921 2077 115 41 effect,
1048 2077 77 35 that
1137 2088 20 24 a
1168 2077 207 44 willingness

161 2130 37 30 to
208 2125 62 35 sell
280 2125 81 45 only
371 2130 36 31 at
418 2137 20 23 a
449 2126 121 43 higher
581 2126 94 45 price
685 2137 38 24 or
733 2132 60 30 not
803 2132 37 30 at
851 2127 56 41 all,
919 2127 28 35 is
957 2127 70 36 still
1038 2139 20 23 a
1069 2127 260 36 manifestation
1339 2128 40 35 of

161 2186 45 24 an
216 2175 111 35 intent
336 2181 36 29 to
381 2176 70 35 sell.
462 2176 75 35 The
545 2182 99 29 court
653 2176 86 42 said,
750 2177 97 35 “The
855 2177 73 35 fact
937 2178 77 34 that
1023 2177 207 36 defendants
1239 2189 91 32 may,
1340 2178 35 35 in

162 2230 200 39 retrospect,
384 2225 86 35 have
490 2226 103 35 made
613 2237 20 24 a
654 2226 69 35 bad
744 2227 144 42 bargain
908 2227 28 34 is
956 2227 246 35 immaterial.”

254 2306 40 34 In
314 2308 176 33 Turner v.
506 2306 122 41 Shirk,
645 2308 45 34 49
707 2307 195 44 Ill.App.3d
918 2308 80 41 764,
1015 2309 20 33 7
1053 2308 140 34 Ill.Dec.
1210 2308 80 41 461,
1309 2308 68 34 364

162 2355 139 36 N.E.2d
321 2356 67 35 622
409 2355 137 44 (1977),
565 2356 60 35 the
642 2362 99 29 court
760 2357 108 35 found
886 2368 20 24 a
926 2357 135 35 “desire
1078 2363 36 30 to
1132 2357 84 36 sell”
1235 2357 140 36 demon­

162 2405 133 36 strated
308 2405 45 45 by
367 2417 21 25 a
401 2405 151 36 decision
565 2412 37 30 to
615 2406 82 36 hold
711 2418 45 24 an
770 2407 139 36 auction
923 2408 68 35 and
1005 2408 138 44 putting
1157 2419 20 24 a
1191 2407 78 36 “for
1282 2408 93 35 sale”
