1659 2687
306 404 108 34 under
432 404 68 34 due
518 413 135 34 process
672 402 194 42 standards,
885 414 20 23 a
924 407 130 30 statute
1072 403 116 34 “must
1206 402 75 43 give
1300 412 19 24 a
1339 412 121 33 person
1479 400 39 35 of

306 454 161 42 ordinary
479 453 217 43 intelligence
707 452 66 35 fair
785 453 113 34 notice
909 452 76 34 that
997 452 51 33 his
1060 450 256 44 contemplated
1327 451 149 34 conduct
1487 451 27 33 is

306 502 182 34 forbidden
506 502 68 34 and
591 503 26 33 it
635 507 92 29 must
744 506 59 29 not
820 501 43 34 be
879 512 37 23 so
932 512 111 31 vague
1061 501 68 34 and
1146 499 233 35 standardless
1396 500 76 34 that
1489 500 25 33 it

306 552 112 33 leaves
427 551 125 42 judges
565 550 73 35 free
650 556 35 29 to
698 550 131 40 decide,
842 550 145 34 without
999 560 68 32 any
1080 550 125 42 legally
1217 549 90 33 fixed
1321 548 192 40 standards,

306 600 92 35 what
419 600 27 34 is
468 599 194 45 prohibited
684 599 68 35 and
773 599 93 35 what
886 599 28 34 is
936 604 58 29 not
1015 609 44 23 on
1081 610 20 23 a
1122 609 79 24 case
1223 598 45 43 by
1288 608 80 24 case
1389 597 125 35 basis.”

310 649 200 45 Thompson
523 661 30 23 v.
568 650 184 34 Arkansas
765 649 123 34 Social
900 649 167 38 Services,
1083 659 123 33 supra;
1218 649 108 33 Davis
1339 659 30 23 v.
1384 646 128 42 Smith,

306 700 67 34 266
389 700 85 34 Ark.
496 700 74 40 112,
589 701 65 33 583
672 698 142 35 S.W.2d
832 701 41 32 37
893 697 137 44 (1979).
1047 698 82 35 This
1146 698 27 34 is
1189 703 59 29 not
1264 708 20 23 a
1300 698 101 43 penal
1416 698 62 33 but
1494 708 19 23 a

306 749 202 44 procedural
518 754 139 30 statute.
669 749 66 34 See
743 749 257 43 Papachristou
1008 759 30 23 v.
1052 748 79 43 City
1140 747 46 44 of
1187 747 248 41 Jacksonville,
1446 748 66 33 405

306 800 83 34 U.S.
407 800 63 34 156
485 799 290 43 (1972); State v.
788 800 141 42 Bryant,
943 799 67 33 219
1022 798 85 35 Ark.
1122 799 77 39 313,
1213 798 63 33 241
1292 797 220 35 S.W.2d 473

307 849 137 43 (1951).
474 848 193 44 Flexibility
694 848 68 35 and
790 848 202 35 reasonable
1019 848 145 35 breadth
1192 848 34 34 in
1253 858 20 23 a
1300 852 129 30 statute
1456 858 58 23 are

306 899 224 44 permissible,
549 899 116 35 rather
684 898 84 35 than
786 899 204 34 meticulous
1009 898 189 44 specificity
1215 908 38 24 or
1271 902 98 38 great
1388 896 125 35 exacti­

305 949 93 41 tude,
415 960 37 23 so
467 949 79 43 long
561 959 38 25 as
615 949 42 34 its
673 948 103 35 reach
792 948 27 34 is
834 949 128 43 clearly
976 948 136 34 defined
1128 948 34 34 in
1178 947 110 35 words
1304 947 39 35 of
1355 957 159 25 common

306 998 281 43 understanding.
608 1001 109 32 Davis
735 1009 30 23 v.
785 998 128 39 Smith,
935 1009 119 32 supra.
1075 998 75 34 The
1169 1002 130 30 statute
1318 997 156 44 provides
1495 1007 19 23 a

306 1048 202 34 reasonable
519 1048 73 33 rule
602 1048 39 34 of
649 1047 123 34 thumb
783 1052 36 29 to
829 1047 104 43 guide
940 1047 124 43 judges
1076 1048 34 33 in
1121 1046 230 43 determining
1362 1046 153 34 whether

305 1107 20 23 a
336 1096 204 44 videotaped
553 1096 191 44 deposition
756 1096 27 34 is
791 1096 165 43 justified.
970 1097 112 41 Many
1093 1096 129 34 factors
1234 1106 65 23 can
1311 1095 69 35 and
1392 1095 122 34 should

305 1146 43 33 be
365 1145 200 35 considered
583 1146 34 34 in
635 1145 230 44 determining
882 1146 93 34 what
993 1145 27 34 is
1038 1145 89 43 good
1145 1156 113 23 cause.
1276 1145 75 34 The
1368 1145 145 34 circum­

305 1200 135 30 stances
451 1196 229 42 surrounding
691 1195 58 34 the
759 1195 141 41 offense,
912 1195 59 34 the
981 1194 121 35 child’s
1113 1205 75 33 age,
1200 1194 68 35 and
1279 1194 59 35 the
1348 1194 166 44 potential

305 1245 100 34 harm
425 1250 36 29 to
481 1245 58 34 the
559 1245 92 34 child
671 1244 112 35 would
804 1244 43 35 be
867 1256 20 23 a
908 1244 65 35 few
993 1244 39 34 of
1049 1244 97 35 these
1166 1244 139 34 factors.

308 263 67 34 394

512 1331 174 34 McGuire
706 1330 164 34 contends
892 1330 76 34 that
990 1329 57 35 the
1068 1334 130 30 statute
1218 1329 27 34 is
1266 1328 170 35 defective
1457 1329 56 34 be­

305 1390 103 24 cause
431 1380 26 34 it
480 1379 81 35 does
585 1385 59 29 not
667 1379 140 44 provide
829 1379 138 35 criteria
990 1379 54 34 for
1067 1378 230 43 determining
1320 1379 59 34 the
1403 1378 110 43 “good

305 1429 125 35 cause”
454 1428 158 44 required
634 1434 36 29 to
692 1428 99 35 order
813 1440 20 23 a
855 1428 205 44 videotaped
1082 1428 202 44 deposition.
1308 1428 74 35 The
1403 1427 110 35 words

305 1478 112 43 “good
439 1478 125 35 cause”
587 1478 91 35 form
700 1489 20 24 a
742 1489 159 24 common
924 1478 89 43 legal
1035 1478 135 43 phrase,
1194 1477 152 36 familiar
1368 1483 35 29 to
1425 1482 90 30 most

305 1529 130 43 people.
454 1528 140 35 Similar
612 1529 171 42 language
799 1528 62 35 has
879 1528 86 35 been
982 1528 128 43 upheld
1128 1528 45 44 by
1189 1528 99 34 other
1304 1533 125 29 courts.
1448 1527 66 34 See

310 1579 181 34 Walden
507 1577 362 45 v. Tulsair Beechcraft,
882 1580 81 39 Inc.,
976 1578 43 34 96
1032 1578 129 34 F.R.D.
1175 1579 43 33 34
1231 1577 138 43 (1982);
1381 1578 133 34 Gerson

304 1639 30 23 v.
357 1629 143 40 Gerson,
526 1629 62 33 148
610 1629 80 33 N.J.
713 1628 121 43 Super.
861 1629 75 40 194,
959 1629 67 33 372
1047 1627 92 35 A.2d
1162 1628 67 34 374
1252 1627 137 43 (1977).
1411 1627 103 35 Since

305 1678 188 43 specificity
508 1678 27 34 is
552 1683 59 29 not
626 1689 43 23 an
685 1678 157 34 absolute
856 1678 243 43 requirement,
1116 1689 51 23 we
1182 1677 71 34 find
1268 1677 59 35 the
1342 1682 129 30 statute
1486 1677 27 34 is

305 1733 59 29 not
384 1727 342 43 unconstitutionally
744 1737 121 33 vague.

512 1814 30 32 5.
561 1812 137 35 GOOD
717 1812 159 36 CAUSE
895 1812 105 35 WAS
1019 1812 103 35 NOT
1139 1812 183 34 SHOWN
1339 1812 61 34 SO
1417 1812 96 34 THE

304 1862 306 35 VIDEOTAPED
625 1862 292 35 DEPOSITION
933 1862 105 34 WAS
1053 1862 103 35 NOT
1170 1861 253 35 JUSTIFIED.
1439 1861 74 34 The

304 1912 161 34 evidence
476 1911 252 35 substantiated
739 1912 59 34 the
808 1912 79 34 trial
895 1911 136 44 judge’s
1042 1911 152 35 decision
1204 1912 77 34 that
1292 1911 26 35 it
1328 1922 70 24 was
1408 1912 35 34 in
1454 1911 59 34 the

304 1960 75 35 best
392 1961 141 34 interest
546 1960 39 35 of
595 1962 59 33 the
666 1961 92 34 child
771 1966 36 29 to
820 1962 100 34 allow
934 1961 59 34 the
1004 1961 205 44 videotaped
1223 1961 201 43 deposition.
1439 1961 74 34 The

304 2011 184 43 testimony
503 2010 39 34 of
554 2010 59 35 the
627 2010 250 44 grandparents
893 2010 174 35 indicated
1082 2011 77 34 that
1174 2011 59 34 the
1247 2010 92 35 child
1354 2010 101 35 could
1470 2010 43 34 be

303 2060 165 43 seriously
478 2060 143 35 harmed
632 2060 30 35 if
669 2059 117 36 forced
797 2065 35 29 to
843 2071 129 33 appear
983 2059 118 36 before
1110 2071 21 24 a
1138 2060 90 43 jury.
1241 2060 65 34 We
1315 2065 126 29 cannot
1451 2071 60 32 say

303 2109 59 35 the
381 2110 79 34 trial
480 2115 98 29 court
598 2121 69 23 was
688 2110 127 43 clearly
835 2121 116 32 wrong
972 2110 35 34 in
1027 2110 43 34 its
1090 2110 162 34 decision.

511 2195 30 34 6.
583 2195 97 35 THE
720 2195 219 35 STATUTE
978 2195 237 35 VIOLATES
1257 2194 254 35 McGUIRE’S

304 2245 153 34 RIGHT
479 2244 63 35 TO
565 2244 199 35 COMPEL
786 2245 336 34 ATTENDANCE
1144 2245 62 34 OF
1228 2244 283 35 WITNESSES.

303 2294 174 35 McGuire
488 2294 84 34 cites
584 2305 44 24 no
640 2294 176 44 authority
826 2295 54 34 for
892 2295 51 34 his
956 2300 194 37 argument,
1164 2295 61 34 but
1237 2295 196 42 essentially
1444 2294 67 34 this

302 2354 96 25 same
417 2350 183 37 argument
618 2355 69 24 was
707 2344 103 34 made
828 2345 34 34 in
881 2344 52 35 his
952 2344 126 35 second
1097 2344 69 35 and
1184 2343 93 35 third
1296 2345 122 42 points.
1438 2344 75 34 The

302 2393 137 35 witness
450 2404 69 24 was
530 2399 137 38 present
678 2399 36 29 at
724 2394 59 34 the
793 2394 90 41 trial,
895 2394 62 34 but
968 2394 45 43 by
1023 2393 192 45 deposition
1225 2393 117 35 rather
1353 2394 84 34 than
1447 2393 66 34 live
