1658 2686
288 410 154 45 petition.
466 410 74 34 The
563 410 87 34 Ross
674 409 76 35 Van
773 409 90 35 Ness
887 408 68 35 and
978 409 59 35 the
1058 408 139 35 Eudora
1219 408 126 35 School
1369 407 131 36 Boards

288 460 168 45 appealed
475 461 59 34 the
552 459 108 35 board
679 459 39 35 of
734 458 213 36 education’s
966 459 100 35 order
1084 464 36 29 to
1139 458 58 35 the
1216 459 126 34 Chicot
1361 457 139 45 County

289 510 134 35 Circuit
441 511 120 34 Court.
579 510 75 34 The
671 509 122 36 circuit
810 515 98 29 court
926 509 79 35 held
1022 510 77 34 that
1116 510 69 33 Act
1202 510 66 34 445
1287 509 40 34 of
1345 509 99 40 1983,
1463 519 37 24 as

289 560 181 41 amended,
489 559 188 36 mandated
693 560 209 34 annexation
918 564 36 29 to
970 559 176 44 adjoining
1163 558 151 36 districts
1330 558 69 35 and
1416 569 85 32 gave

289 611 59 33 the
359 609 108 35 board
479 620 44 24 no
534 609 184 35 discretion
730 615 35 29 to
777 609 89 43 deny
877 609 59 34 the
947 609 144 43 petition
1103 608 39 35 of
1150 609 59 33 the
1220 609 88 34 Ross
1321 609 77 34 Van
1409 609 91 34 Ness

288 659 127 35 School
430 659 115 34 Board
559 659 94 34 since
666 659 59 34 the
740 660 87 33 Ross
843 659 77 33 Van
934 659 92 34 Ness
1040 658 127 34 School
1181 658 145 34 District
1340 657 161 43 adjoined

289 709 58 34 the
358 707 137 36 Eudora
506 708 126 34 School
643 708 144 34 District
796 708 69 34 and
875 707 59 34 did
944 713 59 29 not
1013 707 117 43 adjoin
1140 707 58 34 the
1208 706 170 35 Lakeside
1389 706 112 43 (Lake

290 756 150 44 Village)
463 757 154 35 District.
638 757 75 34 The
732 758 102 33 lower
854 761 98 30 court
971 757 83 34 then
1074 762 51 28 set
1145 755 95 35 aside
1259 756 59 34 the
1337 755 109 35 board
1465 756 39 34 of

289 807 213 35 education’s
520 807 112 43 ruling
650 807 68 34 and
735 806 144 35 ordered
896 806 77 35 that
989 807 60 34 the
1065 807 89 33 Ross
1171 806 77 34 Van
1265 806 92 34 Ness
1375 805 125 35 School

290 857 144 35 District
452 857 42 34 be
511 856 156 35 annexed
684 861 35 30 to
736 857 59 34 the
812 856 139 35 Eudora
968 856 127 35 School
1112 855 155 35 District.
1286 856 103 34 From
1405 855 97 35 these

290 907 142 34 adverse
453 907 129 42 rulings
605 906 59 34 the
685 906 193 44 appellants
900 906 123 43 appeal
1046 905 68 35 and
1136 905 59 35 the
1216 905 171 44 appellees
1409 915 92 25 cross

289 956 134 43 appeal.

288 269 68 34 476

380 1041 69 34 Act
460 1042 66 33 445
538 1040 40 35 of
589 1041 86 34 1983
688 1040 27 35 is
726 1041 123 34 known
860 1051 37 23 as
908 1040 59 35 the
977 1040 145 43 Quality
1132 1040 193 35 Education
1336 1041 80 33 Act.
1427 1040 75 35 The

289 1091 98 34 Act’s
398 1091 152 43 primary
560 1090 79 43 goal
649 1090 28 34 is
687 1091 59 34 the
756 1090 214 35 elimination
981 1090 39 34 of
1027 1090 46 34 all
1084 1089 116 45 public
1210 1090 212 42 elementary
1433 1089 68 35 and

289 1140 190 45 secondary
499 1140 133 35 schools
653 1140 77 35 that
750 1140 61 34 fall
832 1140 109 34 below
961 1140 59 34 the
1040 1140 184 34 minimum
1244 1138 183 36 standards
1448 1138 54 35 for

289 1190 248 36 accreditation
562 1201 38 24 as
625 1195 51 29 set
701 1190 93 35 forth
819 1190 45 43 by
889 1189 58 35 the
971 1190 100 34 State
1096 1189 113 35 Board
1235 1189 39 35 of
1295 1188 204 36 Education.

289 1241 140 35 Section
445 1242 20 34 2
480 1241 39 35 of
531 1242 69 33 Act
615 1241 80 40 445,
710 1240 146 35 codified
872 1251 37 23 as
924 1241 84 34 Ark.
1025 1240 89 35 Stat.
1130 1241 92 34 Ann.
1241 1240 17 43 §
1276 1238 224 44 80-4602(a),

290 1290 156 45 provides
459 1291 77 35 that
550 1291 45 34 all
609 1290 134 35 schools
758 1290 121 43 failing
893 1295 36 29 to
943 1296 91 29 meet
1048 1290 59 35 the
1120 1290 185 35 minimum
1318 1289 182 35 standards

290 1340 87 34 shall
400 1340 43 34 be
464 1340 200 35 eliminated
686 1351 44 23 no
752 1341 87 33 later
861 1340 85 34 than
968 1341 89 33 June
1082 1342 28 38 1,
1138 1340 99 41 1987,
1260 1339 69 35 and
1351 1339 150 35 districts

290 1389 179 44 operating
482 1390 84 34 such
578 1389 134 35 schools
724 1389 88 34 shall
825 1389 43 34 be
879 1389 169 35 dissolved
1060 1389 69 34 and
1141 1389 157 34 annexed
1310 1394 35 29 to
1357 1388 145 35 another

290 1438 134 35 district
439 1449 38 24 or
492 1438 150 34 districts
658 1438 112 35 which
785 1438 137 44 comply
937 1439 82 34 with
1034 1439 60 34 the
1108 1438 184 34 minimum
1307 1437 193 35 standards.

289 1488 83 34 This
388 1492 130 31 statute
533 1488 71 34 also
620 1492 118 37 states,
755 1488 97 34 “The
868 1487 139 45 County
1023 1487 114 35 Board
1152 1487 39 34 of
1204 1487 194 35 Education
1413 1487 87 34 shall

290 1537 133 35 abolish
433 1537 74 35 said
517 1537 150 35 districts
677 1537 69 35 and
755 1538 88 34 shall
853 1548 112 24 annex
974 1538 59 34 the
1042 1537 160 43 territory
1211 1537 39 35 of
1256 1537 85 34 such
1350 1536 151 35 districts

290 1592 35 30 to
334 1587 60 35 the
403 1587 170 43 receiving
582 1587 135 35 district
726 1598 38 24 or
773 1587 151 35 districts
934 1587 35 35 in
979 1598 20 24 a
1009 1586 280 44 geographically
1298 1586 203 43 contiguous

290 1637 178 35 manner.”

380 1722 140 35 Section
539 1723 20 34 9
579 1722 40 34 of
633 1723 70 34 Act
722 1723 67 33 445
809 1722 41 34 of
869 1723 99 40 1983,
988 1721 170 36 amended
1179 1721 45 44 by
1241 1723 70 33 Act
1330 1722 40 34 61
1395 1721 106 43 (First

290 1772 270 44 Extraordinary
570 1772 139 35 Session
720 1772 39 35 of
771 1771 105 43 1983)
890 1771 69 35 and
970 1771 146 35 codified
1128 1782 37 24 as
1176 1772 86 34 Ark.
1274 1772 89 34 Stat.
1375 1772 91 33 Ann.
1482 1771 17 43 §

291 1820 165 43 80-4609,
477 1827 116 30 states:

507 1907 50 43 (c)
582 1908 160 34 Between
763 1908 90 34 June
878 1909 28 39 1,
933 1909 98 40 1984,
1054 1907 69 35 and
1144 1908 90 34 June
1259 1909 28 39 1,
1313 1908 98 40 1987,
1434 1917 67 34 any

414 1958 116 34 school
547 1957 134 35 district
697 1969 81 32 may
794 1957 44 35 be
854 1957 156 35 annexed
1027 1962 36 30 to
1079 1968 65 24 one
1159 1968 38 23 or
1214 1968 96 24 more
1326 1956 175 44 adjoining

413 2008 117 34 school
544 2007 151 35 districts
710 2008 45 44 by
769 2007 205 45 petitioning
988 2007 59 35 the
1061 2012 128 39 county
1203 2006 109 36 board
1326 2006 39 35 of
1376 2006 123 36 educa-

413 2057 72 35 tion
497 2058 39 34 of
545 2057 59 35 the
615 2063 128 38 county
755 2058 34 34 in
801 2057 113 34 which
925 2057 85 35 such
1022 2057 135 34 district
1168 2057 28 34 is
1208 2056 246 36 administered
1466 2061 35 30 to

413 2107 101 35 order
528 2107 60 35 the
602 2107 219 35 annexation.
838 2107 75 34 The
927 2107 208 34 annexation
1151 2112 139 38 request
1304 2117 81 33 may
1399 2106 43 34 be
1456 2106 45 44 by

414 2157 186 35 resolution
615 2156 39 35 of
666 2156 60 35 the
740 2156 109 35 board
864 2156 39 35 of
915 2156 165 35 directors
1096 2156 39 35 of
1147 2156 59 34 the
1220 2156 134 35 district
1369 2167 37 23 or
1421 2156 45 43 by
1481 2167 20 24 a

414 2207 145 43 petition
569 2206 119 43 signed
699 2207 45 43 by
754 2218 20 23 a
785 2206 163 43 majority
957 2206 39 35 of
1003 2207 59 34 the
1071 2206 164 44 qualified
1245 2206 144 34 electors
1399 2206 34 33 in
1443 2203 59 37 the

413 2256 144 35 district.
582 2257 104 42 Upon
709 2256 129 43 receipt
861 2255 39 35 of
920 2267 20 22 a
964 2261 138 38 request
1124 2255 54 34 for
1200 2255 219 40 annexation,
1442 2255 60 35 the

413 2311 128 38 county
563 2305 108 34 board
693 2305 39 35 of
751 2305 184 35 education
957 2305 88 35 shall
1067 2305 81 34 hold
1171 2316 20 23 a
1213 2305 143 42 hearing
1378 2315 43 23 on
1443 2304 59 35 the

414 2360 138 39 request
565 2354 69 35 and
647 2354 88 35 shall
747 2355 83 34 then
843 2354 100 35 order
956 2355 59 34 the
1028 2354 208 35 annexation
1249 2354 39 34 of
1298 2354 59 34 the
1369 2353 133 35 district

414 2409 36 30 to
470 2416 65 23 one
554 2415 38 24 or
612 2415 96 24 more
728 2404 177 43 adjoining
925 2404 117 34 school
1062 2404 162 34 districts.
1246 2404 35 34 If
1298 2404 59 34 the
1376 2408 127 39 county
