1648 2680
308 425 203 44 philosophy
532 424 40 35 of
590 424 172 43 teaching,
784 424 61 34 she
866 423 161 35 included
1049 423 82 34 with
1153 423 61 34 her
1235 422 228 44 applications
1485 427 35 29 to

308 475 98 34 other
416 475 116 34 school
542 474 151 34 districts
704 474 61 34 her
775 474 210 34 “statement
995 473 39 34 of
1041 472 204 44 philosophy
1254 472 39 34 of
1300 471 219 35 education.”

308 524 146 41 Second,
471 524 176 44 appellant
663 524 112 43 points
790 528 60 29 out
865 523 77 34 that
958 523 87 34 Mrs.
1062 522 118 34 Strain
1195 527 76 29 sent
1286 533 20 23 a
1322 522 100 34 letter
1437 521 82 34 with

308 574 60 34 her
382 574 61 43 job
461 574 228 43 applications
706 573 112 34 which
836 572 184 35 contained
1038 577 67 29 two
1123 572 228 43 misspellings
1369 571 69 34 and
1455 582 65 23 one

307 623 94 34 word
412 623 204 43 incorrectly
627 622 94 35 used.
735 624 73 33 Her
819 622 119 34 efforts
949 627 36 29 to
995 621 71 35 find
1078 622 98 34 other
1187 621 234 43 employment
1431 631 89 23 were

308 678 59 29 not
387 673 204 43 reasonably
611 672 155 42 diligent,
787 671 185 43 according
992 676 35 29 to
1048 671 186 43 appellant.

309 286 67 33 510

531 771 74 34 The
624 770 117 35 school
760 770 135 34 district
914 770 62 34 has
996 769 59 35 the
1074 769 133 34 burden
1227 769 39 34 of
1282 769 142 43 proving
1443 768 77 34 that

309 822 87 34 Mrs.
407 821 118 35 Strain
535 820 101 35 could
647 820 87 35 have
742 819 164 36 obtained
916 820 98 34 other
1024 820 233 43 employment
1267 819 34 34 in
1312 818 206 44 mitigation.

307 873 147 34 Newton
474 883 31 23 v.
529 870 163 36 Calhoun
715 871 137 43 County
872 869 135 36 School
1026 871 102 39 Dist.,
1152 870 67 34 232
1241 869 84 34 Ark.
1349 869 79 41 943,
1452 870 62 33 341

308 921 142 36 S.W.2d
469 923 43 33 30
531 921 138 44 (1960);
685 920 184 36 Arkansas
884 921 103 34 State
1003 922 98 42 Hwy.
1122 920 160 35 Comm’n
1297 931 30 23 v.
1345 921 173 39 Frierson,

308 973 67 34 269
405 972 85 35 Ark.
522 973 55 40 81,
609 972 65 34 598
705 971 143 35 S.W.2d
878 972 68 33 420
978 970 137 44 (1980).
1145 971 34 34 A
1208 976 101 38 party
1338 975 93 29 must
1459 981 61 23 use

307 1022 203 34 reasonable
520 1032 90 30 care,
621 1021 102 34 effort
734 1032 37 23 or
781 1021 225 43 expenditure
1016 1021 35 34 in
1061 1021 198 42 mitigating
1269 1020 177 43 damages,
1457 1020 62 34 but

307 1072 60 33 the
390 1071 267 34 determination
680 1070 40 35 of
740 1071 153 33 whether
917 1081 66 23 one
1006 1070 62 34 has
1093 1070 100 34 acted
1218 1069 205 43 reasonably
1447 1069 27 34 is
1499 1080 20 23 a

307 1121 158 43 question
474 1119 40 35 of
520 1120 82 34 fact.
613 1119 51 35 Id.
676 1120 94 34 Such
780 1119 72 35 fact
861 1119 160 43 findings,
1031 1119 99 34 when
1140 1118 103 35 made
1251 1119 45 42 by
1305 1129 20 23 a
1331 1118 119 43 judge,
1461 1129 59 23 are

308 1175 59 28 not
380 1169 156 34 reversed
548 1169 115 34 unless
675 1169 128 43 clearly
815 1179 194 24 erroneous.
1023 1169 85 33 Ark.
1122 1169 42 33 R.
1179 1168 74 34 Civ.
1267 1169 36 33 P.
1319 1167 113 43 52(a).
1446 1168 74 33 The

307 1219 134 34 district
451 1219 72 34 also
533 1218 69 35 had
612 1218 59 34 the
680 1218 132 34 burden
822 1218 39 34 of
868 1218 141 43 proving
1019 1218 59 34 the
1087 1222 144 29 amount
1240 1217 39 34 of
1285 1217 149 43 damage
1443 1217 77 34 that

308 1268 111 43 might
430 1268 86 34 have
526 1268 87 34 been
624 1267 144 35 avoided
779 1267 44 44 by
834 1278 123 33 proper
967 1267 206 43 mitigation.
1184 1268 129 32 Harris
1325 1267 117 34 Const.
1457 1267 60 33 Co.

308 1324 33 28 et
361 1317 46 35 al.
428 1329 31 23 v.
479 1319 149 39 Powers,
650 1318 68 33 262
738 1317 85 34 Ark.
845 1318 56 39 96,
923 1317 67 34 554
1011 1316 143 35 S.W.2d
1176 1318 67 32 332
1265 1315 137 43 (1977).

399 1417 104 39 Here,
519 1416 60 34 the
593 1416 134 34 district
743 1416 131 34 offered
889 1426 44 24 no
949 1415 162 35 evidence
1126 1415 76 35 that
1217 1427 20 22 a
1253 1415 117 34 school
1385 1415 134 34 district

308 1465 137 35 refused
458 1471 35 29 to
505 1466 73 34 hire
591 1466 87 34 Mrs.
692 1465 118 34 Strain
822 1465 149 34 because
982 1465 39 34 of
1030 1465 59 34 the
1101 1465 100 34 letter
1213 1475 38 24 or
1263 1465 59 34 the
1333 1469 186 30 statement

307 1515 40 35 of
356 1515 213 44 philosophy.
583 1515 76 34 Nor
672 1514 59 35 did
744 1515 59 34 the
815 1514 134 35 district
961 1515 88 34 offer
1061 1514 162 35 evidence
1235 1514 40 34 of
1283 1514 60 34 the
1355 1519 116 29 extent
1484 1519 35 29 to

307 1565 112 34 which
448 1566 87 34 Mrs.
564 1565 147 34 Strain’s
740 1565 131 34 actions
900 1564 219 35 contributed
1147 1569 35 29 to
1210 1564 61 34 her
1299 1564 157 43 inability
1484 1569 35 29 to

307 1615 158 43 mitigate
482 1615 60 34 her
558 1615 176 43 damages.
752 1615 74 34 The
841 1615 135 34 district
992 1614 107 35 failed
1115 1620 35 29 to
1167 1620 92 29 meet
1274 1614 43 34 its
1334 1614 133 34 burden
1483 1613 39 35 of

307 1664 109 45 proof.

398 1764 179 34 Affirmed.

397 1864 160 41 Purtle,
578 1864 42 40 J.,
642 1868 59 30 not
721 1863 256 44 participating.
