1655 2692
1198 1253 67 33 713
1287 1252 143 35 S.W.2d
1451 1253 68 33 230

310 431 102 33 retire
428 431 58 34 the
503 431 118 34 bonds.
639 430 102 41 That,
760 431 14 33 I
791 431 140 41 submit,
949 431 27 34 is
993 431 92 34 what
1101 431 60 34 the
1175 432 124 32 Purvis
1315 436 121 29 caveat
1451 441 70 23 was

310 485 117 29 meant
441 485 36 29 to
490 491 71 32 say.
576 481 103 39 True,
694 480 96 34 these
804 485 96 30 taxes
915 491 59 24 are
988 491 20 24 a
1023 480 233 41 subordinate,
1272 480 116 34 rather
1402 481 84 34 than
1501 491 20 23 a

310 529 163 44 primary,
489 534 182 39 guaranty,
687 529 63 35 but
766 529 28 35 if
807 530 59 34 the
882 540 163 25 revenues
1061 529 91 35 from
1167 530 59 34 the
1241 530 123 43 Magic
1378 529 144 45 Springs

310 579 130 44 project
460 590 102 33 prove
582 579 208 44 inadequate
809 585 35 29 to
864 585 91 30 meet
974 580 59 35 the
1052 579 242 35 indebtedness
1315 580 127 43 (which
1462 590 59 33 ap-

310 639 98 33 pears
421 635 35 28 to
469 629 42 35 be
523 630 59 34 the
592 628 109 43 case),
714 630 96 34 these
822 635 59 29 tax
893 640 163 24 revenues
1069 640 59 24 are
1140 630 212 43 irrevocably
1363 629 158 35 commit-

309 679 68 34 ted.
395 680 38 33 In
449 679 76 34 that
540 684 133 39 respect
688 679 82 43 they
784 690 82 33 pose
880 690 20 24 a
916 680 146 42 liability
1077 679 76 34 that
1168 680 59 33 the
1241 685 166 38 taxpayer
1422 679 100 35 alone

308 739 65 23 can
394 729 180 34 authorize
594 728 108 35 under
722 739 62 24 our
804 729 235 35 constitution.

310 293 117 32 293-A

401 807 95 34 With
522 812 132 39 respect
679 812 35 29 to
738 807 58 34 the
821 807 116 44 public
961 818 148 33 purpose
1133 808 100 40 issue,
1260 808 14 34 I
1299 807 221 45 respectfully

307 856 158 43 disagree
481 857 82 35 that,
573 857 59 35 the
649 857 121 43 Magic
785 857 144 44 Springs
945 858 132 35 Theme
1093 858 90 34 Park
1199 858 27 34 is
1242 868 38 24 so
1296 858 137 43 lacking
1449 857 34 35 in
1499 868 20 24 a

308 907 116 43 public
437 918 147 33 purpose
595 907 76 35 that
683 907 59 34 the
751 907 144 43 judicial
908 907 132 35 branch
1051 907 123 35 should
1186 907 155 35 override
1352 919 21 23 a
1385 907 134 44 legisla-

309 956 67 34 tive
398 956 151 35 decision
572 962 36 29 to
630 956 59 35 the
711 962 170 38 contrary.
905 958 113 34 Those
1039 957 102 34 views
1164 968 60 23 are
1245 957 176 35 discussed
1444 957 34 34 in
1500 968 21 23 a

308 1005 189 43 dissenting
507 1006 139 43 opinion
657 1006 33 33 in
700 1007 52 33 Ft.
763 1005 117 35 Smith
890 1018 30 22 v.
933 1006 228 43 O’Loughlin,
1172 1006 144 34 decided
1326 1007 115 43 today,
1452 1006 69 34 and

309 1054 33 34 in
363 1055 138 41 general
523 1066 59 23 are
602 1055 194 42 applicable
816 1055 91 34 here!

454 1140 262 44 Supplemental
738 1140 150 44 Opinion
909 1151 44 24 on
974 1140 125 35 Denial
1119 1140 40 35 of
1176 1141 198 43 Rehearing

672 1189 172 35 delivered
864 1190 100 44 April
989 1192 51 38 15,
1066 1191 88 33 1986
