1640 2696
123 407 42 33 37
178 405 109 41 relief,
299 406 111 34 which
422 406 151 44 requires
585 406 204 43 allegations
799 406 39 34 of
846 406 94 34 flaws
951 417 38 23 so
999 405 242 35 fundamental
1252 416 37 24 as
1300 411 36 28 to

122 456 123 34 render
256 456 59 34 the
321 456 183 43 judgment
514 456 88 34 void.
619 455 208 35 Woodward
834 467 30 23 v.
875 456 114 40 State,
1001 457 66 33 273
1080 456 84 34 Ark.
1177 456 157 40 235, 617

122 506 144 35 S.W.2d
288 507 62 34 861
378 506 136 43 (1981).

1267 265 66 32 217

307 583 216 44 Appellant’s
542 583 101 34 Point
662 584 18 33 3
700 593 163 24 concerns
882 583 59 34 the
959 583 146 43 original
1123 588 160 29 sentence
1300 582 40 35 of

122 633 78 44 fifty
213 644 109 33 years,
336 633 81 34 with
430 633 119 35 fifteen
561 644 99 33 years
673 633 204 44 suspended.
892 634 56 33 He
960 644 123 32 argues
1096 644 20 23 a
1128 638 161 29 sentence
1301 632 38 35 of

122 683 79 43 fifty
210 694 99 32 years
321 683 26 34 is
358 683 33 34 in
402 694 115 23 excess
528 683 39 34 of
574 683 59 35 the
642 683 85 34 time
737 683 143 34 allowed
890 683 45 43 by
946 683 75 34 law.
1032 683 75 34 The
1116 688 183 38 argument
1309 683 27 34 is

122 738 144 29 correct.
289 733 188 43 Appellant
499 733 146 43 pleaded
667 733 110 43 guilty
798 738 36 29 to
856 744 19 23 a
898 733 101 34 Class
1021 734 33 33 Y
1076 733 126 43 felony,
1225 733 111 34 which

123 783 128 34 carries
263 793 20 23 a
295 788 160 29 sentence
466 782 39 34 of
514 788 58 28 ten
584 788 35 29 to
631 782 91 44 forty
734 793 109 33 years,
855 793 38 23 or
904 782 70 34 life.
988 783 85 34 Ark.
1086 783 89 34 Stat.
1187 784 92 33 Ann.
1294 783 41 42 §§

123 833 319 39 41-1803,41-901.
452 832 106 40 Thus,
569 832 177 43 appellant
754 832 101 34 could
865 837 59 29 not
933 833 159 43 properly
1102 832 43 34 be
1153 832 184 34 sentenced

123 887 36 29 to
171 881 78 44 fifty
262 892 109 32 years.
384 882 74 34 The
470 882 79 34 trial
559 881 108 43 judge
679 892 70 24 was
762 882 91 42 right
865 886 36 30 to
913 881 133 44 modify
1059 882 59 34 the
1130 887 160 29 sentence
1302 887 35 29 to

123 931 190 44 thirty-five
329 942 97 32 years
442 931 68 34 and
527 931 177 44 appellant
720 942 75 23 now
811 942 122 32 argues
950 931 77 34 that
1042 931 44 34 he
1101 931 27 34 is
1144 931 143 34 entitled
1303 937 35 28 to

123 981 60 34 the
207 981 119 34 fifteen
350 992 98 32 years
473 981 194 43 suspended
692 981 108 34 under
824 981 59 34 the
906 981 146 43 original
1076 986 171 29 sentence.
1274 982 65 33 We

123 1030 159 43 disagree
294 1030 82 35 with
389 1030 59 35 the
460 1036 195 38 argument.
671 1031 127 34 Where
811 1042 20 23 a
844 1036 162 29 sentence
1018 1031 149 34 involves
1180 1036 158 38 separate

124 1086 190 35 sentences,
331 1091 37 24 as
383 1080 82 35 with
482 1081 131 34 several
629 1086 121 29 counts
767 1080 53 35 for
835 1081 169 43 example,
1021 1081 27 34 it
1064 1081 27 34 is
1107 1086 77 29 true
1199 1081 59 34 the
1273 1081 64 34 law

124 1130 176 44 generally
319 1130 166 44 prohibits
503 1130 60 35 the
581 1130 235 35 modification
835 1130 39 35 of
889 1131 59 34 the
965 1131 90 43 legal
1074 1131 134 43 portion
1226 1130 39 35 of
1280 1130 59 35 the

124 1185 172 29 sentence.
308 1180 148 35 Loola v.
466 1181 114 40 State,
592 1181 67 34 609
670 1180 85 35 P.2d
767 1182 41 33 35
821 1180 95 43 (Ala.
932 1180 268 43 1980); State v.
1210 1180 127 41 North,

125 1231 66 33 283
207 1230 155 34 N.W.2d
376 1231 65 34 457
458 1230 122 43 (Wisc.
600 1230 117 43 1979).
733 1232 178 39 However,
925 1231 99 34 when
1037 1231 98 34 there
1147 1231 27 34 is
1188 1242 44 23 an
1246 1241 93 24 error

125 1280 34 34 in
173 1290 65 24 one
252 1280 134 43 portion
400 1280 39 34 of
449 1291 44 24 an
507 1280 190 35 individual
711 1286 171 36 sentence,
897 1292 37 23 as
948 1281 92 41 here,
1055 1281 59 34 the
1127 1286 115 29 courts
1254 1281 84 34 view

124 1330 60 34 the
208 1335 162 30 sentence
394 1341 37 24 as
456 1341 45 24 an
526 1330 194 35 indivisible
744 1331 137 44 totality
905 1331 69 35 and
999 1331 30 34 if
1051 1331 235 35 modification
1311 1331 27 35 is

125 1380 171 44 required,
313 1380 58 35 the
386 1386 98 30 court
499 1392 81 33 may
595 1392 44 24 on
655 1381 237 44 resentencing
908 1381 132 44 impose
1055 1393 68 32 any
1138 1387 160 29 sentence
1313 1382 26 34 it

125 1430 102 35 could
240 1431 87 34 have
340 1430 152 45 lawfully
505 1431 155 44 imposed
673 1436 37 30 at
721 1431 59 35 the
792 1436 123 30 outset.
928 1431 130 44 People
1069 1443 30 22 v.
1117 1431 140 41 Wilson,
1272 1433 65 33 315

125 1480 156 34 N.W.2d
292 1482 67 32 423
374 1480 119 43 (Misc.
506 1482 91 42 App.
615 1480 118 43 1981);
744 1483 191 41 Herring v.
947 1482 114 39 State,
1073 1482 64 33 411
1153 1481 106 34 So.2d
1271 1482 67 33 966

127 1529 89 42 (Fla.
243 1529 117 42 1982);
381 1530 129 43 People
528 1541 31 22 v.
582 1530 154 40 Gillette,
759 1531 67 33 304
846 1530 183 34 N.Y.S.2d
1050 1531 68 33 296
1141 1530 137 42 (1969).

310 1605 112 34 There
437 1605 27 35 is
480 1605 145 35 another
641 1616 122 24 reason
778 1605 77 44 why
870 1605 59 35 the
944 1605 236 35 modification
1195 1617 70 23 was
1280 1611 60 29 not

126 1655 187 35 erroneous
313 1655 43 35 —
356 1655 62 35 the
445 1655 201 45 suspension
673 1655 39 36 of
737 1667 19 24 a
784 1661 77 39 part
887 1656 40 35 of
950 1656 60 35 the
1037 1656 100 35 Class
1164 1657 34 34 Y
1224 1656 116 44 felony

126 1711 162 30 sentence
308 1706 27 34 is
356 1706 194 44 prohibited
571 1706 110 35 under
700 1707 85 34 Ark.
807 1707 89 34 Stat.
917 1708 93 33 Ann.
1034 1707 17 43 §
1074 1706 201 44 41-803(5):

251 1782 35 34 If
295 1794 20 23 a
328 1782 189 35 defendant
530 1783 119 44 pleads
661 1794 38 23 or
712 1783 27 35 is
752 1783 107 35 found
871 1784 111 43 guilty
994 1783 39 35 of
1042 1795 45 23 an
1099 1784 132 34 offense
1242 1784 98 34 other

250 1832 85 35 than
344 1833 128 43 capital
482 1832 150 42 murder,
643 1838 149 36 treason,
803 1844 19 23 a
833 1833 100 35 Class
942 1834 33 33 Y
985 1833 117 44 felony
1110 1844 38 24 or
1157 1833 139 35 murder
1305 1834 35 34 in

250 1882 60 35 the
327 1882 126 35 second
472 1882 136 44 degree,
627 1883 60 34 the
704 1888 99 29 court
821 1894 81 33 may
920 1883 150 44 suspend
1089 1883 197 44 imposition
1304 1883 40 34 of

250 1938 162 29 sentence
432 1932 68 35 and
521 1933 98 44 place
639 1933 60 34 the
718 1933 190 35 defendant
927 1944 45 23 on
992 1933 193 44 probation.

310 2008 75 34 The
404 2013 239 39 commentary
663 2008 111 35 reads:

256 2084 88 43 [The
364 2089 129 30 statute
513 2095 70 24 was
605 2084 185 44 amended]
815 2096 37 23 so
873 2096 37 24 as
931 2090 36 30 to
987 2086 104 34 make
1111 2085 92 35 clear
1223 2085 77 35 that
1320 2096 20 24 a

251 2139 161 30 sentence
423 2139 36 30 to
471 2134 264 44 imprisonment
746 2146 70 23 was
827 2135 60 34 the
898 2135 80 44 only
990 2136 140 43 penalty
1142 2135 53 34 for
1207 2135 133 34 convic-

251 2184 72 34 tion
343 2184 39 34 of
398 2195 19 23 a
438 2184 100 34 Class
558 2185 33 33 Y
611 2184 127 43 felony.
759 2185 110 34 Other
889 2185 200 42 sentencing
1109 2185 231 40 alternatives,

251 2233 85 34 such
355 2244 37 23 as
411 2233 213 44 suspension,
644 2234 193 43 probation,
857 2234 68 34 and
945 2245 20 23 a
984 2234 79 40 fine,
1083 2245 59 23 are
1161 2245 44 23 no
1223 2235 118 42 longer

252 2282 169 35 available
441 2282 34 34 in
496 2293 20 24 a
538 2283 100 34 Class
659 2283 33 34 Y
713 2282 125 44 felony.

312 2358 216 45 Appellant’s
547 2359 100 34 Point
666 2359 21 34 4
706 2359 28 34 is
753 2359 58 34 the
829 2359 80 34 trial
927 2364 99 29 court
1044 2359 128 43 clearly
1190 2358 98 35 erred
1306 2359 35 34 in

127 2407 132 44 finding
273 2408 76 34 that
363 2408 96 34 there
473 2419 69 23 was
556 2419 44 24 no
614 2408 92 35 basis
720 2408 34 35 in
769 2408 72 35 fact
854 2413 36 30 to
899 2408 126 44 justify
1038 2420 45 23 an
1097 2409 195 34 evaluation
1306 2408 39 35 of
