1673 2703
150 405 115 35 seized
281 405 177 44 gambling
475 406 278 44 paraphernalia.
770 406 74 35 The
860 406 172 44 appellees
1049 406 80 34 filed
1146 417 20 24 a
1182 406 131 35 motion
1329 412 36 29 to

149 466 161 33 suppress
328 456 58 35 the
402 456 172 35 evidence.
592 456 74 35 The
683 456 79 35 trial
779 461 98 30 court
893 456 147 43 granted
1056 456 60 34 the
1132 456 140 35 motion.
1290 456 75 35 The

150 506 101 34 State
275 505 79 35 filed
378 506 67 34 this
470 506 247 43 interlocutory
740 506 123 44 appeal
888 505 109 35 under
1020 506 85 34 Ark.
1131 506 83 43 Sup.
1240 506 56 35 Ct.
1322 507 42 34 R.

151 555 82 42 29(1­
241 555 73 43 )(k)
337 556 68 34 and
425 555 193 35 A.R.Cr.P.
640 556 91 34 Rule
752 556 113 34 36.10.
888 556 65 33 We
973 566 143 24 reverse.

1297 265 65 34 563

242 633 33 33 A
289 632 221 35 confidential
525 632 191 35 informant
730 632 158 44 reported
902 638 36 29 to
952 632 59 35 the
1025 632 106 35 Little
1144 633 99 34 Rock
1256 633 110 44 police

150 682 77 34 that
250 693 22 23 a
294 692 114 33 wager
431 681 102 36 could
556 682 44 35 be
622 681 123 44 placed
768 682 45 44 by
835 682 128 43 calling
986 693 20 24 a
1029 683 133 34 certain
1184 682 183 45 telephone

151 732 157 34 number.
321 732 65 34 For
395 732 96 34 three
500 731 85 44 days
595 733 60 34 the
664 732 110 44 police
783 732 193 35 monitored
986 732 59 35 the
1054 732 218 35 informant’s
1282 733 83 34 calls

150 786 37 29 to
197 781 61 34 the
268 781 146 35 number
426 782 68 34 and
504 781 141 36 verified
657 782 77 35 that
746 782 74 35 bets
831 782 102 34 could
945 782 43 34 be
999 781 104 36 made
1114 782 45 44 by
1169 782 128 43 calling
1307 782 59 35 the

151 831 158 34 number.
324 831 74 35 The
412 832 110 43 police
536 832 205 44 apparently
755 831 58 35 did
827 837 60 29 not
900 832 100 34 know
1015 832 59 34 the
1087 843 120 23 names
1221 832 39 35 of
1271 832 45 34 all
1330 832 40 35 of

151 881 59 34 the
232 881 172 44 appellees
427 881 68 35 and
516 880 60 35 did
599 886 59 30 not
680 882 100 34 know
802 882 58 34 the
881 881 142 35 address
1045 881 40 35 of
1103 882 60 34 the
1184 892 122 33 person
1328 893 38 23 or

151 941 142 33 persons
316 931 76 34 who
414 931 79 34 held
517 931 59 35 the
599 931 157 35 number.
780 932 33 34 A
835 931 130 44 deputy
987 937 200 39 prosecutor
1210 932 113 35 issued
1346 943 21 24 a

151 981 229 43 prosecutor’s
397 981 176 44 subpoena
590 981 170 43 directing
777 982 59 34 the
852 981 183 45 telephone
1050 992 172 34 company
1238 987 35 30 to
1289 993 76 33 pro-

151 1030 90 35 duce
269 1031 137 35 records
434 1031 69 35 and
532 1031 225 35 information
785 1032 207 43 concerning
1021 1032 59 35 the
1108 1032 156 35 number.
1294 1032 74 35 The

151 1080 178 44 subpoena
346 1080 230 36 commanded
592 1082 77 34 that
685 1082 60 34 the
761 1081 224 35 information
1002 1082 44 35 be
1061 1082 175 43 produced
1253 1081 53 36 for
1322 1093 45 24 an

152 1130 242 44 investigation
411 1131 194 35 conducted
621 1131 46 44 by
683 1132 60 34 the
758 1131 106 35 Little
879 1132 100 34 Rock
994 1131 116 36 Police
1126 1133 240 43 Department.

243 1209 49 33 At
317 1208 90 41 trial,
432 1208 59 34 the
515 1208 173 44 appellees
713 1208 103 35 made
840 1219 20 24 a
884 1220 82 32 very
990 1219 134 24 narrow
1149 1209 218 44 suppression

153 1262 194 38 argument.
366 1258 97 43 They
479 1258 80 43 only
577 1258 131 43 argued
726 1258 77 35 that
820 1258 59 35 the
897 1259 130 34 Fourth
1044 1258 237 36 Amendment
1298 1270 69 24 was

151 1307 151 35 violated
324 1307 44 44 by
389 1318 43 24 an
454 1308 253 35 unauthorized
728 1309 131 34 search.
880 1309 98 43 They
998 1308 194 36 contended
1213 1309 75 35 that
1309 1309 59 35 the

153 1357 220 44 prosecuting
402 1358 187 43 attorney’s
618 1358 100 35 office
745 1358 131 35 abused
904 1359 44 34 its
976 1359 178 44 subpoena
1182 1370 113 32 power
1324 1359 45 44 by

153 1407 219 43 authorizing
395 1407 59 35 the
476 1407 111 44 police
610 1414 35 29 to
668 1408 92 35 seize
782 1408 171 35 evidence.
978 1409 75 34 The
1075 1409 79 34 trial
1177 1413 98 31 court
1297 1420 70 24 was

153 1457 290 44 unquestionably
456 1463 134 30 correct
604 1458 35 35 in
653 1458 141 44 holding
809 1459 76 34 that
898 1459 60 34 the
971 1459 134 34 seizure
1118 1470 70 24 was
1202 1459 167 35 unlawful

152 1518 45 23 on
218 1507 76 35 that
315 1507 101 35 basis.

338 1584 74 35 The
424 1585 110 43 police
545 1584 45 35 do
602 1589 60 30 not
673 1585 88 34 have
773 1585 59 34 the
843 1595 114 33 power
968 1590 36 29 to
1016 1585 91 34 issue
1119 1585 203 44 subpoenas.
1335 1587 34 33 A

153 1638 201 39 prosecutor
371 1634 82 34 does
471 1634 88 34 have
577 1635 59 33 the
654 1645 114 33 power
786 1640 36 29 to
840 1634 91 35 issue
948 1635 205 43 subpoenas.
1173 1636 85 34 Ark.
1278 1635 88 34 Stat.

153 1684 93 33 Ann.
259 1683 156 42 §43-801
432 1683 115 44 (Repl.
563 1683 117 43 1977).
691 1684 75 34 The
775 1684 228 43 prosecutor’s
1012 1695 115 33 power
1136 1690 36 29 to
1181 1685 186 44 subpoena,

153 1732 168 41 however,
346 1738 92 29 must
462 1733 43 34 be
528 1733 85 35 used
637 1734 80 43 only
741 1733 54 35 for
818 1745 20 23 a
862 1734 229 43 prosecutor’s
1115 1734 252 44 investigation.

153 1782 155 35 Duckett v.
356 1783 113 40 State,
480 1783 66 34 268
558 1783 85 34 Ark.
655 1783 311 41 687, 600 S.W.2d
980 1785 39 33 18
1033 1784 101 43 (Ark.
1145 1784 91 44 App.
1251 1784 116 43 1980).

154 1833 105 39 Here,
282 1832 60 35 the
363 1838 199 38 prosecutor
584 1833 132 34 abused
738 1833 52 34 his
812 1843 114 34 power
948 1838 36 29 to
1005 1833 178 44 subpoena
1205 1834 98 34 when
1325 1834 44 35 he

153 1881 232 35 commanded
407 1882 77 34 that
506 1882 138 35 records
666 1882 45 35 be
732 1883 175 43 produced
929 1883 54 35 for
1006 1883 59 35 the
1087 1884 120 43 police.
1231 1884 95 35 Such
1348 1896 21 23 a

152 1932 130 34 misuse
305 1931 40 34 of
364 1932 59 34 the
446 1932 177 44 subpoena
647 1943 115 33 power
784 1933 194 43 effectively
1001 1944 87 33 gave
1110 1934 60 34 the
1193 1934 175 44 subpoena

152 1992 115 33 power
281 1987 36 29 to
329 1981 60 35 the
401 1982 120 44 police.
536 1982 152 44 Clearly,
703 1983 59 34 the
774 1982 225 36 information
1012 1982 92 36 from
1117 1984 59 34 the
1188 1983 182 45 telephone

152 2042 174 33 company
341 2043 69 23 was
425 2031 203 45 unlawfully
643 2032 125 35 seized.
784 2033 92 34 That
891 2032 236 42 information,
1143 2034 35 34 in
1193 2038 90 36 turn,
1299 2045 70 23 was

152 2081 87 35 used
250 2086 37 30 to
298 2081 119 35 obtain
428 2087 169 30 warrants
610 2082 53 35 for
674 2083 61 35 the
746 2082 121 36 search
879 2083 39 35 of
926 2089 69 29 two
1007 2083 38 35 of
1055 2083 182 44 appellees’
1250 2084 119 34 homes

153 2132 115 35 where
287 2131 60 36 the
365 2132 179 44 gambling
563 2133 267 44 paraphernalia
849 2144 90 24 were
958 2133 125 36 seized.
1104 2134 75 35 The
1198 2134 171 45 appellees

153 2182 226 44 successfully
389 2183 131 43 argued
531 2183 109 35 below
650 2183 78 35 that
737 2183 60 35 the
806 2183 163 36 evidence
978 2184 124 35 should
1112 2184 44 35 be
1165 2185 205 43 suppressed

154 2232 150 34 because
323 2232 39 34 of
378 2233 59 34 the
456 2233 167 34 unlawful
643 2233 134 35 seizure
796 2233 91 35 from
906 2234 60 34 the
985 2233 183 44 telephone
1187 2244 181 34 company.

338 2308 149 34 Neither
504 2308 60 34 the
580 2308 172 42 Supreme
769 2308 110 34 Court
896 2308 38 34 of
949 2308 60 34 the
1025 2308 133 35 United
1175 2309 116 34 States
1308 2320 62 22 nor

153 2356 69 34 this
249 2361 100 29 court
376 2357 62 33 has
465 2367 78 24 ever
570 2356 80 35 held
677 2357 77 34 that
781 2357 204 43 unlawfully
1011 2357 115 34 seized
1154 2357 161 34 evidence
1342 2358 28 33 is

153 2404 240 35 inadmissible
406 2405 137 42 against
557 2406 47 34 all
618 2415 153 34 persons,
787 2416 37 24 or
838 2405 35 35 in
888 2406 47 34 all
949 2405 236 44 proceedings.
1200 2407 77 39 See,
1294 2417 74 32 e.g.,
