1640 2696
107 427 40 35 of
165 427 68 35 this
256 427 209 40 concession,
487 437 51 23 we
559 425 87 35 need
668 430 60 30 not
749 425 122 34 review
893 425 82 34 here
995 424 60 35 the
1076 423 246 45 prosecution’s

108 476 120 34 efforts
240 481 36 29 to
288 485 144 34 procure
443 475 59 34 the
513 474 149 34 doctor’s
674 484 173 33 presence.
860 474 50 33 As
922 473 34 34 in
967 472 189 43 Holloway
1166 483 31 22 v.
1209 472 113 40 State,

109 524 66 34 268
189 524 86 34 Ark.
289 524 55 40 24,
358 524 67 33 594
437 522 143 35 S.W.2d
593 523 20 33 2
627 521 139 43 (1980),
778 521 59 35 the
848 521 121 34 search
981 520 54 34 for
1046 520 60 34 the
1117 519 119 35 doctor
1247 519 76 34 who

108 571 70 35 had
195 570 183 35 examined
394 571 59 34 the
469 569 134 44 alleged
619 569 130 41 victim,
766 568 149 35 testified
932 569 34 33 in
982 568 60 35 the
1058 568 74 34 first
1147 567 90 41 trial,
1255 566 68 36 and

108 620 84 34 then
213 618 122 35 moved
356 618 89 35 from
465 618 179 34 Arkansas
663 623 36 29 to
719 617 144 34 another
883 622 101 35 state,
1004 627 101 23 came
1123 621 58 29 too
1200 616 70 34 late
1288 620 36 29 to

109 667 127 44 permit
255 677 61 24 use
334 666 38 35 of
388 666 59 35 the
466 667 186 33 Interstate
670 665 187 35 Rendition
876 664 39 35 of
931 664 190 35 Witnesses
1139 665 80 39 Act,
1238 663 85 34 Ark.

110 715 90 34 Stat.
221 716 92 33 Ann.
337 714 40 43 §§
399 715 154 33 43-2005
575 711 150 45 through
745 712 154 35 43-2009
922 712 116 44 (Repl.
1064 711 117 43 1977).
1203 712 67 33 But
1289 711 35 34 in

110 763 190 43 Holloway
309 774 31 23 v.
350 763 113 40 State,
474 773 120 32 supra,
605 772 52 23 we
668 761 79 34 held
758 761 59 34 the
827 771 184 24 erroneous
1022 759 187 35 admission
1220 758 39 35 of
1266 759 60 34 the

110 811 150 34 doctor’s
273 810 185 43 testimony
471 820 70 24 was
555 814 59 30 not
627 808 215 45 prejudicial,
856 808 69 35 and
937 819 52 23 we
1001 807 158 35 affirmed
1171 807 59 34 the
1243 816 83 35 rape

110 858 205 35 conviction.
330 859 39 33 In
381 868 161 33 response
553 862 36 30 to
601 857 211 43 Holloway’s
824 861 184 38 argument
1019 856 77 34 that
1107 856 60 34 the
1177 855 148 34 doctor’s

111 906 93 44 prior
223 906 186 43 testimony
428 905 123 35 should
571 905 88 34 have
678 905 87 34 been
785 904 97 34 ruled
902 903 248 41 inadmissible,
1170 914 51 23 we
1240 902 85 35 said:

1253 284 66 33 227

327 977 75 34 The
410 977 148 34 doctor’s
567 976 187 43 testimony
763 987 80 29 was,
854 976 167 40 however,
1031 980 60 29 not
1099 974 143 35 critical.
1252 974 75 34 The

237 1025 128 35 State’s
376 1024 216 35 misconduct
601 1035 82 30 was,
694 1023 183 41 therefore,
888 1023 169 34 harmless
1067 1033 103 24 error.
1183 1023 55 34 He
1247 1022 80 43 only

237 1072 149 35 testified
400 1073 59 34 the
472 1083 134 23 women
620 1072 70 34 had
704 1071 152 44 recently
870 1071 69 34 had
953 1082 69 23 sex.
1037 1072 34 33 A
1085 1081 83 33 rape
1180 1069 147 35 victim’s

237 1121 186 43 testimony
433 1120 87 34 need
531 1125 60 29 not
601 1120 44 34 be
655 1119 254 35 corroborated.
922 1119 78 40 See,
1010 1119 155 43 Spencer
1172 1129 31 23 v.
1213 1117 113 41 State,

239 1169 66 34 255
319 1168 84 34 Ark.
417 1168 160 41 258, 499
590 1167 144 35 S.W.2d
748 1168 66 33 856
828 1166 138 43 (1973).
978 1165 218 44 Satterfield,
1207 1176 120 33 supra,

238 1216 82 34 does
330 1221 59 29 not
398 1215 151 35 demand
559 1215 159 35 reversal.
728 1215 123 40 There,
861 1215 60 34 the
929 1214 143 43 missing
1082 1214 137 34 witness
1228 1223 69 25 was
1308 1224 20 24 a

238 1263 182 44 suspected
430 1263 213 44 accomplice
653 1263 69 34 and
732 1263 52 34 his
794 1273 164 33 presence
968 1262 225 44 particularly
1202 1261 125 44 impor­

239 1316 86 30 tant.
342 1312 65 34 We
420 1311 71 35 find
507 1322 44 23 no
566 1310 178 45 prejudice
757 1311 90 34 here.
863 1310 75 35 The
952 1310 138 34 witness
1104 1309 69 35 had
1188 1309 141 44 already

239 1359 75 35 said
335 1360 45 34 all
401 1360 43 34 he
463 1359 103 35 could
586 1359 43 34 be
649 1358 166 45 expected
834 1364 36 29 to
890 1369 72 33 say.

330 1432 74 34 The
415 1442 97 24 same
523 1430 99 35 holds
633 1436 78 29 true
722 1430 183 44 regarding
917 1430 60 35 the
988 1435 184 38 argument
1183 1430 76 34 that
1271 1429 59 35 the

240 1479 185 43 testimony
440 1478 92 35 from
547 1479 60 34 the
621 1479 75 34 first
711 1478 80 35 trial
806 1489 69 23 was
891 1483 60 29 not
967 1477 200 35 admissible
1182 1477 148 34 because

240 1527 60 34 the
323 1527 136 34 witness
485 1526 70 35 had
579 1532 60 29 not
664 1526 87 34 been
776 1526 159 43 properly
959 1525 69 35 and
1053 1525 87 43 fully
1164 1535 165 24 cross-ex-

240 1574 149 34 amined.
401 1574 211 43 Holloway’s
622 1573 143 35 defense
773 1584 69 24 was
852 1573 43 35 he
904 1573 60 34 did
973 1578 60 29 not
1042 1573 62 34 rob
1113 1573 59 34 the
1182 1572 149 35 Leather

242 1622 124 41 Bottle,
382 1633 61 23 nor
458 1632 84 34 rape
557 1622 59 34 the
631 1632 144 24 women.
792 1621 107 35 What
914 1631 97 24 more
1025 1620 102 35 could
1142 1621 87 34 have
1244 1620 86 34 been

241 1670 106 35 asked
364 1670 39 35 of
416 1670 60 35 the
491 1670 121 35 doctor
629 1670 77 34 who
723 1669 74 35 said
814 1669 59 35 the
889 1680 134 24 women
1040 1668 70 35 had
1127 1667 69 36 had
1213 1668 118 35 sexual

241 1719 211 34 intercourse
471 1718 121 35 within
612 1718 52 34 six
684 1718 124 34 hours?

333 1790 77 33 Just
435 1800 38 23 as
499 1800 52 23 we
576 1789 132 34 believe
733 1789 97 33 there
855 1799 70 23 was
952 1799 45 23 no
1021 1788 164 34 violation
1211 1787 40 34 of
1273 1788 59 33 the

242 1836 163 35 Uniform
421 1837 107 33 Rules
543 1836 39 34 of
595 1835 182 41 Evidence,
793 1847 51 23 we
858 1836 73 33 also
946 1835 131 34 believe
1092 1835 97 34 there
1203 1845 69 23 was
1288 1845 44 23 no

241 1884 163 33 violation
418 1883 39 34 of
468 1884 59 33 the
540 1883 257 34 confrontation
810 1883 118 33 clause
941 1882 39 34 of
990 1882 60 34 the
1063 1882 101 34 Sixth
1178 1881 153 35 Amend-

242 1936 106 29 ment.
362 1931 91 34 That
466 1931 118 34 clause
597 1930 28 34 is
639 1935 60 29 not
712 1930 167 34 absolute.
895 1930 31 34 It
939 1929 82 34 does
1035 1934 60 29 not
1108 1929 136 44 require
1256 1929 76 34 that

242 1989 101 33 every
365 1978 158 35 criminal
546 1977 191 35 defendant
760 1978 43 34 be
824 1977 145 35 allowed
992 1982 36 30 to
1050 1976 160 35 confront
1232 1987 101 33 every

242 2026 137 35 witness
396 2026 137 44 against
550 2026 73 35 him
640 2036 101 34 every
757 2026 85 35 time
858 2026 44 35 he
918 2026 28 34 is
963 2025 100 36 tried.
1091 2053 7 7 .
1126 2053 6 7 .
1160 2053 7 7 .
1185 2025 148 35 Neither

242 2086 70 24 was
325 2075 68 35 due
404 2086 137 34 process
553 2075 161 35 violated.
733 2074 80 44 [268
827 2075 85 34 Ark.
926 2080 37 29 at
976 2075 119 41 28-29,
1110 2075 67 34 594
1190 2073 143 36 S.W.2d

243 2130 36 29 at
300 2124 46 43 4.]

211 2196 39 33 In
275 2195 59 34 the
357 2205 79 24 case
460 2194 120 35 before
602 2206 52 29 us,
679 2195 60 33 the
762 2194 148 34 doctor’s
934 2194 187 43 testimony
1144 2204 70 24 was
1239 2203 95 24 more

118 2242 175 35 extensive
317 2243 84 34 than
426 2242 59 35 the
509 2242 149 35 doctor’s
683 2242 186 43 testimony
893 2241 35 35 in
952 2241 190 43 Holloway
1164 2252 31 23 v.
1219 2241 113 40 State,

118 2301 120 34 supra.
254 2292 105 40 Here,
372 2290 60 35 the
443 2290 150 35 doctor’s
606 2290 93 44 prior
712 2290 196 44 testimony,
922 2289 113 35 which
1047 2300 71 24 was
1131 2288 83 35 read
1227 2294 36 29 to
1276 2288 59 35 the

115 2339 92 44 jury,
229 2338 180 36 described
431 2344 36 29 at
488 2339 119 43 length
627 2338 94 35 what
742 2338 60 35 the
821 2338 120 35 victim
961 2338 70 34 had
1052 2337 76 35 said
1149 2337 106 35 about
1276 2337 60 34 the

119 2387 125 34 details
255 2387 40 34 of
302 2387 60 34 the
373 2387 134 43 alleged
518 2397 83 33 rape
612 2397 45 24 on
667 2387 60 34 the
738 2386 98 43 night
847 2386 61 34 she
919 2397 70 23 was
1001 2385 183 35 examined
1194 2385 46 44 by
1251 2385 83 34 him.

121 2436 56 33 He
186 2435 150 34 testified
346 2435 43 34 he
399 2434 69 35 had
478 2434 109 35 found
597 2434 103 34 blood
710 2434 69 34 and
789 2444 115 33 sperm
914 2434 35 34 in
958 2434 60 34 the
1026 2433 139 43 vaginal
1175 2444 81 23 area
1266 2432 69 35 and
