1656 2696
1233 292 112 34 293-B

235 1378 162 34 George
407 1379 98 33 Rose
515 1378 132 40 Smith,
658 1378 142 40 Justice,

810 1388 43 24 on
863 1378 192 43 rehearing.
1065 1378 75 34 The
1149 1378 142 44 petition
1302 1377 53 35 for

144 1428 183 42 rehearing
337 1433 92 29 must
439 1428 43 34 be
492 1427 135 41 denied,
639 1428 62 34 but
711 1428 131 34 certain
852 1428 175 43 questions
1038 1427 112 35 raised
1160 1428 35 33 in
1205 1428 27 34 it
1241 1427 68 35 and
1320 1427 34 34 in

144 1477 132 34 several
286 1477 201 43 supporting
498 1477 162 43 petitions
671 1477 136 43 require
816 1483 192 28 comments
1019 1477 106 34 about
1136 1488 20 23 a
1167 1477 65 34 few
1243 1477 112 43 points

145 1526 77 34 that
235 1537 60 23 are
307 1527 125 42 closely
445 1526 131 34 related
589 1532 36 28 to
637 1526 60 34 the
709 1526 107 34 issues
829 1527 152 42 actually
994 1526 119 34 before
1124 1537 40 24 us
1177 1526 98 34 when
1287 1526 68 34 this

145 1586 80 24 case
244 1587 70 23 was
335 1576 73 34 first
427 1575 155 35 decided.

238 1657 103 34 Fears
356 1668 59 23 are
429 1656 183 45 expressed
627 1657 76 34 that
718 1657 59 34 the
790 1657 127 34 court’s
931 1657 140 44 opinion
1085 1662 132 29 creates
1231 1656 124 35 doubts

145 1707 108 35 about
265 1707 60 35 the
337 1706 142 45 validity
492 1706 39 35 of
542 1718 148 24 revenue
703 1706 108 35 bonds
825 1707 76 35 that
913 1718 90 23 were
1016 1707 125 41 issued,
1154 1707 144 35 without
1311 1718 45 24 an

145 1757 158 42 election,
320 1757 119 35 before
453 1757 60 35 the
528 1757 82 35 date
625 1757 39 35 of
677 1757 59 35 the
751 1757 126 35 court’s
893 1757 150 44 opinion,
1061 1757 127 35 March
1205 1758 31 40 3,
1257 1758 98 34 1986.

145 1808 75 34 Not
236 1818 66 24 one
317 1807 39 35 of
369 1819 39 24 us
424 1807 68 36 had
509 1818 38 24 or
563 1808 62 35 has
642 1808 59 34 the
717 1813 163 29 remotest
896 1807 169 36 intention
1080 1807 40 35 of
1132 1807 224 44 invalidating

146 1858 110 34 bonds
267 1858 76 34 that
354 1869 88 23 were
453 1858 114 35 issued
578 1858 35 35 in
624 1858 150 35 reliance
784 1869 43 24 on
838 1858 59 35 the
907 1857 127 36 court’s
1045 1858 122 35 earlier
1178 1858 177 34 decisions.

146 1909 78 33 Nor
234 1919 70 23 was
315 1908 26 34 it
351 1908 59 34 the
420 1908 127 34 court’s
558 1908 169 34 intention
738 1913 35 30 to
784 1908 80 34 hold
875 1908 76 34 that
961 1908 60 34 the
1031 1908 234 34 Constitution
1275 1908 82 34 does

147 1962 60 30 not
221 1958 126 43 permit
361 1958 58 34 the
432 1968 61 24 use
506 1957 39 35 of
557 1968 147 24 revenue
718 1957 109 35 bonds
841 1958 44 43 by
899 1958 155 34 counties
1069 1957 68 35 and
1151 1957 106 35 cities.
1273 1957 86 35 Like

147 2008 99 34 other
256 2007 300 44 interest-bearing
566 2007 189 41 securities,
765 2007 165 41 however,
941 2018 147 24 revenue
1097 2007 108 35 bonds
1215 2012 92 30 must
1316 2007 43 35 be

148 2057 173 45 approved
342 2058 44 44 by
406 2058 59 34 the
484 2058 197 35 electorate.

241 2139 38 33 In
307 2139 150 42 general,
484 2149 63 23 our
574 2138 139 44 opinion
741 2138 27 34 is
796 2138 223 43 prospective,
1047 2138 62 34 but
1136 2138 97 34 there
1259 2138 28 34 is
1314 2148 44 24 an

148 2188 181 42 exception
350 2198 37 23 as
408 2193 35 28 to
463 2188 60 33 the
543 2187 109 34 bonds
674 2187 154 34 involved
849 2187 35 34 in
904 2187 68 34 this
993 2198 80 23 case
1094 2207 43 4 —
1159 2187 59 34 the
1238 2187 122 42 Magic

148 2236 145 43 Springs
308 2236 107 34 bonds
430 2236 114 34 issued
558 2236 46 43 by
617 2236 59 34 the
691 2237 72 33 Hot
777 2236 143 43 Springs
934 2236 222 42 Advertising
1173 2237 33 32 &
1222 2236 138 34 Tourist

148 2286 199 34 Promotion
357 2285 243 35 Commission.
611 2285 120 35 Under
741 2296 62 23 our
812 2285 91 44 prior
912 2285 169 34 decisions
1090 2296 45 23 an
1144 2285 179 43 exception
1332 2285 28 34 is

149 2335 104 35 made
261 2335 83 35 with
355 2340 133 39 respect
497 2340 36 30 to
542 2335 60 34 the
611 2335 189 44 particular
809 2345 79 24 case
898 2335 34 34 in
941 2335 113 34 which
1064 2335 123 34 earlier
1196 2345 96 24 cases
1301 2345 60 24 are

148 2385 190 34 overruled.
353 2385 92 34 That
458 2385 28 34 is
500 2385 207 43 necessarily
720 2390 87 35 true,
822 2384 53 35 for
888 2385 182 34 otherwise
1082 2385 97 34 there
1192 2384 113 34 would
1318 2384 43 35 be

150 2446 44 24 no
210 2446 122 24 reason
350 2435 53 34 for
419 2446 20 24 a
457 2435 137 43 litigant
610 2440 36 29 to
662 2435 122 34 devote
800 2435 59 34 the
875 2434 159 44 required
1050 2434 95 41 time,
1163 2434 112 41 effort,
1293 2433 69 35 and
