1641 2698
441 427 189 44 particular
649 427 132 35 offense
800 427 162 43 charged.

322 289 64 33 104

316 504 158 34 Another
486 504 108 34 incest
606 514 79 24 case
696 515 38 23 so
745 503 141 44 holding
899 503 27 34 is
941 504 150 34 Carmen
1101 514 30 23 v.
1143 504 113 39 State,
1273 504 65 33 120
1350 503 85 34 Ark.
1452 504 75 40 172,

321 554 64 34 179
403 553 94 34 S.W.
519 554 62 33 183
602 553 137 42 (1915).
756 553 74 34 The
847 553 176 43 appellant
1038 552 85 35 cites
1138 552 132 44 Alford
1283 564 30 22 v.
1329 553 114 40 State,
1461 554 66 32 223

317 603 84 34 Ark.
423 603 79 40 330,
523 602 67 35 266
610 601 143 36 S.W.2d
774 603 67 34 804
863 601 137 44 (1954),
1021 601 113 35 where
1153 613 51 24 we
1223 607 61 38 put
1304 613 44 23 an
1368 601 66 35 end
1454 607 35 29 to
1509 613 20 24 a

316 652 202 44 developing
530 652 151 44 practice
692 652 40 35 of
740 652 120 44 saying
873 652 128 43 loosely
1012 652 76 35 that
1099 652 103 44 proof
1209 651 40 35 of
1257 657 127 35 recent,
1397 652 131 35 similar

317 702 123 35 crimes
459 702 27 34 is
505 702 199 34 admissible
722 707 35 29 to
775 702 93 34 show
887 703 120 33 intent.
1027 702 67 34 See
1112 701 150 35 Gerlach
1279 713 30 23 v.
1328 702 112 40 State,
1461 703 66 33 217

316 752 85 34 Ark.
409 752 154 39 102,
573 751 36 34 229
613 751 103 34 S.W.2d
728 753 17 33 3­
751 752 19 32 7
783 751 138 43 (1950);
930 751 173 35 Hummel
1110 762 30 23 v.
1150 752 113 39 State,
1274 752 68 33 210
1352 751 84 34 Ark.
1448 752 79 40 472,

321 801 63 33 196
407 800 143 35 S.W.2d
574 801 67 34 594
665 799 138 43 (1946);
826 801 121 33 Hearn
967 811 31 23 v.
1020 801 114 39 State,
1157 800 68 34 206
1248 801 85 33 Ark.
1357 801 79 39 206,
1464 801 64 33 174

316 848 144 36 S.W.2d
472 850 69 33 452
555 849 137 43 (1943).
707 850 40 34 In
758 849 60 34 the
829 849 131 44 Alford
970 849 150 43 opinion,
1134 849 167 40 however,
1313 860 52 23 we
1377 848 151 35 adhered

316 904 36 29 to
366 899 59 34 the
439 899 74 34 rule
527 899 194 44 applicable
735 903 35 30 to
785 899 92 44 prior
891 899 195 35 incestuous
1102 904 73 29 acts
1190 899 155 34 between
1360 898 59 36 the
1433 910 96 24 same

316 949 138 44 parties,
473 949 106 44 citing
596 948 146 41 Adams,
762 959 118 34 supra.
900 948 74 35 The
992 948 78 36 trial
1088 954 99 30 court
1204 949 169 44 correctly
1390 949 137 44 applied

315 999 77 35 that
412 999 73 35 rule
506 999 34 35 in
560 999 59 35 the
639 1004 137 39 present
795 1010 90 24 case.

545 1076 75 35 The
629 1077 205 44 appellant’s
845 1076 92 35 third
947 1082 184 38 argument
1141 1077 27 34 is
1179 1077 77 34 that
1265 1077 60 34 the
1334 1077 80 34 trial
1420 1077 108 43 judge

315 1125 123 36 should
450 1126 87 35 have
549 1126 153 35 directed
714 1138 20 23 a
746 1126 130 35 verdict
889 1126 53 35 for
954 1127 164 40 Johnson,
1132 1127 148 34 because
1291 1127 53 34 his
1356 1127 171 43 daughter

314 1187 71 23 was
394 1186 44 25 an
448 1176 211 44 accomplice
667 1176 68 35 and
745 1176 61 34 her
813 1177 186 43 testimony
1007 1187 71 24 was
1087 1182 59 29 not
1155 1176 254 35 corroborated.
1420 1177 40 34 In
1469 1177 59 34 the

315 1226 74 34 first
398 1225 108 45 place,
516 1226 97 35 there
622 1237 69 23 was
701 1237 44 24 no
755 1226 130 35 motion
895 1225 54 36 for
958 1237 20 24 a
987 1226 154 35 directed
1149 1226 142 41 verdict,
1301 1227 69 34 and
1380 1226 59 35 the
1447 1227 79 34 trial

311 1275 108 43 judge
432 1275 27 34 is
473 1281 59 29 not
546 1276 159 43 required
719 1281 35 30 to
767 1276 81 34 take
861 1276 76 35 that
951 1276 114 35 action
1079 1287 45 23 on
1137 1276 52 35 his
1203 1287 76 24 own
1293 1276 178 35 initiative.
1487 1277 39 34 In

314 1325 60 34 the
384 1324 126 35 second
522 1325 109 44 place,
642 1325 60 34 the
713 1325 171 35 Criminal
895 1325 98 35 Code
1004 1325 157 44 provides
1171 1326 78 34 that
1259 1326 60 34 the
1328 1325 120 35 victim
1458 1326 39 34 of
1506 1337 20 24 a

314 1374 107 35 crime
442 1374 27 34 is
491 1380 59 29 not
571 1385 44 24 an
636 1375 220 43 accomplice.
879 1375 85 34 Ark.
986 1375 89 35 Stat.
1098 1376 92 34 Ann.
1214 1375 17 42 §
1255 1376 129 34 41-305
1410 1375 115 44 (Repl.

319 1423 115 43 1977).
449 1424 31 33 It
491 1424 27 34 is
530 1424 130 43 argued
672 1424 76 35 that
760 1424 58 34 the
829 1425 212 43 prosecutrix
1052 1435 70 23 was
1134 1430 60 29 not
1205 1436 20 23 a
1236 1425 130 41 victim,
1379 1424 148 35 because

314 1473 26 33 it
354 1473 27 34 is
395 1473 153 34 asserted
562 1473 61 34 she
636 1484 69 23 was
719 1473 114 43 trying
847 1479 35 29 to
895 1474 57 42 lay
965 1485 20 23 a
1000 1479 78 39 trap
1091 1473 54 35 for
1159 1474 61 34 her
1234 1473 126 42 father,
1374 1479 36 28 to
1424 1485 102 32 prove

314 1522 76 35 that
401 1522 44 35 he
455 1522 69 35 had
535 1522 131 35 abused
677 1523 61 34 her
748 1523 155 44 sexually
914 1523 34 34 in
959 1524 60 34 the
1029 1528 87 39 past.
1129 1523 92 35 That
1232 1523 28 34 is
1272 1534 44 23 an
1327 1524 200 34 unrealistic

314 1572 261 44 interpretation
589 1572 40 34 of
639 1572 61 35 her
714 1572 196 45 testimony,
926 1572 53 35 for
993 1573 61 34 she
1068 1573 75 34 said
1158 1574 61 34 she
1232 1573 89 34 tried
1335 1579 36 29 to
1385 1579 140 38 prevent

313 1622 61 34 her
388 1621 143 35 father’s
546 1622 199 44 impending
758 1622 79 35 visit
852 1622 68 35 and
934 1623 75 34 said
1024 1622 179 45 positively
1217 1622 76 35 that
1307 1623 61 35 she
1382 1623 69 34 had
1466 1629 59 29 not

314 1671 162 35 intended
486 1676 35 30 to
531 1672 87 34 have
627 1682 58 24 sex
694 1672 83 35 with
787 1672 82 35 him.
881 1672 94 35 Thus
986 1672 153 35 whether
1149 1673 60 34 she
1218 1684 70 23 was
1298 1684 20 23 a
1327 1673 119 35 victim
1455 1684 69 24 was

313 1726 36 29 at
367 1721 59 34 the
443 1732 81 33 very
542 1722 86 34 least
646 1733 20 23 a
685 1722 160 44 disputed
864 1723 91 34 issue
972 1722 40 34 of
1026 1722 84 41 fact;
1129 1733 37 24 so
1185 1734 20 23 a
1223 1722 154 35 directed
1394 1723 131 35 verdict

312 1771 113 34 would
446 1770 86 35 have
552 1771 86 35 been
659 1782 127 32 wrong.

403 1849 33 32 A
452 1847 117 35 fourth
585 1852 183 38 argument
784 1848 27 34 is
827 1848 76 35 that
918 1848 59 34 the
991 1848 191 35 defendant
1197 1848 123 35 should
1335 1849 88 35 have
1438 1849 86 35 been

312 1896 144 35 allowed
467 1902 35 29 to
512 1897 128 43 testify,
651 1908 38 24 as
700 1903 78 38 part
788 1897 39 35 of
834 1898 59 35 the
903 1897 141 36 defense
1053 1898 40 34 of
1100 1898 236 42 intoxication,
1347 1899 76 34 that
1433 1899 91 34 after

311 1946 52 34 his
377 1951 109 30 arrest
498 1947 43 34 he
554 1947 69 34 had
635 1948 104 34 taken
752 1948 183 34 Antabuse
947 1947 54 35 for
1013 1948 138 35 months
1165 1948 68 35 and
1246 1948 230 45 participated
1489 1949 34 34 in

311 1996 199 43 counseling
525 1996 34 35 in
574 2007 45 24 an
634 1997 102 35 effort
751 2002 35 29 to
800 2002 134 30 correct
948 1997 52 34 his
1015 1997 212 35 alcoholism.
1243 1998 75 34 The
1332 1998 79 34 trial
1426 2004 98 29 court

311 2045 168 44 correctly
499 2046 137 34 refused
656 2051 36 29 to
712 2046 100 35 allow
832 2046 85 35 such
938 2047 185 43 testimony
1143 2047 45 44 by
1208 2047 59 35 the
1286 2047 200 35 defendant.

534 2122 193 44 Voluntary
752 2122 225 36 intoxication
1002 2124 29 34 is
1055 2128 61 30 not
1140 2135 21 23 a
1186 2129 172 38 statutory
1383 2123 142 36 defense

311 2171 109 35 under
439 2171 58 35 the
516 2172 169 35 Criminal
706 2172 107 41 Code,
833 2173 62 34 but
914 2173 28 34 is
961 2173 203 43 recognized
1183 2185 38 23 as
1240 2184 20 23 a
1279 2174 244 34 common-law

310 2220 141 35 defense
461 2221 98 35 when
570 2233 20 23 a
600 2222 118 41 crime,
729 2222 84 35 such
824 2233 38 24 as
873 2223 173 43 burglary,
1058 2223 152 43 requires
1220 2223 60 34 the
1289 2223 187 35 formation
1486 2224 40 34 of

310 2281 20 24 a
344 2270 138 44 specific
497 2271 120 35 intent.
636 2271 197 35 Varnedare
845 2283 31 24 v.
890 2272 114 41 State,
1020 2273 67 34 264
1101 2273 85 34 Ark.
1203 2273 78 40 596,
1297 2274 65 33 573
1378 2273 145 35 S.W.2d

312 2321 42 33 57
368 2320 137 43 (1978).
517 2321 129 35 AMCI
657 2322 139 40 4005.1,
808 2322 112 35 which
931 2333 69 23 was
1011 2323 110 42 given,
1134 2322 27 35 is
1173 2322 106 35 based
1290 2333 44 24 on
1345 2323 76 34 that
1431 2334 89 24 case.

311 2370 39 34 In
366 2370 59 35 the
441 2380 79 25 case
536 2376 36 30 at
588 2370 93 35 hand
698 2372 59 34 the
773 2371 204 35 instruction
993 2372 72 35 told
1081 2372 59 34 the
1152 2372 81 44 jury
1249 2372 76 35 that
1340 2372 182 45 voluntary

309 2419 224 36 intoxication
550 2421 27 34 is
594 2431 21 23 a
631 2420 141 35 defense
787 2421 81 44 only
884 2421 30 35 if
927 2432 37 23 as
981 2433 20 23 a
1017 2422 107 34 result
1140 2422 39 34 of
1192 2423 26 34 it
1234 2422 117 35 James
1368 2422 153 35 Johnson
