1669 2701
1262 253 67 34 487

344 394 39 33 In
399 393 141 43 making
556 393 76 35 that
648 399 194 38 argument,
858 393 167 41 however,
1042 394 176 44 appellant
1233 394 99 34 relies

119 453 97 24 more
228 454 92 33 upon
331 443 117 35 fiction
460 443 85 35 than
558 453 92 33 upon
662 443 82 35 fact.
759 444 56 34 He
825 443 207 44 completely
1043 443 135 44 ignores
1190 444 59 34 the
1260 443 73 35 fact

119 493 77 34 that
215 493 52 34 his
286 493 91 44 prior
395 493 116 44 felony
528 493 193 35 conviction
740 504 69 24 was
828 493 35 35 in
881 493 132 35 federal
1031 498 99 30 court
1147 493 185 44 stemming

120 542 92 35 from
240 554 21 23 a
290 542 131 36 federal
449 543 139 43 charge.
618 544 179 34 Arkansas
826 548 147 30 statutes
1002 543 186 44 governing
1216 544 118 44 parole

120 592 182 44 eligibility
324 592 44 35 do
389 598 59 30 not
470 593 104 44 apply
595 593 83 34 with
700 599 133 38 respect
855 598 35 29 to
912 598 178 30 sentences
1113 593 154 44 imposed
1288 593 46 44 by

120 642 133 35 federal
263 648 115 29 courts
387 653 38 24 or
434 642 98 35 other
542 647 91 31 state
642 648 115 30 courts
766 643 135 35 outside
910 643 39 35 of
955 643 190 35 Arkansas.
1155 644 178 34 Arkansas

121 692 126 43 simply
258 692 63 35 has
333 703 43 23 no
388 692 175 44 authority
575 703 80 24 over
666 698 178 30 sentences
855 692 156 45 imposed
1022 693 35 34 in
1069 693 98 34 other
1174 693 159 43 jurisdic­

121 742 101 35 tions.
244 742 188 44 Appellant
452 742 28 34 is
501 742 135 44 serving
656 742 81 44 only
757 753 65 24 one
841 748 161 29 sentence
1022 743 35 34 in
1078 742 59 36 the
1156 744 178 34 Arkansas

121 792 232 44 Department
369 792 39 34 of
422 792 214 41 Correction,
653 793 60 34 the
730 794 41 33 35
790 803 81 34 year
888 798 90 30 state
994 798 161 30 sentence
1171 793 53 34 for
1240 804 93 33 rape.

121 842 93 35 That
229 843 42 33 35
287 853 82 33 year
383 847 161 30 sentence
557 843 28 34 is
599 847 60 30 not
673 842 102 44 being
789 842 118 35 served
921 843 253 43 consecutively
1187 842 82 35 with
1283 843 52 35 his

121 896 164 30 sentence
304 902 43 24 on
368 892 59 34 the
446 891 132 36 federal
599 891 117 46 felony
735 892 202 35 conviction.
960 892 268 45 Consequently,
1248 893 85 35 Ark.

122 942 91 34 Stat.
235 942 92 34 Ann.
350 941 19 43 §
391 942 153 34 43-2829
567 943 44 33 D.
633 942 69 35 and
723 943 39 34 E.
784 942 68 35 and
872 942 163 41 Bosnick,
1056 953 120 33 supra,
1198 953 59 24 are
1275 948 61 30 not

122 991 197 44 applicable
330 996 36 30 to
378 992 59 34 the
448 1002 80 24 case
540 997 37 30 at
589 992 104 35 hand.
706 993 189 43 Appellant
907 997 93 30 must
1012 1003 96 24 serve
1120 1003 20 24 a
1153 992 183 35 minimum

122 1041 40 34 of
176 1041 161 35 one-half
351 1041 39 34 of
405 1042 58 34 the
482 1043 42 33 35
544 1052 83 33 year
644 1047 172 36 sentence,
834 1042 83 34 with
935 1042 110 35 credit
1062 1042 54 35 for
1133 1043 89 43 good
1240 1042 94 42 time,

123 1091 121 35 before
259 1091 43 35 he
317 1091 67 34 will
400 1091 143 35 become
558 1091 138 44 eligible
711 1091 54 35 for
779 1092 127 44 parole.
923 1092 85 35 Ark.
1025 1092 89 35 Stat.
1131 1093 91 34 Ann.
1241 1092 17 43 §
1275 1094 60 33 43-­

124 1141 91 34 2829
238 1141 38 34 B.
300 1140 53 44 (3)
378 1141 115 44 (Repl.
519 1141 117 43 1977).

216 1217 66 34 For
300 1217 52 35 his
370 1217 125 35 second
514 1218 96 44 point
628 1218 40 34 of
682 1218 134 44 appeal,
835 1219 177 43 appellant
1030 1229 123 33 argues
1171 1219 76 35 that
1264 1219 27 34 it
1309 1219 27 35 is

123 1267 309 36 unconstitutional
441 1272 35 30 to
485 1268 104 44 apply
597 1268 70 34 Act
677 1269 43 33 93
730 1267 40 35 of
779 1269 87 34 1977
876 1268 34 34 in
919 1268 231 44 determining
1159 1269 52 34 his
1220 1269 117 44 parole

123 1316 183 45 eligibility
316 1317 81 35 date
408 1318 149 34 because
568 1317 26 35 it
604 1318 144 35 violates
759 1318 59 35 the
830 1319 51 34 Ex
891 1319 81 34 Post
985 1319 106 34 Facto
1103 1318 139 35 Clause.
1253 1319 83 35 This

124 1373 185 37 argument
329 1367 28 34 is
377 1368 72 34 also
469 1367 145 35 without
634 1367 113 35 merit.

310 1444 39 34 In
364 1444 163 41 Bosnick,
543 1455 121 33 supra,
681 1455 51 24 we
748 1444 127 44 quoted
892 1444 91 35 from
999 1445 60 34 the
1074 1444 131 36 United
1221 1445 116 35 States

124 1493 172 45 Supreme
309 1493 110 36 Court
432 1504 79 25 case
524 1494 40 35 of
578 1495 142 34 Weaver
730 1505 30 24 v.
776 1494 167 42 Graham,
958 1495 69 34 450
1041 1495 83 35 U.S.
1140 1496 44 33 24
1200 1495 136 44 (1981):

248 1570 75 35 The
334 1581 41 23 ex
387 1575 75 39 post
474 1570 95 35 facto
580 1570 210 44 prohibition
802 1571 131 35 forbids
944 1571 60 35 the
1015 1571 173 43 Congress
1199 1571 68 35 and
1279 1572 59 35 the

249 1620 117 35 States
380 1625 35 30 to
429 1625 101 30 enact
544 1631 68 33 any
625 1621 66 34 law
706 1620 134 36 “which
853 1621 148 44 imposes
1016 1632 20 24 a
1049 1621 222 45 punishment
1284 1622 54 35 for

249 1681 45 24 an
321 1675 57 30 act
404 1670 112 35 which
542 1681 71 24 was
639 1676 61 30 not
727 1671 205 44 punishable
958 1677 36 30 at
1020 1672 60 35 the
1105 1672 85 35 time
1216 1673 26 34 it
1268 1684 69 23 was

248 1720 216 41 committed;
475 1731 38 24 or
525 1721 150 43 imposes
686 1720 191 36 additional
887 1721 224 44 punishment
1121 1726 37 30 to
1168 1722 77 35 that
1255 1722 83 35 then

249 1770 231 43 prescribed.”
495 1770 178 42 (citations
685 1771 161 43 omitted)
861 1771 165 43 Through
1038 1772 68 34 this
1118 1772 219 43 prohibition,

249 1819 60 34 the
321 1819 157 35 Framers
489 1819 126 43 sought
626 1825 35 29 to
673 1830 118 24 assure
801 1820 76 34 that
888 1820 191 43 legislative
1089 1821 86 34 Acts
1185 1821 76 42 give
1271 1820 67 35 fair

250 1868 155 43 warning
421 1868 40 35 of
474 1868 90 35 their
581 1869 104 35 effect
703 1869 68 35 and
788 1869 126 44 permit
930 1869 207 36 individuals
1155 1875 35 29 to
1207 1870 71 44 rely
1295 1881 44 24 on

250 1918 90 35 their
360 1918 162 44 meaning
544 1918 88 36 until
654 1919 174 45 explicitly
848 1919 169 44 changed.
1042 1919 113 44 (Cites
1176 1920 160 44 omitted)

342 2045 40 34 In
392 2045 125 35 accord
528 2045 83 35 with
621 2046 98 35 these
728 2056 175 34 purposes,
914 2057 63 24 our
987 2046 170 35 decisions
1167 2047 173 43 prescribe

250 2095 77 34 that
337 2100 67 29 two
414 2095 133 34 critical
558 2094 167 36 elements
735 2100 93 30 must
838 2095 43 34 be
890 2100 138 39 present
1038 2095 54 35 for
1102 2106 21 23 a
1133 2095 158 35 criminal
1301 2106 38 24 or

250 2144 102 42 penal
364 2143 65 35 law
440 2149 35 29 to
486 2144 43 34 be
540 2155 42 23 ex
592 2149 77 38 post
681 2144 105 35 facto:
799 2147 27 32 it
836 2151 96 27 must
942 2144 42 35 be
994 2147 255 41 retrospective,
1263 2144 77 35 that

251 2195 39 37 is,
306 2196 27 31 it
345 2199 94 28 must
452 2193 107 44 apply
572 2199 36 29 to
620 2199 117 29 events
749 2196 184 41 occurring
943 2193 120 44 before
1075 2197 46 32 its
1133 2200 204 34 enactment,

251 2241 72 36 and
333 2245 26 31 it
372 2248 93 29 must
478 2242 254 45 disadvantage
744 2243 58 35 the
813 2243 157 44 offender
981 2243 151 44 affected
1143 2243 44 44 by
1199 2247 36 31 it.
1263 2271 6 7 .
1297 2271 7 7 .
1332 2272 6 6 .

347 2394 63 44 [I]t
437 2395 28 35 is
492 2395 59 35 the
579 2395 114 42 effect,
721 2401 60 30 not
808 2397 59 34 the
893 2396 102 41 form,
1023 2396 40 35 of
1087 2396 59 35 the
1172 2397 65 34 law
1264 2397 77 35 that
