1632 2688
295 405 45 42 by
350 405 58 33 the
419 404 192 44 appellants
622 404 27 34 is
660 404 152 34 whether
822 415 20 23 a
853 409 168 30 covenant
1031 409 59 29 not
1100 409 36 29 to
1145 409 169 38 compete,
1325 403 183 35 contained

296 454 33 34 in
343 465 19 23 a
377 459 156 29 contract
547 453 52 35 for
613 454 58 34 the
684 454 72 34 sale
768 453 39 35 of
817 465 20 23 a
851 454 166 40 business,
1032 453 27 35 is
1073 453 251 35 unreasonable
1337 453 67 34 due
1416 459 35 28 to
1465 453 42 34 its

296 504 117 42 length
422 503 39 35 of
467 503 161 35 duration
638 503 68 34 and
716 504 79 33 thus
805 503 277 35 unenforceable.
1093 504 75 33 The
1176 503 195 34 chancellor
1381 503 127 43 upheld

295 554 59 34 the
371 553 181 44 provision,
571 553 68 34 and
656 564 51 23 we
724 564 103 32 agree
843 553 77 34 that
937 553 26 34 it
979 564 70 23 was
1067 558 59 29 not
1143 552 39 35 of
1197 564 44 23 an
1258 553 251 34 unreasonable

295 603 161 35 duration
468 603 108 35 under
587 603 59 34 the
655 603 269 34 circumstances
935 602 181 45 presented
1128 603 91 34 here.
1231 603 74 34 The
1316 603 192 44 appellants

296 653 134 35 further
446 653 147 35 contend
610 654 59 34 the
685 653 196 35 chancellor
897 653 98 34 erred
1012 653 34 34 in
1063 653 176 43 awarding
1256 664 44 23 an
1317 653 190 43 injunction

296 704 177 42 enforcing
483 704 59 33 the
551 708 168 29 covenant
729 703 135 43 against
874 714 96 23 some
978 703 39 34 of
1024 703 95 34 them
1128 703 77 34 who
1214 714 89 23 were
1312 708 59 29 not
1381 703 127 43 parties

295 758 36 29 to
343 753 58 34 the
413 758 156 29 contract
582 753 111 33 which
705 752 184 35 contained
902 753 59 33 the
972 758 178 28 covenant.
1165 753 65 33 We
1242 763 103 32 agree
1356 753 82 33 with
1450 753 59 33 the

296 803 192 42 appellants
502 813 43 23 on
559 802 67 34 this
640 802 96 43 point
749 802 68 34 and
831 802 80 34 thus
924 801 133 43 modify
1069 802 59 33 the
1142 801 201 43 injunction.
1358 802 65 33 We
1436 802 72 33 also

296 862 102 31 agree
411 851 81 34 with
506 852 59 33 the
578 851 204 43 appellantsâ€™
797 856 183 37 argument
993 851 76 34 that
1082 851 59 33 the
1153 851 196 34 chancellor
1362 851 98 34 erred
1473 851 34 33 in

296 900 176 43 awarding
488 900 165 43 damages
670 900 53 34 for
740 900 127 34 breach
883 900 39 34 of
934 900 59 34 the
1009 905 168 29 covenant
1193 905 35 29 to
1244 900 59 34 the
1318 905 116 29 extent
1450 900 59 34 the

295 949 165 43 damages
473 961 88 23 were
573 955 35 29 to
619 960 125 24 accrue
756 949 89 35 after
857 950 59 34 the
927 950 158 34 effective
1096 949 81 35 date
1188 949 39 35 of
1235 950 60 34 the
1306 950 201 43 injunction,

295 999 68 34 and
384 1011 51 22 we
455 999 126 34 reduce
601 1000 59 33 the
679 999 166 43 damages
866 999 230 44 accordingly.

297 266 66 33 220

479 1076 57 34 On
548 1087 92 23 cross
654 1076 134 43 appeal,
801 1076 26 34 it
839 1076 28 34 is
879 1076 193 34 contended
1084 1076 60 34 the
1155 1076 196 34 chancellor
1363 1076 98 34 erred
1474 1076 34 33 in

295 1125 201 44 computing
510 1126 59 34 the
581 1125 166 43 damages
761 1125 53 34 for
828 1125 127 34 breach
969 1125 39 34 of
1018 1125 59 34 the
1090 1130 178 29 covenant.
1284 1125 35 34 If
1329 1125 97 34 there
1438 1136 70 23 was

295 1186 104 30 error,
413 1175 26 34 it
451 1175 140 34 favored
604 1175 59 34 the
675 1175 155 43 appellee
841 1175 68 34 and
921 1186 70 23 was
1004 1180 59 29 not
1075 1175 59 34 the
1145 1186 93 23 error
1251 1174 130 44 argued
1394 1175 45 43 by
1449 1175 60 34 the

295 1225 165 43 appellee.
486 1224 198 41 Therefore,
710 1236 51 23 we
784 1225 113 34 affirm
921 1235 44 24 on
989 1235 93 24 cross
1107 1225 134 43 appeal.
1268 1226 65 33 We
1356 1225 68 34 will
1449 1230 59 29 not

295 1274 141 34 address
447 1275 59 33 the
515 1285 94 23 error
619 1274 156 43 favoring
785 1275 60 33 the
854 1275 156 43 appellee
1020 1274 148 35 because
1177 1275 59 34 the
1246 1275 193 43 appellants
1449 1274 59 34 did

295 1329 59 29 not
364 1324 89 34 raise
463 1335 67 32 any
540 1324 157 44 question
707 1324 40 34 of
753 1324 59 34 the
821 1329 145 29 amount
975 1324 39 34 of
1020 1324 166 43 damages
1196 1324 35 34 in
1241 1324 90 34 their
1340 1324 168 44 principal

295 1374 92 35 brief
395 1385 43 23 on
451 1374 133 44 appeal.
597 1374 74 34 The
682 1374 193 44 appellants
887 1385 107 32 argue
1005 1374 247 35 incorrectness
1264 1374 40 35 of
1311 1374 59 35 the
1381 1374 127 35 courtâ€™s

295 1423 165 44 damages
477 1424 208 34 calculation
702 1424 80 43 only
799 1424 34 34 in
850 1424 89 35 their
956 1424 95 44 reply
1068 1424 92 35 brief
1174 1424 207 44 responding
1397 1430 36 29 to
1449 1425 60 33 the

295 1484 92 24 cross
396 1474 134 43 appeal.
541 1474 205 43 Appellants
756 1485 81 32 may
845 1479 60 30 not
914 1474 89 34 raise
1012 1485 44 23 an
1066 1485 93 23 error
1168 1474 53 34 for
1230 1474 60 34 the
1298 1474 74 34 first
1380 1474 85 34 time
1473 1474 35 34 in

295 1523 59 34 the
372 1524 95 43 reply
486 1523 99 41 brief,
605 1534 37 23 as
661 1524 59 33 the
738 1524 155 43 appellee
912 1524 61 34 has
992 1534 44 24 no
1054 1524 223 43 opportunity
1295 1529 35 29 to
1349 1524 157 43 respond.

294 1573 95 34 Thus
400 1584 51 23 we
461 1573 67 34 will
540 1578 58 29 not
609 1573 156 34 consider
776 1573 36 34 it.
824 1575 143 41 Meyers
976 1585 30 22 v.
1018 1575 141 39 Muuss,
1172 1574 64 33 281
1250 1574 85 33 Ark.
1352 1574 155 40 188, 662

295 1622 142 35 S.W.2d
460 1623 65 34 805
549 1622 137 43 (1984).

386 1700 39 33 In
450 1700 87 34 1972
558 1699 103 44 Hyde
681 1700 158 43 Vending
860 1700 75 40 Co.,
957 1701 83 39 Inc.,
1060 1700 74 34 sold
1154 1700 43 34 its
1217 1700 82 34 food
1319 1700 68 34 and
1407 1700 101 34 drink

293 1749 148 43 vending
464 1749 155 34 business
640 1754 36 29 to
699 1749 30 34 C
751 1750 41 33 M
816 1749 159 43 Vending
998 1749 194 44 Company,
1216 1750 70 34 Inc.
1309 1750 74 33 The
1405 1749 103 44 Hyde

294 1809 171 33 company
485 1799 155 34 retained
660 1799 42 34 its
722 1799 111 34 music
852 1799 69 34 and
941 1809 96 24 some
1055 1799 40 34 of
1111 1799 43 34 its
1174 1799 166 43 cigarette
1358 1799 149 43 vending

294 1849 189 42 operation,
500 1848 62 34 but
578 1848 26 34 it
619 1848 211 35 transferred
846 1853 35 30 to
898 1848 30 35 C
945 1849 42 33 M
1003 1849 43 34 its
1062 1848 82 35 food
1160 1848 68 35 and
1244 1848 101 34 drink
1357 1848 149 44 vending

294 1898 188 40 machines,
495 1898 128 41 trucks,
636 1898 68 34 and
716 1898 97 34 other
826 1898 211 44 equipment,
1050 1898 46 35 all
1108 1898 39 34 of
1155 1898 111 34 which
1278 1909 69 24 was
1359 1898 100 34 listed
1471 1899 35 33 in

294 1959 44 23 an
350 1948 176 34 â€œexhibitâ€
537 1953 35 29 to
582 1948 59 34 the
650 1953 167 36 contract,
828 1948 69 34 and
907 1948 172 34 exclusive
1087 1948 148 43 vending
1245 1953 216 38 agreements
1471 1948 35 34 in

294 1998 131 34 certain
446 1997 100 34 listed
567 1997 181 35 industrial
769 1998 68 34 and
858 1998 98 34 other
976 1998 98 43 plant
1094 1998 176 34 locations.

384 2075 75 34 The
471 2079 169 30 covenant
653 2080 59 29 not
725 2080 35 29 to
773 2080 169 38 compete,
957 2075 112 34 which
1082 2086 69 23 was
1165 2074 138 35 drafted
1316 2075 45 44 by
1374 2075 132 43 Hydeâ€™s

294 2129 186 38 attorneys,
501 2135 70 23 was
592 2135 37 23 as
650 2124 142 34 follows:

510 2200 102 43 Hyde
624 2200 69 35 and
706 2201 86 34 each
804 2201 40 34 of
853 2201 43 34 its
910 2201 235 34 stockholders
1158 2201 127 43 hereby
1298 2212 119 32 agrees
1430 2201 77 34 that

418 2250 90 34 from
518 2250 68 34 and
596 2250 90 34 after
695 2250 59 34 the
763 2250 131 43 closing
904 2261 89 23 none
1001 2250 39 34 of
1046 2250 96 34 them
1150 2250 80 41 will,
1239 2250 145 35 without
1394 2250 30 34 C
1435 2251 71 33 Mâ€™s

418 2300 91 43 prior
523 2300 135 34 written
672 2305 153 36 consent,
840 2300 145 44 directly
998 2311 38 23 or
1050 2300 181 43 indirectly
1244 2311 87 30 own,
1346 2311 160 32 manage,

417 2355 151 38 operate,
590 2350 85 43 join,
700 2350 143 40 control,
868 2361 38 23 or
931 2350 206 43 participate
1161 2350 34 34 in
1220 2350 59 34 the
1302 2350 204 43 ownership,

418 2404 256 38 management,
690 2400 190 43 operation,
895 2410 38 23 or
948 2400 132 34 control
1095 2399 47 41 of,
1158 2410 37 24 or
1210 2400 43 34 be
1268 2399 189 35 connected
1472 2400 35 33 in
