1648 2680
301 392 151 34 exercise
472 391 42 35 of
533 392 53 33 his
610 391 195 34 discretion.
831 390 95 34 Beed
946 402 31 22 v.
1001 390 113 41 State,
1140 391 63 33 271
1231 390 85 33 Ark.
1343 390 78 40 526,
1447 389 66 34 609

301 441 143 35 S.W.2d
457 442 66 34 898
539 441 137 42 (1980).
688 441 75 34 The
774 440 151 34 exercise
935 440 40 34 of
983 440 77 34 that
1070 439 185 35 discretion
1267 439 123 34 should
1402 444 59 29 not
1473 439 42 34 be

302 491 186 35 interfered
504 491 83 34 with
603 501 44 24 on
664 491 123 43 appeal
805 490 34 34 in
855 490 60 34 the
931 489 148 35 absence
1094 489 39 34 of
1147 489 164 34 manifest
1327 489 117 40 abuse,
1461 488 51 34 Id.

303 543 104 40 Here,
435 552 43 24 no
505 541 84 34 such
617 540 164 35 manifest
808 540 107 34 abuse
942 539 62 35 has
1031 539 86 34 been
1144 536 269 37 demonstrated.
1441 538 75 35 The

301 591 243 43 admissibility
558 590 39 35 of
609 590 162 35 evidence
785 595 93 29 must
892 589 206 44 necessarily
1113 589 43 35 be
1169 588 144 35 decided
1328 599 43 24 on
1386 599 20 24 a
1421 599 93 24 case-

302 642 141 43 by-case
456 641 101 34 basis.
571 641 75 34 The
658 640 79 35 trial
750 645 98 29 court
861 640 158 44 properly
1032 639 133 35 limited
1177 639 60 34 the
1248 639 186 43 testimony
1446 638 68 35 and

301 691 168 43 correctly
481 690 189 35 instructed
681 691 59 33 the
747 690 90 43 jury.
851 691 39 33 In
901 689 167 41 addition,
1079 689 60 35 the
1149 689 176 44 appellant
1335 689 63 34 has
1409 688 106 35 failed

302 747 35 28 to
352 741 93 34 show
461 741 77 34 that
554 741 43 33 he
611 740 151 34 suffered
778 751 68 32 any
861 739 177 44 prejudice
1052 750 38 23 as
1106 750 20 24 a
1142 739 106 34 result
1263 738 40 35 of
1315 739 59 34 the
1388 738 127 35 court’s

302 790 123 42 ruling.
448 790 97 34 Unif.
567 790 42 33 R.
632 789 95 34 Evid.
754 789 133 42 103(a).

301 251 68 33 602

393 862 244 43 Accordingly,
658 863 60 33 the
737 862 192 34 conviction
950 862 28 33 is
998 861 168 34 affirmed.

394 937 159 39 Purtle,
574 936 43 40 J.,
638 941 60 29 not
718 935 255 44 participating.

341 1213 69 33 Ver­
413 1213 55 33 lon
491 1212 201 34 BRYANT
713 1222 27 23 v.
763 1211 268 34 SOUTHERN
1051 1210 171 35 SCREW
1243 1210 236 34 MACHINE

580 1261 258 35 PRODUCTS
859 1261 259 40 COMPANY,
1140 1260 97 34 INC.

304 1337 130 34 85-242

1195 1335 67 34 707
1284 1334 143 35 S.W.2d
1449 1335 63 34 321

632 1410 170 44 Supreme
822 1410 111 35 Court
953 1410 39 34 of
1009 1410 178 34 Arkansas

582 1460 152 44 Opinion
754 1460 173 34 delivered
946 1460 101 43 April
1068 1460 55 40 28,
1149 1460 87 34 1986

396 2385 103 44 Lesly
523 2387 45 34 W.
591 2385 205 44 Mattingly,
817 2384 54 35 for
891 2384 187 45 appellant.
