1640 2688
299 267 65 33 248

422 408 58 34 did
500 413 58 29 not
577 407 134 44 inquire
728 407 39 35 of
781 407 128 34 Tollett
927 418 37 23 as
983 412 35 29 to
1036 407 59 34 the
1112 406 269 35 circumstances
1399 405 39 35 of
1452 406 60 34 the

422 457 222 35 termination
657 457 39 34 of
705 457 139 34 counsel
857 456 68 35 and
938 456 58 35 did
1009 461 59 29 not
1081 456 62 35 ask
1154 456 128 34 Tollett
1293 456 153 34 whether
1459 455 52 35 his

423 507 91 43 prior
534 512 158 37 attorney
713 506 68 34 had
801 506 157 42 resigned
978 516 38 23 or
1035 506 154 33 whether
1208 505 128 34 Tollett
1355 505 68 34 had
1443 505 67 33 dis-

422 556 151 42 charged
590 556 71 33 him
680 583 5 6 .
714 583 6 6 .
749 583 6 6 .
771 556 113 33 There
899 566 70 23 was
986 565 43 24 no
1045 555 221 43 explanation
1282 559 35 29 to
1332 554 128 34 Tollett
1475 559 36 29 at

422 606 77 33 that
518 605 84 34 time
621 605 76 34 that
717 605 43 34 he
778 616 70 23 was
867 604 143 35 entitled
1030 615 38 23 as
1088 615 20 23 a
1127 609 127 29 matter
1273 603 39 35 of
1329 604 64 33 law
1412 608 35 29 to
1467 614 44 23 an

423 661 169 37 attorney;
605 665 44 24 no
660 655 218 44 questioning
890 654 39 35 of
937 654 128 35 Tollett
1077 659 35 29 to
1124 665 57 24 see
1192 653 30 35 if
1231 654 43 34 he
1285 653 102 35 could
1399 653 112 35 afford

423 716 44 23 an
493 710 168 39 attorney;
687 704 68 36 and
781 716 43 23 no
849 704 221 45 explanation
1095 704 39 35 of
1155 704 59 35 the
1238 703 213 44 desirability
1476 703 39 35 of

423 755 125 44 having
562 766 44 24 an
620 760 158 39 attorney
791 766 37 24 or
841 755 77 35 that
931 754 30 35 if
971 755 43 34 he
1026 754 102 35 could
1141 759 59 30 not
1213 753 113 36 afford
1339 759 35 30 to
1387 765 67 33 pay
1467 765 44 23 an

423 811 169 38 attorney,
610 806 76 34 that
703 806 59 34 the
779 811 98 29 court
894 805 113 35 would
1025 805 142 44 appoint
1183 815 75 24 one.
1277 804 121 35 Under
1414 804 98 35 those

423 856 279 40 circumstances,
719 856 26 33 it
761 860 126 29 cannot
903 855 43 34 be
961 854 74 35 said
1050 855 77 34 that
1142 855 128 33 Tollett
1285 854 227 43 intelligently

423 904 130 34 waived
584 905 52 33 his
667 904 259 34 constitutional
957 904 92 42 right
1079 909 35 29 to
1144 904 43 34 be
1218 903 219 44 represented
1467 903 45 43 by

423 954 149 34 counsel.

298 1033 68 34 See
386 1032 86 39 also,
497 1031 127 36 United
640 1032 122 34 States
780 1043 30 22 v.
830 1033 207 41 Dujanovic,
1058 1031 67 34 486
1147 1030 85 35 F.2d
1256 1031 64 34 182
1342 1030 77 43 (9th
1440 1030 71 34 Cir.

304 1081 116 43 1973).

508 1162 64 33 We
598 1160 105 44 adopt
728 1161 59 34 the
812 1160 181 43 reasoning
1018 1160 40 34 of
1080 1160 59 34 the
1164 1160 128 42 Eighth
1318 1159 135 34 Circuit
1478 1159 34 34 in

304 1210 138 35 Tollett.
455 1211 112 33 When
577 1221 44 23 an
632 1210 147 34 accused
790 1220 145 33 appears
946 1209 82 35 with
1038 1209 156 35 retained
1203 1209 151 40 counsel,
1365 1209 59 34 the
1433 1209 79 34 trial

295 1260 109 43 judge
417 1259 122 35 should
555 1265 59 29 not
628 1260 99 33 allow
742 1259 58 34 the
813 1264 159 38 attorney
986 1259 39 34 of
1036 1258 120 35 record
1171 1264 35 29 to
1220 1258 179 34 withdraw
1413 1258 98 34 until:

499 1362 53 43 (1)
603 1374 74 23 new
697 1363 139 33 counsel
857 1362 62 34 has
939 1362 87 34 been
1047 1362 166 40 retained;
1234 1373 38 23 or

499 1466 53 43 (2)
603 1478 19 23 a
651 1467 153 43 showing
832 1466 39 35 of
896 1466 183 44 indigency
1107 1466 62 35 has
1197 1466 87 34 been
1312 1465 104 35 made
1443 1465 69 35 and

602 1517 139 34 counsel
762 1517 62 34 has
845 1516 86 35 been
952 1516 198 44 appointed;
1171 1527 37 24 or

499 1620 53 43 (3)
602 1631 20 24 a
634 1620 183 44 voluntary
829 1620 69 34 and
911 1620 192 43 intelligent
1116 1620 125 34 waiver
1252 1619 40 35 of
1301 1619 59 35 the
1372 1619 92 44 right
1476 1624 36 30 to

602 1670 139 34 counsel
762 1670 27 34 is
810 1669 210 35 established
1040 1680 45 24 on
1105 1670 59 34 the
1184 1669 129 35 record.

576 1750 51 33 To
636 1748 165 35 establish
811 1749 60 34 the
879 1748 114 41 latter,
1003 1748 60 34 the
1072 1748 79 34 trial
1156 1748 108 43 judge
1273 1753 92 29 must
1375 1748 137 43 explain

299 1804 36 29 to
346 1799 59 34 the
415 1798 147 35 accused
574 1799 76 34 that
661 1799 44 34 he
715 1799 28 34 is
755 1798 143 34 entitled
910 1809 37 23 as
959 1809 20 23 a
991 1803 127 29 matter
1129 1798 39 34 of
1175 1798 65 34 law
1251 1803 35 29 to
1297 1808 44 24 an
1353 1802 159 38 attorney

299 1848 68 34 and
379 1849 157 43 question
547 1848 72 34 him
630 1853 35 30 to
676 1859 57 23 see
743 1848 29 34 if
780 1848 43 34 he
833 1859 66 23 can
910 1847 113 35 afford
1033 1853 36 29 to
1079 1848 74 34 hire
1163 1847 148 35 counsel.
1323 1847 74 34 The
1403 1847 109 43 judge

299 1903 93 29 must
406 1898 73 34 also
494 1898 136 44 explain
646 1898 59 34 the
719 1897 215 44 desirability
948 1897 40 35 of
999 1897 126 44 having
1140 1897 59 35 the
1213 1897 189 35 assistance
1416 1897 39 34 of
1467 1907 45 24 an

299 1953 159 38 attorney
481 1947 124 43 during
628 1948 60 34 the
710 1948 79 34 trial
813 1947 69 34 and
906 1947 59 34 the
988 1947 172 44 problems
1184 1946 182 35 attendant
1388 1951 36 30 to
1447 1957 66 24 one

299 1997 235 44 representing
550 1997 148 34 himself.
715 1997 83 34 This
814 1997 66 34 last
896 1997 232 43 requirement
1144 1997 27 33 is
1187 1996 183 44 especially
1385 1996 126 44 impor

299 2052 76 29 tant
385 2047 94 34 since
488 2058 20 23 a
519 2052 100 39 party
629 2047 188 44 appearing
824 2057 68 33 pro
901 2057 39 23 se
949 2046 27 35 is
987 2046 210 44 responsible
1206 2046 54 34 for
1270 2057 67 32 any
1347 2045 164 35 mistakes

300 2097 43 34 he
365 2097 119 34 makes
508 2097 34 34 in
565 2097 59 34 the
646 2096 149 35 conduct
818 2096 39 35 of
877 2096 52 34 his
953 2096 79 34 trial
1055 2096 68 34 and
1147 2096 147 34 receives
1317 2106 44 24 no
1383 2095 129 44 special

299 2146 253 35 consideration
573 2157 43 23 on
637 2147 134 43 appeal.

390 2225 244 43 Accordingly,
658 2225 94 34 since
775 2225 177 43 appellant
975 2235 69 24 was
1068 2224 133 35 neither
1224 2223 220 45 represented
1467 2224 46 43 by

299 2275 139 34 counsel
460 2285 61 24 nor
542 2274 195 44 knowingly
757 2274 130 35 waived
908 2274 53 34 his
982 2274 92 43 right
1094 2279 35 29 to
1150 2274 282 43 representation,
1453 2273 60 35 the

299 2324 192 34 conviction
512 2329 93 29 must
625 2324 43 34 be
688 2324 167 34 reversed.

391 2403 183 34 Reversed.
