1657 2693
126 404 207 41 Industries,
355 405 44 33 72
420 404 76 35 Cal.
519 404 99 43 Rptr.
644 404 64 34 146
731 402 137 44 (1968).

1271 263 66 33 443

218 481 75 34 The
301 480 108 44 judge
420 480 210 45 specifically
643 480 107 35 found
763 481 76 35 that
852 480 59 35 the
924 481 175 41 $233,852
1111 481 112 43 owing
1235 486 35 29 to
1283 481 59 34 the

126 531 114 34 Lanes
252 530 69 35 and
333 531 73 34 LPI
418 542 69 24 was
500 531 43 34 “a
555 530 201 44 contingent
767 530 104 36 claim
883 531 34 34 in
929 531 68 34 this
1009 530 207 45 proceeding
1230 558 109 7 ....

125 581 139 44 subject
284 587 36 28 to
337 581 122 43 offsets
470 580 65 45 for
552 580 53 35 all
616 580 216 44 judgments,
854 583 152 37 interest,
1027 587 103 34 costs,
1151 581 192 43 attorneys’

118 630 83 44 fees
219 630 72 35 and
307 630 101 35 other
425 630 138 35 awards
581 631 137 43 against
736 631 99 34 MPF
852 641 38 24 or
908 631 60 34 the
985 631 113 34 Lanes
1117 629 132 47 and/or
1267 631 74 34 LPI

126 679 130 44 arising
273 686 60 29 out
350 680 39 35 of
403 681 96 34 these
516 680 225 44 proceedings
760 681 76 43 (not
852 681 182 34 otherwise
1051 680 153 36 satisfied
1221 681 45 43 by
1282 681 60 34 the

127 735 110 30 assets
251 730 39 34 of
303 730 112 43 MPF)
432 741 37 24 as
484 730 216 35 determined
714 731 45 43 by
772 731 59 35 the
846 730 144 35 Court.”
1008 731 133 42 (Italics
1156 731 184 43 supplied.)

127 779 190 36 Therefore
339 780 59 34 the
420 780 197 35 chancellor
640 791 70 24 was
733 790 116 33 wrong
873 780 34 34 in
931 780 231 43 determining
1185 781 76 34 that
1284 781 59 34 the

128 830 124 34 Lanes’
268 830 200 43 contingent
482 830 105 35 claim
601 830 124 34 should
740 830 43 35 be
797 830 152 35 satisfied
964 830 120 35 before
1098 831 59 34 the
1171 830 104 35 claim
1288 831 54 34 for

128 880 188 43 attorneys’
352 879 82 35 fees.
470 881 75 34 The
581 880 172 44 Millsaps’
789 880 188 35 derivative
1012 881 115 34 action
1163 881 180 43 preserved

129 930 175 40 $400,000
321 930 75 43 plus
414 930 141 35 interest
572 930 35 34 in
624 936 181 38 corporate
820 935 119 30 assets.
957 931 84 34 This
1057 931 233 44 preservation
1307 931 39 34 of

128 984 109 31 assets
248 980 187 35 benefitted
445 980 60 35 the
514 980 230 44 corporation.
756 981 66 34 See
831 980 137 35 Marlin
976 992 31 23 v.
1019 981 127 35 Marsh
1160 982 30 33 &
1204 980 137 42 Marsh,

133 1031 64 34 189
217 1030 86 34 Ark.
327 1031 98 40 1157,
445 1031 44 34 76
509 1030 144 34 S.W.2d
673 1031 66 34 965
762 1029 137 44 (1934).
918 1030 192 35 Fletcher’s
1131 1030 213 44 Cyclopedia

131 1080 117 43 Corp.,
262 1080 17 42 §
293 1080 89 34 6045
396 1079 100 44 (Rev.
509 1079 93 43 Ed.).
614 1080 84 34 This
709 1080 86 35 fund
805 1080 113 35 would
929 1086 60 29 not
1000 1081 87 34 exist
1098 1086 36 29 at
1144 1080 46 34 all
1200 1080 30 34 if
1237 1081 27 34 it
1274 1081 69 34 had

129 1135 60 29 not
198 1129 88 34 been
295 1129 171 35 defended
476 1130 91 34 from
577 1130 122 34 claims
708 1130 103 35 made
820 1131 45 42 by
874 1130 60 34 the
942 1131 124 34 Lanes.
1077 1131 83 34 This
1169 1141 70 23 was
1248 1141 96 24 more

129 1179 85 35 than
225 1189 20 24 a
256 1179 122 44 simple
387 1179 128 35 breach
525 1179 40 35 of
571 1185 158 30 contract
739 1180 125 41 action,
875 1191 38 23 as
923 1180 60 35 the
992 1181 113 34 Lanes
1115 1180 159 41 contend;
1285 1181 59 34 the

128 1229 198 34 chancellor
346 1228 108 36 found
474 1230 77 34 that
571 1229 60 35 the
651 1230 113 34 Lanes
784 1229 69 36 had
873 1230 173 35 breached
1067 1231 89 34 their
1176 1230 168 44 fiduciary

128 1278 114 36 duties
260 1284 36 29 to
314 1280 108 34 MPF.
441 1280 75 34 The
533 1279 197 35 chancellor
749 1280 71 35 also
838 1280 210 44 specifically
1065 1280 109 35 found
1192 1280 76 35 that
1285 1281 59 34 the

129 1329 106 35 claim
247 1328 54 35 for
314 1330 185 43 attorneys’
514 1329 73 35 fees
599 1340 71 24 was
683 1329 212 36 reasonable.
910 1330 104 35 Since
1026 1341 79 24 over
1119 1331 174 40 $542,000
1306 1342 38 23 as

130 1384 109 29 assets
259 1390 90 23 were
369 1379 191 44 preserved,
581 1380 59 34 the
660 1380 105 34 claim
784 1379 123 35 should
928 1380 43 34 be
990 1380 92 44 paid.

314 1455 75 35 The
399 1456 123 40 Lanes,
534 1455 46 44 by
590 1457 245 43 cross-appeal,
846 1456 113 34 would
970 1456 69 35 like
1049 1462 35 29 to
1095 1457 151 43 severely
1256 1457 89 34 limit

129 1505 60 34 the
213 1505 187 43 attorneys’
425 1505 82 35 fees.
532 1505 98 44 They
654 1511 140 38 suggest
818 1505 76 36 that
918 1506 59 34 the
1001 1517 161 33 recovery
1186 1511 92 30 must
1302 1507 43 34 be

130 1554 134 35 limited
280 1560 35 29 to
331 1566 20 23 a
367 1561 208 38 percentage
589 1555 40 35 of
641 1555 78 35 half
731 1556 39 34 of
782 1556 59 35 the
857 1556 201 34 “economic
1073 1556 162 41 benefit,”
1251 1557 94 34 since

129 1604 87 35 each
226 1604 40 34 of
273 1604 59 35 the
342 1605 127 44 parties
480 1616 76 24 own
566 1605 78 35 half
651 1605 39 35 of
697 1606 59 35 the
766 1605 229 45 corporation.
1006 1607 59 34 No
1075 1617 65 24 one
1149 1606 148 35 claimed
1308 1612 36 29 at

130 1654 80 36 trial
234 1655 77 35 that
334 1655 67 35 this
424 1667 70 24 was
518 1661 60 30 not
601 1667 21 24 a
645 1655 187 37 derivative
854 1656 147 42 lawsuit;
1025 1657 77 35 that
1125 1657 39 41 is,
1188 1657 76 35 that
1287 1657 59 35 the

131 1705 174 44 Millsaps,
333 1717 37 23 as
396 1706 247 41 stockholders,
670 1718 90 23 were
785 1706 207 45 proceeding
1019 1707 35 34 in
1080 1707 122 35 behalf
1225 1707 39 34 of
1286 1708 60 34 the

130 1756 220 43 corporation
361 1755 53 35 for
424 1756 43 35 its
478 1756 138 35 benefit.
628 1756 75 35 The
713 1762 175 38 attorneys
898 1767 90 24 were
998 1757 234 35 conservative
1241 1757 35 34 in
1286 1757 59 35 the

130 1804 73 35 fees
219 1804 151 43 charged
386 1805 68 34 and
470 1806 59 34 the
545 1805 136 34 lawsuit
696 1817 70 23 was
781 1816 76 24 won
873 1806 137 42 against
1025 1811 118 38 strong
1158 1807 187 34 resistance

130 1864 80 24 over
226 1864 20 23 a
263 1854 196 42 protracted
476 1854 128 44 period.
622 1854 74 34 The
711 1860 175 37 attorneys
903 1855 123 34 should
1042 1861 60 28 not
1118 1856 43 33 be
1175 1855 118 34 forced
1309 1861 36 28 to

130 1902 101 35 settle
246 1902 54 35 for
316 1903 65 34 less
396 1903 84 35 than
496 1903 59 35 the
571 1909 144 29 amount
730 1904 81 44 they
826 1915 60 23 are
900 1903 68 35 due
983 1904 69 35 and
1067 1905 77 34 that
1158 1904 112 35 which
1286 1905 59 34 the

129 1952 221 45 corporation
365 1963 66 25 can
447 1964 78 33 pay.
542 1953 105 35 Since
661 1953 61 35 the
737 1953 149 36 claimed
902 1953 56 36 fee
972 1954 39 35 of
1025 1955 234 41 $422,977.50
1275 1966 70 24 was

130 2002 110 35 found
253 2008 36 29 to
302 2003 43 34 be
357 2003 213 41 reasonable,
584 2003 69 35 and
666 2003 94 36 since
772 2005 59 34 the
843 2005 219 43 corporation
1075 2005 62 35 has
1150 2004 59 35 the
1222 2016 124 33 money

130 2058 36 29 to
186 2063 68 34 pay
275 2053 37 40 it,
333 2053 26 35 it
379 2064 69 24 was
469 2064 94 24 error
583 2058 35 30 to
639 2054 126 35 reduce
785 2055 59 34 the
863 2054 65 35 fee.

221 2129 76 34 The
301 2129 185 43 judgment
495 2130 54 34 for
558 2131 187 43 attorneys’
756 2131 71 34 fees
837 2130 28 34 is
874 2131 175 34 modified.
1059 2133 34 32 A
1098 2131 185 43 judgment
1291 2131 54 34 for

131 2179 235 40 $422,977.50
386 2179 82 35 with
488 2180 142 34 interest
650 2180 69 34 will
739 2180 43 35 be
802 2180 140 35 entered
962 2180 159 35 effective
1141 2181 127 34 March
1288 2182 56 40 27,

134 2229 100 40 1985,
255 2228 60 34 the
335 2228 81 35 date
435 2228 92 36 from
546 2229 113 34 which
679 2230 60 34 the
758 2230 100 34 order
877 2240 71 24 was
969 2230 179 44 appealed.

316 2306 74 35 The
403 2307 112 35 Lanes
528 2306 73 35 also
614 2317 107 33 argue
734 2307 76 35 that
823 2306 59 36 the
894 2307 196 36 chancellor
1103 2307 98 36 erred
1214 2307 131 35 award­

131 2356 58 44 ing
211 2367 80 24 over
313 2357 150 41 $30,000
484 2357 34 35 in
539 2362 91 30 costs
652 2356 90 36 after
763 2358 59 34 the
842 2357 146 44 original
1009 2358 61 34 bill
1091 2358 54 35 for
1165 2363 90 29 costs
1276 2370 70 23 was

131 2406 185 45 approved.
335 2407 96 44 They
449 2413 91 29 state
557 2407 77 35 that
651 2407 68 35 this
738 2408 115 35 action
870 2408 143 34 violates
1032 2408 218 44 “applicable
1267 2419 80 24 case
