1659 2687
291 392 44 23 no
350 382 143 42 hearing
509 381 27 34 is
552 380 169 45 required.
739 380 35 35 If
785 380 60 35 the
859 380 120 35 record
994 380 82 34 does
1091 385 60 29 not
1166 380 93 34 show
1275 379 229 43 conclusively

291 431 77 34 that
378 432 60 33 the
448 430 131 35 motion
590 430 123 35 should
724 430 43 34 be
777 429 136 41 denied,
925 441 20 23 a
957 429 143 43 hearing
1111 434 93 29 must
1215 429 43 34 be
1269 429 90 34 held.
1374 427 131 35 Cusick

291 492 30 23 v.
342 481 113 40 State,
477 481 67 33 259
564 480 85 34 Ark.
672 480 79 40 720,
774 480 66 33 536
861 478 143 35 S.W.2d
1029 479 63 34 119
1116 477 137 44 (1976).

292 242 67 34 638

383 562 113 34 When
508 561 59 34 the
574 560 108 44 judge
693 560 176 44 inspected
881 560 59 35 the
951 559 120 35 record
1082 560 35 35 in
1128 560 68 34 this
1207 570 90 30 case,
1310 560 43 34 he
1364 558 108 35 found
1484 569 20 24 a

291 617 187 30 statement
492 611 41 35 of
543 611 59 36 the
617 611 77 45 plea
709 616 254 38 arrangement,
980 610 119 44 signed
1116 610 45 44 by
1176 610 58 35 the
1248 610 187 43 appellant,
1451 609 52 35 his

291 663 139 34 counsel
458 662 68 35 and
553 673 20 23 a
600 662 130 44 deputy
756 666 199 39 prosecutor
982 661 179 44 providing
1188 660 128 43 clearly
1342 660 77 35 that
1445 659 60 35 the

291 718 178 29 sentences
487 711 40 35 of
541 717 58 29 ten
617 722 99 34 years
735 711 53 34 for
806 722 84 33 rape
907 711 69 35 and
994 716 129 39 twenty
1141 721 98 33 years
1258 710 53 34 for
1329 711 60 34 the
1406 710 98 34 other

291 762 148 34 offenses
458 772 89 23 were
565 766 35 29 to
619 772 64 23 run
701 760 253 44 consecutively
972 761 63 33 but
1053 760 241 42 concurrently
1312 760 82 34 with
1414 760 91 42 “any

293 810 166 34 Missouri
473 810 244 34 convictions.”
733 810 39 33 In
786 820 88 32 open
888 814 99 29 court
1001 809 59 34 the
1073 810 130 42 deputy
1217 814 199 38 prosecutor
1430 808 74 34 said

291 859 59 34 the
368 859 178 34 Arkansas
566 864 177 29 sentences
762 869 90 24 were
870 864 36 28 to
924 869 65 23 run
1008 858 262 42 consecutively.
1291 858 74 34 The
1384 857 120 34 record

291 908 111 34 shows
427 908 60 34 the
511 913 99 29 court
634 908 82 34 took
741 907 59 34 the
825 907 200 42 sentencing
1051 906 318 35 recommendation
1395 906 109 34 under

291 957 254 35 consideration
564 956 54 36 for
638 968 20 23 a
677 957 105 34 week.
804 957 114 34 When
938 957 43 34 he
1000 956 205 35 announced
1225 956 52 34 his
1297 956 152 34 decision
1468 961 36 29 to

292 1013 121 39 accept
428 1008 59 34 the
501 1007 89 44 plea,
606 1007 43 35 he
663 1007 128 43 clearly
806 1006 113 36 stated
935 1006 59 35 the
1008 1011 58 29 ten
1081 1017 99 34 years
1195 1006 54 34 for
1263 1016 84 34 rape
1362 1005 69 35 and
1446 1005 59 35 the

291 1062 129 40 twenty
438 1068 98 33 years
555 1056 53 36 for
626 1057 59 35 the
702 1057 98 34 other
818 1057 148 35 offenses
984 1067 90 24 were
1090 1062 36 29 to
1144 1056 43 35 be
1204 1056 119 35 served
1341 1066 163 25 consecu-

291 1108 113 43 tively.
419 1108 75 34 The
507 1107 120 35 record
641 1107 80 35 thus
735 1107 128 44 clearly
877 1106 138 36 showed
1028 1106 77 36 that
1119 1107 59 34 the
1192 1106 176 44 appellant
1382 1117 69 23 was
1466 1116 38 24 or

291 1157 123 35 should
429 1157 87 35 have
530 1157 86 35 been
632 1168 114 24 aware
759 1157 76 35 that
850 1157 52 35 his
916 1162 178 30 sentences
1109 1167 89 24 were
1211 1161 36 30 to
1262 1167 64 24 run
1341 1166 162 25 consecu-

291 1207 103 44 tively
414 1206 191 44 regardless
625 1206 40 35 of
682 1207 93 34 what
795 1206 52 35 his
867 1207 139 34 counsel
1027 1206 111 44 might
1158 1206 87 35 have
1265 1206 72 34 told
1357 1206 83 34 him.

381 1289 75 34 The
470 1288 176 44 appellant
661 1288 99 35 relies
774 1299 44 23 on
833 1300 20 23 a
868 1287 143 45 garbled
1025 1293 187 30 statement
1227 1288 45 43 by
1286 1287 52 35 his
1353 1287 150 41 counsel,

290 1339 112 35 which
428 1349 145 34 appears
599 1339 34 34 in
658 1338 60 35 the
742 1338 131 42 record,
899 1338 112 35 which
1036 1338 101 35 could
1164 1338 42 35 be
1230 1337 210 45 interpreted
1465 1348 38 24 as

291 1389 153 43 showing
463 1389 52 34 his
533 1389 140 35 counsel
692 1388 209 35 understood
920 1388 59 35 the
997 1388 178 35 Arkansas
1194 1393 177 30 sentences
1390 1387 113 35 would

291 1449 64 24 run
366 1438 250 44 concurrently.
630 1439 39 34 In
679 1438 85 35 view
775 1437 39 35 of
822 1439 59 34 the
891 1439 93 33 clear
994 1438 154 43 showing
1159 1438 76 34 that
1246 1438 59 34 the
1316 1438 187 43 appellant,

291 1488 59 34 the
360 1493 108 35 court,
480 1487 68 35 and
559 1487 59 35 the
628 1488 218 43 prosecution
856 1487 210 35 understood
1076 1493 36 29 to
1122 1488 59 34 the
1191 1492 161 38 contrary
1362 1498 51 23 we
1423 1486 81 35 hold

291 1537 68 34 this
373 1537 120 34 record
506 1537 110 34 shows
630 1537 229 43 conclusively
872 1537 77 34 that
962 1537 59 34 the
1034 1537 144 42 petition
1191 1537 28 33 is
1233 1536 145 35 without
1390 1536 113 34 merit.

475 1618 39 34 In
528 1617 166 41 addition,
709 1617 59 35 the
781 1617 144 44 petition
938 1617 28 34 is
980 1616 162 35 deficient
1155 1628 37 23 as
1206 1617 26 34 it
1246 1616 82 35 does
1341 1622 60 29 not
1414 1621 90 30 state

290 1667 77 35 that
388 1667 59 34 the
468 1667 176 43 appellant
665 1666 113 35 would
799 1672 60 30 not
880 1667 88 34 have
988 1667 146 43 pleaded
1156 1666 110 44 guilty
1286 1666 63 35 but
1370 1666 54 35 for
1445 1666 59 35 the

290 1716 356 44 misrepresentations
664 1716 144 43 alleged.
828 1718 56 33 He
900 1717 62 34 has
978 1716 118 35 shown
1113 1727 44 23 no
1174 1715 186 45 prejudice.
1377 1715 80 35 Hill
1471 1727 30 23 v.

290 1766 113 41 State,
425 1767 65 33 278
512 1766 85 35 Ark.
623 1767 76 40 194,
721 1766 68 34 644
809 1765 144 35 S.W.2d
974 1766 68 33 282
1064 1765 137 44 (1983).

519 1847 181 43 Although
718 1847 26 34 it
761 1858 70 23 was
849 1852 60 30 not
926 1846 131 44 argued
1075 1847 35 35 in
1127 1847 68 34 this
1213 1847 124 43 appeal
1355 1858 51 23 we
1422 1852 81 29 note

290 1897 76 35 that
377 1897 60 34 the
446 1897 80 34 trial
534 1897 108 43 judge
652 1897 59 34 did
723 1902 60 29 not
794 1898 103 34 make
908 1897 138 44 specific
1057 1897 177 35 reference
1244 1902 36 29 to
1291 1897 59 34 the
1361 1902 94 39 parts
1466 1896 39 35 of

290 1946 59 34 the
358 1946 120 35 record
488 1946 43 34 he
541 1946 106 35 relied
656 1957 44 24 on
710 1952 36 29 to
755 1946 90 45 deny
854 1947 60 34 the
924 1947 144 44 petition
1078 1958 37 23 as
1125 1946 160 44 required
1295 1946 45 45 by
1349 1947 59 34 the
1418 1946 84 41 rule,

290 1997 69 34 and
370 1997 76 34 that
457 1996 27 35 is
497 1997 182 34 reversible
690 2007 104 24 error.
805 1996 183 35 Robinson
997 2008 30 22 v.
1039 1996 113 41 State,
1166 1997 68 34 264
1244 1996 85 35 Ark.
1346 1997 155 40 186, 569

289 2046 143 35 S.W.2d
449 2047 68 34 662
534 2046 137 43 (1978).
690 2047 169 34 However
874 2047 35 34 in
924 2046 122 35 Rawls
1059 2057 30 24 v.
1105 2047 113 40 State,
1235 2047 69 33 264
1319 2047 85 34 Ark.
1423 2047 78 40 954,

291 2097 63 34 581
385 2095 143 36 S.W.2d
557 2097 62 34 311
653 2095 138 44 (1979),
818 2107 52 24 we
897 2096 79 34 held
1003 2096 77 35 that
1107 2096 30 35 if
1160 2096 60 35 the
1246 2097 110 34 entire
1382 2095 120 35 record

290 2146 229 43 conclusively
536 2145 110 35 shows
664 2146 77 34 that
758 2146 59 34 the
835 2146 144 44 petition
997 2156 70 24 was
1085 2146 145 34 without
1247 2146 102 34 merit
1366 2157 51 23 we
1434 2145 68 34 will

290 2195 123 41 affirm,
425 2206 84 24 even
520 2195 132 43 though
662 2196 60 34 the
731 2195 80 34 trial
822 2201 99 29 court
931 2195 107 35 failed
1048 2200 36 30 to
1095 2196 103 34 make
1207 2195 136 35 written
1354 2195 148 43 findings

290 2244 39 35 of
338 2245 73 34 fact
423 2244 190 44 specifying
626 2245 59 34 the
697 2250 94 39 parts
803 2245 40 34 of
852 2246 59 33 the
923 2244 120 35 record
1055 2246 77 34 that
1143 2256 90 23 were
1245 2244 106 35 relied
1363 2255 92 33 upon
1467 2249 35 29 to

289 2295 132 34 sustain
441 2294 59 35 the
520 2293 125 36 denial.

381 2377 31 33 It
434 2387 70 23 was
526 2380 60 30 not
608 2387 93 23 error
724 2375 53 35 for
799 2375 59 36 the
880 2376 80 34 trial
978 2375 108 44 judge
1108 2381 36 29 to
1165 2375 90 44 deny
1277 2375 60 35 the
1358 2375 144 45 petition
