1664 2688
307 415 144 36 allowed
462 421 36 30 to
508 416 159 44 impeach
679 416 52 34 his
741 416 186 44 testimony
937 415 82 36 with
1030 427 20 24 a
1062 416 91 44 prior
1164 421 196 29 statement.
1374 416 64 34 We
1448 415 71 35 find

307 477 44 24 no
372 466 202 44 prejudicial
595 477 93 24 error
709 466 68 35 and
798 466 122 35 affirm.

309 275 67 33 324

397 543 75 34 The
486 542 203 35 authorities
705 543 74 33 first
794 542 140 34 learned
949 542 39 34 of
1001 542 59 34 the
1074 542 153 34 incident
1242 542 45 43 by
1302 553 20 23 a
1338 542 181 44 telephone

307 592 66 34 call
384 592 91 34 from
487 592 138 34 Futch’s
636 592 100 34 sister
746 592 34 34 in
791 592 163 34 Arizona.
967 592 96 43 They
1073 603 90 23 were
1173 591 72 35 told
1255 592 77 34 that
1343 591 97 35 there
1450 591 68 34 had

307 642 86 34 been
409 652 20 24 a
444 642 158 43 shooting
618 647 36 29 at
669 642 88 34 Mrs.
774 641 139 35 Futch’s
929 641 176 35 residence
1120 641 68 35 and
1202 641 60 34 the
1276 641 242 43 investigating

306 692 133 34 officers
451 692 98 34 knew
561 692 143 43 nothing
716 702 105 24 more.
834 691 97 44 They
943 691 191 45 proceeded
1146 697 35 29 to
1192 691 60 35 the
1263 691 176 35 residence
1450 691 68 35 and

307 741 155 35 knocked
472 753 43 23 on
525 742 59 34 the
593 741 94 35 door.
699 742 109 34 Futch
819 742 176 34 answered
1005 742 68 34 and
1083 741 86 42 said,
1180 742 100 34 “Can
1291 742 15 34 I
1316 741 79 44 help
1404 742 113 43 you?”

307 792 128 34 Officer
447 791 154 43 Fleming
611 792 106 34 asked
727 791 30 35 if
763 792 200 43 everything
973 803 69 23 was
1052 792 46 34 all
1108 792 92 42 right
1209 791 68 35 and
1289 792 110 34 Futch
1408 791 74 35 said
1492 792 26 34 it

306 852 80 23 was.
397 841 74 34 The
480 841 133 34 officers
623 841 106 34 asked
738 841 30 34 if
774 841 52 34 his
836 841 80 34 wife
925 852 69 23 was
1004 841 103 34 home
1116 841 69 34 and
1196 841 110 34 Futch
1316 841 85 41 said,
1412 841 104 40 “Yes,

306 890 56 41 sir,
376 890 61 34 she
449 890 38 41 is,
501 890 60 34 she
573 890 27 34 is
613 890 123 34 dead.”
750 890 96 43 They
858 890 117 41 asked,
989 890 115 34 “Who
1116 890 77 34 shot
1205 890 107 34 her?”
1326 890 68 34 and
1408 890 109 34 Futch

306 939 140 44 replied,
469 940 38 34 “I
527 939 94 35 did.”

489 1016 74 35 The
572 1016 79 35 trial
656 1016 108 44 judge
772 1016 160 44 properly
941 1016 185 44 permitted
1135 1016 233 35 introduction
1377 1016 39 35 of
1422 1016 97 35 these

306 1071 213 30 statements.
533 1066 74 35 The
619 1066 72 35 fact
703 1067 76 34 that
792 1066 111 35 Futch
915 1078 70 23 was
998 1072 59 29 not
1069 1067 99 43 given
1180 1067 59 34 the
1251 1067 154 43 warning
1417 1066 39 35 of
1465 1067 52 35 his

305 1117 109 43 rights
427 1116 163 45 provided
602 1117 53 34 for
668 1117 34 34 in
714 1116 170 35 Miranda
895 1128 30 23 v.
938 1119 166 39 Arizona,
1118 1118 68 33 384
1198 1117 84 35 U.S.
1296 1118 68 34 436
1379 1117 138 43 (1966),

305 1167 81 34 does
408 1172 60 29 not
489 1167 163 43 preclude
673 1167 59 34 the
752 1178 61 23 use
834 1167 40 34 of
892 1167 68 34 this
982 1167 171 35 evidence.
1178 1167 110 35 Futch
1310 1178 70 24 was
1402 1172 59 30 not
1482 1167 35 35 in

304 1216 156 43 custody,
478 1227 61 23 nor
554 1227 70 23 was
640 1217 59 34 the
714 1217 242 42 investigation
972 1216 143 35 focused
1130 1228 44 23 on
1190 1217 83 34 him.
1292 1217 151 43 Initially
1458 1217 59 34 the

305 1265 132 34 officers
452 1265 59 34 did
525 1271 59 29 not
599 1277 83 23 even
696 1266 99 34 know
809 1266 30 34 if
850 1277 20 23 a
885 1266 119 43 killing
1019 1266 69 34 had
1102 1266 175 34 occurred.
1294 1267 40 33 In
1348 1266 169 34 Miranda

305 1315 59 34 the
384 1315 111 34 Court
515 1315 123 34 stated:

519 1391 74 34 The
604 1391 183 44 principles
798 1391 205 34 announced
1014 1391 106 44 today
1131 1391 77 35 deal
1220 1391 82 35 with
1314 1391 59 35 the
1384 1396 131 39 protec-

428 1441 72 34 tion
522 1440 112 35 which
656 1445 92 30 must
771 1441 43 34 be
835 1441 99 43 given
957 1446 35 29 to
1014 1441 59 34 the
1095 1441 162 44 privilege
1279 1441 136 43 against
1437 1441 78 34 self-

428 1490 256 34 incrimination
708 1490 99 34 when
832 1490 59 35 the
915 1490 189 35 individual
1128 1491 28 34 is
1181 1491 74 34 first
1279 1491 178 43 subjected
1481 1496 35 29 to

428 1539 110 43 police
561 1539 248 43 interrogation
833 1540 102 34 while
958 1540 34 33 in
1016 1540 145 43 custody
1185 1545 37 29 at
1245 1540 59 34 the
1327 1540 127 34 station
1479 1551 37 23 or

427 1588 181 34 otherwise
621 1588 162 43 deprived
796 1589 40 34 of
846 1589 52 34 his
912 1588 156 35 freedom
1081 1589 39 34 of
1130 1589 115 34 action
1259 1589 35 34 in
1307 1600 68 32 any
1388 1589 127 42 signifi-

427 1642 81 29 cant
528 1648 86 33 way.

893 1714 17 20 *
940 1713 17 21 *
986 1714 17 20 *
1033 1714 17 20 *

427 1790 151 35 General
589 1790 237 35 on-the-scene
835 1791 218 43 questioning
1064 1802 37 23 as
1111 1796 35 29 to
1156 1791 89 34 facts
1255 1790 229 44 surrounding
1494 1802 20 24 a

427 1840 107 34 crime
548 1851 38 23 or
600 1840 98 35 other
712 1841 139 42 general
866 1841 218 43 questioning
1098 1841 40 34 of
1148 1841 142 34 citizens
1305 1841 35 34 in
1354 1841 59 34 the
1427 1841 86 35 fact-

427 1889 131 44 finding
567 1900 136 34 process
714 1890 27 34 is
751 1895 59 29 not
820 1890 150 35 affected
981 1891 45 43 by
1034 1901 63 24 our
1106 1891 159 43 holding.
1294 1919 6 6 .
1328 1919 7 6 .
1363 1891 151 35 .Insuch

426 1939 182 35 situations
636 1940 59 34 the
724 1940 207 43 compelling
960 1941 220 43 atmosphere
1207 1941 158 34 inherent
1393 1941 34 34 in
1456 1941 59 34 the

426 1999 136 33 process
592 1989 39 34 of
657 1989 198 44 in-custody
884 1990 248 43 interrogation
1162 1990 27 34 is
1219 1996 60 28 not
1308 1990 206 44 necessarily

426 2044 147 38 present.

486 2116 39 33 In
535 2115 97 34 three
639 2126 81 33 very
728 2115 132 35 similar
868 2126 96 24 cases
974 2127 50 23 we
1033 2116 87 34 have
1129 2115 79 35 held
1217 2116 84 34 such
1310 2121 202 30 statements

302 2175 59 23 are
380 2164 210 35 admissible.
615 2165 106 34 Ward
737 2176 30 23 v.
787 2166 114 40 State,
923 2167 67 32 272
1010 2166 85 34 Ark.
1118 2167 55 40 99,
1194 2167 68 33 612
1282 2166 142 34 S.W.2d
1449 2167 62 33 118

304 2213 137 43 (1981);
454 2214 174 35 Chenault
636 2226 31 23 v.
676 2215 113 40 State,
800 2216 66 33 253
878 2215 85 34 Ark.
978 2216 155 40 144, 484
1143 2216 35 33 S.
1182 2215 103 35 W.2d
1296 2217 66 33 887
1375 2215 137 43 (1972);

300 2264 108 34 Stout
420 2275 31 23 v.
465 2264 113 41 State,
594 2265 67 33 244
675 2265 85 33 Ark.
776 2265 79 40 676,
870 2265 68 34 426
953 2265 143 34 S.W.2d
1112 2266 67 33 800
1195 2265 136 42 (1968).
1347 2265 73 34 The
1434 2265 79 35 trial

301 2318 98 29 court
413 2313 73 34 also
499 2313 170 35 admitted
683 2319 67 29 two
765 2319 203 30 statements
984 2315 110 34 Futch
1108 2315 103 34 made
1224 2315 101 34 while
1338 2315 43 34 he
1394 2326 70 23 was
1478 2315 35 34 in

301 2363 59 34 the
372 2363 110 44 police
494 2374 59 23 car
566 2374 42 24 en
620 2369 99 29 route
731 2369 35 29 to
778 2364 60 34 the
850 2364 137 35 station.
1002 2364 129 35 Officer
1142 2364 122 44 Toddy
1276 2364 149 35 testified
1436 2365 77 34 that

302 2413 110 34 Futch
422 2424 69 23 was
501 2418 59 29 not
569 2413 202 44 questioned
780 2413 69 35 and
858 2414 77 34 that
944 2414 43 34 he
996 2415 267 43 spontaneously
1271 2414 124 42 stated,
1406 2415 38 34 “I
1454 2414 59 35 did
