1634 2694
306 429 104 34 much
426 429 136 43 weight.
580 430 74 34 The
670 429 192 44 appellants
879 441 107 32 argue
1002 430 76 34 that
1094 441 43 23 no
1153 431 84 34 such
1254 431 264 35 memorandum

306 479 102 35 made
425 479 90 34 after
531 480 59 33 the
606 479 180 35 execution
803 480 39 34 of
856 481 59 33 the
931 480 66 34 will
1015 491 65 23 can
1098 480 42 34 be
1156 480 167 35 effective.
1341 481 91 34 That
1449 492 69 24 was

306 529 164 43 formerly
481 540 62 23 our
556 530 83 40 rule,
653 530 61 34 but
726 529 34 34 in
777 531 87 33 1979
877 530 58 34 the
947 530 198 42 legislature
1157 530 171 44 approved
1341 531 58 34 the
1411 542 61 23 use
1482 531 40 34 of

305 578 119 44 signed
441 579 236 42 memoranda,
695 579 81 34 with
793 580 131 34 certain
941 580 221 34 restrictions.
1180 580 84 35 Ark.
1282 580 88 35 Stat.
1388 582 91 33 Ann.
1498 581 17 43 §

307 630 129 33 60-419
450 629 123 44 (Supp.
588 628 117 43 1985).
717 629 168 35 Whether
896 641 67 32 any
973 630 84 34 such
1068 629 225 36 memoranda
1303 641 89 24 were
1401 631 63 34 left
1473 631 46 43 by

307 679 87 34 Mrs.
408 679 86 33 Deal
507 679 27 34 is
546 679 53 34 for
610 679 59 34 the
679 679 78 34 trial
770 685 98 28 court
878 685 36 28 to
925 679 121 35 decide
1056 679 30 34 if
1094 680 59 33 the
1163 680 91 34 issue
1264 679 27 35 is
1303 679 170 44 disputed.
1485 682 33 33 A

306 728 264 34 memorandum
582 739 69 23 was
663 728 163 34 attached
838 734 35 29 to
884 729 59 34 the
954 728 188 44 inventory,
1155 729 61 34 but
1227 729 59 35 the
1297 729 176 43 signature
1483 730 34 34 in

305 778 59 33 the
385 777 134 42 margin
540 778 62 33 has
623 782 59 30 not
703 777 86 34 been
809 778 150 34 verified.

311 290 63 33 100

395 851 75 33 The
491 862 92 23 cross
605 851 122 44 appeal
750 862 164 24 concerns
936 852 59 34 the
1016 852 79 34 trial
1116 853 127 34 court’s
1265 852 196 35 disclaimer
1481 853 40 35 of

301 900 219 43 jurisdiction
544 906 35 29 to
600 901 193 34 determine
814 902 60 34 the
895 901 194 44 ownership
1110 902 39 34 of
1170 902 137 35 articles
1330 902 188 44 assertedly

306 951 103 34 taken
421 950 44 43 by
476 951 59 34 the
545 951 204 43 appellants,
761 956 36 29 at
808 951 87 35 least
905 962 96 24 some
1011 951 39 34 of
1057 952 112 34 which
1180 952 81 43 they
1271 952 104 34 claim
1386 957 35 30 to
1432 953 86 34 have

305 1000 120 34 owned
445 1000 118 34 before
581 1001 89 34 their
690 1001 163 34 mother’s
872 1001 115 35 death.
1009 1002 65 33 For
1093 1013 20 23 a
1133 1002 79 43 long
1231 1001 84 35 time
1333 1002 97 34 there
1448 1014 70 23 was

305 1050 219 43 uncertainty
534 1050 33 34 in
578 1061 62 23 our
650 1055 171 39 statutory
831 1051 68 34 and
909 1062 80 23 case
998 1051 65 34 law
1073 1051 107 34 about
1189 1052 59 34 the
1253 1051 219 43 jurisdiction
1482 1052 39 34 of

305 1100 58 34 the
378 1099 144 44 probate
536 1105 98 29 court
648 1105 35 30 to
698 1099 191 36 determine
903 1100 186 45 questions,
1106 1101 128 43 arising
1249 1100 34 35 in
1298 1101 218 35 administra­

304 1150 72 34 tion
403 1149 234 44 proceedings,
664 1149 82 35 with
773 1156 134 38 respect
933 1156 35 29 to
994 1150 59 34 the
1079 1150 192 44 ownership
1297 1150 39 35 of
1359 1152 157 43 personal

305 1204 171 39 property.
503 1200 39 33 In
565 1200 106 34 Snow
693 1211 30 23 v.
748 1201 216 40 Martensen,
990 1201 66 33 255
1082 1201 84 34 Ark.
1197 1201 99 41 1049,
1326 1202 98 40 1056,
1451 1203 65 33 505

305 1249 35 34 S.­
345 1249 102 34 W.2d
459 1250 44 33 20
515 1249 137 43 (1974),
663 1260 51 24 we
723 1249 176 35 discussed
909 1250 130 35 several
1049 1250 40 34 of
1095 1261 62 24 our
1167 1250 172 45 pertinent
1349 1251 168 35 decisions

305 1299 68 34 and
391 1299 190 35 concluded
599 1300 76 35 that
694 1300 81 34 “the
793 1300 111 35 better
922 1300 74 35 rule
1013 1300 113 35 would
1144 1301 43 34 be
1204 1301 76 34 that
1297 1301 60 34 the
1374 1301 144 44 probate

304 1354 115 29 courts
435 1349 44 34 do
494 1350 87 34 have
592 1349 219 44 jurisdiction
827 1356 35 28 to
878 1350 192 35 determine
1084 1351 60 34 the
1158 1351 192 43 ownership
1366 1351 39 34 of
1416 1362 100 33 prop­

304 1404 74 38 erty
398 1426 75 6 ...
494 1410 37 23 as
551 1400 154 34 between
724 1400 156 42 personal
901 1400 284 43 representatives
1204 1400 164 43 claiming
1386 1401 54 34 for
1458 1402 59 33 the

303 1454 127 28 estates
457 1448 69 34 and
554 1449 89 33 heirs
671 1459 38 23 or
737 1449 235 34 beneficiaries
1000 1449 164 43 claiming
1192 1450 177 42 adversely
1396 1455 35 29 to
1458 1451 59 33 the

304 1497 161 34 estates.”
482 1498 102 33 More
597 1498 163 42 recently,
775 1498 34 33 in
823 1500 142 32 Keenan
978 1509 30 22 v.
1022 1500 122 41 Peevy,
1160 1500 67 33 267
1242 1499 84 34 Ark.
1343 1500 78 40 218,
1437 1501 79 39 233,

305 1547 67 33 590
388 1546 143 33 S.W.2d
547 1548 67 33 259
633 1546 137 43 (1979),
786 1558 51 23 we
852 1547 129 34 echoed
997 1547 59 34 the
1071 1552 186 30 statement
1273 1548 34 33 in
1321 1548 106 34 Snow
1440 1549 77 34 that

304 1595 82 34 “the
395 1595 111 34 better
515 1596 96 33 rule”
621 1596 27 34 is
658 1596 54 34 for
720 1596 59 34 the
788 1596 144 43 probate
940 1601 116 30 courts
1065 1602 35 29 to
1109 1597 87 34 have
1205 1598 76 33 that
1286 1597 229 43 jurisdiction.

303 1645 50 34 As
378 1656 19 23 a
423 1645 165 43 practical
614 1650 126 30 matter
764 1645 26 34 it
814 1646 27 34 is
866 1646 93 44 plain
984 1646 76 34 that
1084 1646 59 34 the
1167 1646 136 44 dispute
1326 1647 123 34 should
1473 1648 43 34 be

303 1694 214 35 determined
543 1695 33 34 in
602 1706 65 23 one
692 1700 108 36 court,
827 1701 59 29 not
911 1696 34 34 in
970 1700 78 30 two.
1076 1697 65 33 We
1165 1696 221 44 accordingly
1410 1697 106 44 adopt

302 1744 146 34 without
472 1745 239 43 equivocation
734 1745 68 34 this
827 1745 111 35 better
963 1746 74 33 rule
1061 1745 69 35 and
1154 1745 180 44 recognize
1357 1746 77 35 that
1456 1747 60 34 the

303 1794 145 43 probate
467 1795 127 33 court’s
611 1794 218 44 jurisdiction
850 1795 123 35 should
993 1795 69 34 and
1083 1795 81 35 does
1185 1796 96 34 exist.

394 1869 173 34 Reversed
587 1880 44 24 on
651 1869 110 35 direct
781 1870 68 34 and
870 1881 92 24 cross
983 1871 124 43 appeal
1127 1870 69 35 and
1216 1870 198 35 remanded.

393 1944 159 41 Purtle,
574 1945 42 40 J.,
638 1949 59 30 not
717 1945 256 44 participating.
