1632 2696
1301 253 42 33 93

228 1236 199 44 Appellant,
445 1247 68 33 pro
532 1246 48 24 se.

228 1316 105 34 Steve
348 1315 120 41 Clark,
483 1314 100 44 Att’y
597 1314 101 41 Gen.,
713 1314 55 44 by:
788 1313 180 36 Theodore
981 1313 148 41 Holder,
1144 1314 94 34 Asst.
1253 1313 99 44 Att’y

137 1365 102 40 Gen.,
261 1364 53 35 for
334 1365 165 44 appellee.

230 1444 74 34 Per
321 1443 163 35 Curiam.

501 1443 191 44 Appellant
706 1443 77 34 who
798 1442 28 35 is
842 1453 44 24 an
902 1442 132 35 inmate
1049 1442 39 37 of
1100 1442 60 34 the
1174 1442 178 35 Arkansas

139 1494 231 43 Department
384 1492 38 35 of
434 1493 203 34 Correction
652 1492 125 44 sought
792 1503 20 24 a
826 1492 77 35 writ
916 1492 40 34 of
967 1491 208 36 mandamus
1189 1491 91 35 from
1293 1491 60 35 the

138 1543 124 34 circuit
281 1548 99 29 court
399 1547 36 30 to
454 1542 135 44 compel
609 1542 60 35 the
689 1543 230 43 Department
939 1547 35 29 to
995 1552 148 24 reassess
1164 1541 51 35 his
1236 1541 117 44 parole

138 1592 182 43 eligibility
338 1597 120 30 status.
477 1592 75 35 The
569 1592 124 34 circuit
710 1596 99 31 court
826 1591 124 35 denied
968 1591 60 35 the
1045 1591 144 44 petition
1207 1590 69 35 and
1294 1590 60 36 the

138 1642 121 35 record
270 1642 62 34 has
342 1653 74 23 now
426 1642 87 35 been
522 1641 125 44 lodged
657 1652 45 24 on
711 1641 134 45 appeal.
857 1642 65 34 We
930 1640 125 36 denied
1065 1640 205 45 appellant’s
1279 1640 74 35 first

139 1692 131 35 motion
293 1692 53 35 for
368 1692 240 44 appointment
629 1691 40 36 of
687 1692 139 34 counsel
848 1691 35 35 in
904 1691 68 35 this
995 1691 124 44 appeal
1141 1691 148 35 because
1310 1691 44 35 he

138 1742 115 35 stated
263 1753 44 24 no
316 1742 160 44 grounds.
487 1743 56 34 He
552 1742 63 35 has
624 1741 81 36 filed
715 1753 20 24 a
744 1742 131 35 motion
884 1746 36 31 to
929 1741 206 42 reconsider,
1145 1740 208 45 contending

139 1793 77 34 that
236 1793 44 34 he
300 1793 62 34 has
382 1804 20 23 a
423 1792 91 44 right
534 1797 36 30 to
590 1792 151 37 counsel.

372 1872 38 35 In
430 1872 159 34 criminal
609 1882 97 25 cases
725 1871 60 35 the
804 1871 147 35 accused
972 1871 62 35 has
1055 1882 20 24 a
1095 1871 259 36 constitutional

139 1922 93 43 right
241 1927 36 30 to
286 1922 138 35 counsel
434 1927 36 30 at
479 1922 91 35 trial.
580 1922 113 35 There
702 1922 28 34 is
740 1932 44 24 no
792 1921 268 45 corresponding
1069 1921 92 44 right
1170 1926 36 30 to
1215 1920 138 36 counsel

139 1972 35 35 in
188 1984 20 23 a
221 1973 270 44 postconviction
505 1972 219 45 proceeding,
736 1974 135 42 Dyer v.
884 1972 114 41 State,
1012 1972 67 35 258
1093 1972 85 34 Ark.
1192 1972 79 41 494,
1287 1972 66 34 527

140 2022 144 36 S.W.2d
299 2024 68 33 622
383 2022 137 43 (1975),
535 2033 38 25 or
587 2023 35 34 in
636 2034 20 23 a
670 2022 78 35 civil
762 2022 125 35 action.
901 2023 69 34 See
983 2024 167 33 Peterson
1162 2033 30 23 v.
1206 2021 147 41 Nadler,

140 2073 69 34 452
223 2072 85 34 F.2d
321 2073 68 34 754
403 2072 77 43 (8th
494 2072 71 35 Cir.­
583 2072 118 43 1971);
713 2083 59 23 see
784 2072 78 34 also
872 2072 160 34 Johnson
1043 2083 30 23 v.
1091 2071 181 41 Teasdale,
1285 2072 68 33 456

141 2123 36 32 F.
197 2122 108 42 Supp.
330 2123 85 32 1083
437 2121 72 42 (W.
529 2122 43 33 D.
594 2122 74 33 Mo.
693 2121 116 42 1978).
829 2121 104 34 Since
951 2132 20 23 a
990 2121 144 43 petition
1153 2120 54 35 for
1224 2121 76 33 writ
1318 2120 40 34 of

140 2170 209 34 mandamus
362 2170 219 43 challenging
595 2170 59 35 the
667 2170 238 43 computation
919 2169 39 37 of
969 2170 118 43 parole
1099 2169 180 43 eligibility
1292 2169 28 34 is
1334 2180 21 23 a

140 2219 78 34 civil
230 2219 126 41 action,
367 2219 134 35 neither
511 2219 60 35 the
580 2219 123 34 circuit
713 2224 99 29 court
822 2229 62 24 nor
894 2219 69 34 this
974 2219 111 34 Court
1095 2218 28 35 is
1134 2218 175 43 obligated
1320 2223 36 30 to

140 2268 142 45 provide
294 2280 45 23 an
352 2274 158 38 attorney
522 2274 36 29 to
571 2268 132 45 perfect
716 2280 45 23 an
774 2269 124 43 appeal
910 2268 31 35 if
950 2268 59 35 the
1022 2268 144 44 petition
1179 2268 28 34 is
1219 2267 135 36 denied.

327 2348 39 34 In
384 2348 98 34 those
499 2358 97 24 cases
614 2347 115 35 where
746 2347 60 35 the
824 2347 176 44 appellant
1019 2347 27 34 is
1065 2346 79 35 able
1161 2351 36 30 to
1215 2346 103 36 make
1336 2357 20 23 a

141 2398 208 34 substantial
360 2398 153 42 showing
523 2397 77 35 that
610 2397 44 35 he
664 2397 27 35 is
702 2397 144 35 entitled
855 2402 36 30 to
902 2396 101 35 relief
1010 2396 69 35 and
1089 2397 78 34 that
1176 2396 44 35 he
1229 2401 127 30 cannot
