1666 2691
301 392 138 42 (1980);
456 391 118 35 White
593 392 33 33 &
644 391 191 40 Summers,
850 401 119 33 supra.
988 392 67 32 But
1071 390 46 34 all
1133 390 129 34 factors
1278 395 93 29 must
1386 389 68 34 still
1471 389 43 34 be

300 441 211 34 considered.
526 441 167 40 Hillman,
706 447 33 28 et
751 440 56 39 al.,
820 450 120 33 supra,
955 440 17 42 §
989 438 217 44 18.05(3)(a)
1222 438 124 43 (1985)
1361 444 78 37 atp.
1457 439 55 33 18-

300 492 55 39 43,
377 502 31 24 n.
432 492 78 39 214,
533 492 78 33 217.

300 253 67 33 626

484 569 105 39 Here,
606 567 101 35 while
723 567 59 35 the
797 567 92 34 lease
905 566 95 35 itself
1013 566 184 35 contained
1214 577 44 23 no
1274 565 170 44 provision
1460 565 54 35 for

301 618 169 43 purchase
485 617 45 43 by
546 617 84 40 Hill,
646 628 20 22 a
682 617 128 34 former
826 617 178 43 employee
1019 616 39 34 of
1071 617 130 33 Bentco
1216 615 148 35 testified
1380 615 77 35 that
1472 616 43 33 he

300 666 223 43 customarily
537 666 71 35 told
623 671 186 38 prospects,
824 665 176 44 including
1016 666 83 39 Hill,
1114 666 76 34 that
1204 670 36 29 at
1254 665 59 34 the
1326 665 66 34 end
1406 665 40 34 of
1455 665 59 34 the

300 716 92 34 lease
410 717 59 33 the
486 721 129 37 system
632 715 102 35 could
753 716 42 33 be
813 715 193 43 purchased
1025 715 53 34 for
1096 725 65 24 one
1178 714 120 35 dollar.
1319 715 193 39 Moreover,

302 766 158 34 Bentco’s
486 765 174 43 president
685 770 106 29 wrote
817 765 70 34 Mr.
915 764 172 44 Krayecki
1114 764 34 34 in
1173 764 211 40 November,
1414 765 99 39 1982,

300 814 172 44 evidently
487 815 34 34 in
536 815 59 35 the
610 815 89 43 hope
713 814 40 35 of
763 814 179 43 obtaining
958 814 202 44 Krayecki’s
1175 813 215 45 assumption
1405 813 39 35 of
1455 813 59 35 the

300 866 103 41 lease,
416 866 76 34 that
504 870 36 30 at
552 865 59 35 the
623 865 66 34 end
701 864 39 35 of
749 865 59 34 the
820 864 92 35 lease
924 864 118 44 period
1055 864 43 34 he
1110 863 101 36 could
1224 863 109 35 either
1345 864 170 44 purchase

301 916 59 34 the
369 921 128 38 system
507 915 53 35 for
569 920 57 30 ten
636 925 60 33 per
705 920 79 30 cent
792 914 40 35 of
838 915 59 34 the
905 915 171 43 purchase
1084 914 94 44 price
1186 925 38 23 or
1234 924 112 24 renew
1355 914 60 34 the
1423 913 92 35 lease

301 965 90 35 from
406 976 81 33 year
502 970 36 29 to
552 976 82 33 year
648 964 54 35 for
716 965 59 34 the
790 969 164 40 payment
969 964 40 35 of
1019 976 21 23 a
1055 964 109 43 single
1178 963 157 45 monthly
1349 969 165 39 payment

301 1015 85 35 each
407 1026 92 33 year.

391 1091 323 44 Notwithstanding
734 1092 67 34 this
821 1091 103 44 proof
941 1091 75 35 that
1037 1092 131 34 Bentco
1187 1091 113 35 would
1320 1091 88 34 have
1426 1090 90 35 little

301 1142 141 34 interest
460 1142 34 34 in
513 1142 59 34 the
590 1147 161 38 property
769 1146 36 29 at
823 1142 59 34 the
899 1140 67 35 end
984 1141 39 34 of
1038 1141 59 34 the
1115 1141 102 40 lease,
1236 1141 60 34 the
1313 1141 79 34 trial
1406 1140 109 43 judge

301 1191 107 35 found
430 1192 60 34 the
511 1197 200 37 agreement
731 1190 59 35 did
812 1196 60 29 not
893 1190 140 44 provide
1054 1190 53 35 for
1128 1191 60 34 the
1209 1191 170 43 purchase
1399 1189 39 35 of
1456 1190 60 34 the

301 1246 161 39 property
490 1241 44 43 by
561 1241 84 40 Hill,
673 1251 62 24 nor
762 1240 58 34 did
847 1241 28 34 it
901 1241 138 33 contain
1067 1251 68 32 any
1162 1240 98 34 other
1287 1240 228 42 terminology

301 1290 189 43 indicating
508 1290 75 35 how
601 1290 59 34 the
677 1290 107 34 lessee
801 1289 102 35 could
920 1289 119 35 obtain
1056 1290 75 34 title
1148 1295 35 29 to
1200 1290 59 34 the
1276 1294 138 39 system.
1433 1288 82 35 And

301 1340 101 34 while
423 1340 77 33 that
522 1339 188 43 particular
732 1339 91 34 issue
844 1350 70 23 was
936 1338 172 44 disputed,
1131 1350 51 23 we
1203 1339 131 34 believe
1355 1339 59 34 the
1436 1339 80 42 only

300 1389 204 34 reasonable
526 1388 176 35 inference
725 1394 36 29 to
784 1388 43 34 be
850 1388 119 34 drawn
992 1388 92 35 from
1107 1388 59 34 the
1188 1388 186 43 testimony
1397 1387 39 35 of
1457 1388 59 34 the

301 1438 128 34 former
439 1438 188 44 employee,
637 1437 245 35 corroborated
892 1448 37 24 as
939 1437 26 34 it
974 1448 70 24 was
1053 1438 45 43 by
1107 1437 60 35 the
1176 1438 100 34 letter
1285 1443 35 29 to
1330 1437 184 43 Krayecki,

301 1488 28 34 is
353 1487 77 35 that
456 1488 158 34 Bentco’s
639 1488 149 34 solution
813 1492 35 30 to
873 1487 59 35 the
957 1487 172 43 problems
1154 1487 106 44 posed
1285 1488 44 43 by
1354 1487 59 34 the
1436 1486 80 35 Itek

301 1537 152 35 decision
465 1548 69 23 was
546 1543 35 29 to
593 1537 125 44 simply
728 1537 86 35 omit
825 1538 60 34 the
895 1537 118 44 option
1024 1537 171 44 provision
1207 1536 92 35 from
1310 1537 59 34 the
1379 1536 136 35 written

301 1588 92 34 lease
405 1587 68 35 and
487 1587 75 43 give
573 1587 118 34 verbal
704 1597 186 24 assurance
902 1592 36 29 to
951 1587 43 34 its
1007 1587 169 34 “lessees”
1191 1587 76 34 that
1280 1592 36 29 at
1329 1587 59 34 the
1400 1586 66 35 end
1478 1586 39 34 of

301 1637 59 34 the
375 1637 92 34 lease
482 1648 44 23 an
542 1637 117 44 option
675 1641 35 30 to
726 1636 170 44 purchase
911 1636 53 34 for
979 1648 21 23 a
1015 1636 154 35 nominal
1185 1642 144 29 amount
1344 1636 113 34 would
1472 1636 43 34 be

301 1686 175 35 observed.
491 1687 93 34 Even
596 1686 30 34 if
634 1697 52 23 we
697 1686 101 35 could
811 1686 104 35 reach
927 1686 59 35 the
998 1697 96 24 same
1105 1686 198 35 conclusion
1316 1697 37 23 as
1365 1686 60 34 the
1436 1686 79 34 trial

301 1742 98 29 court
410 1737 82 34 with
505 1741 133 39 respect
649 1741 36 30 to
697 1747 44 24 an
753 1736 117 44 option
882 1741 36 30 to
929 1737 181 43 purchase,
1122 1736 59 35 the
1192 1736 149 35 absence
1352 1735 39 35 of
1399 1735 77 35 that
1487 1736 28 34 is

301 1791 59 30 not
373 1786 195 35 conclusive
580 1787 34 34 in
628 1786 231 44 determining
872 1786 153 35 whether
1039 1786 59 35 the
1111 1786 212 35 transaction
1337 1786 27 34 is
1378 1797 20 23 a
1411 1785 102 36 lease:

425 1862 164 44 Drafting
600 1863 152 35 variants
764 1863 112 34 which
889 1863 87 34 have
987 1868 59 29 not
1058 1862 189 44 impressed
1259 1862 59 35 the
1329 1867 115 30 courts
1456 1873 59 24 are

424 1913 135 44 options
571 1918 36 29 to
620 1913 170 43 purchase
802 1912 119 35 before
933 1912 59 35 the
1004 1913 94 44 price
1110 1912 62 35 has
1185 1913 87 34 been
1285 1912 87 44 fully
1384 1912 81 44 paid
1477 1923 38 24 or

425 1967 261 39 arrangements
695 1962 109 35 under
813 1962 112 35 which
935 1962 97 35 there
1040 1963 28 34 is
1078 1973 44 23 no
1130 1962 118 44 option
1257 1967 35 30 to
1301 1962 170 44 purchase
1479 1967 36 29 at

424 2024 68 32 any
503 2012 85 35 time
599 2013 62 33 but
672 2013 114 34 where
797 2012 59 35 the
867 2018 188 37 aggregate
1066 2013 128 34 rentals
1206 2012 239 43 approximate
1456 2012 59 34 the

423 2062 102 34 value
540 2062 54 43 (or
608 2062 170 43 purchase
792 2061 109 44 price)
917 2061 40 34 of
968 2062 59 34 the
1041 2061 117 43 goods.
1174 2062 167 40 Gilmore,
1356 2061 159 43 Security

426 2113 163 33 Interests
610 2111 34 34 in
665 2111 162 35 Personal
848 2112 176 43 Property,
1048 2110 138 44 (1965),
1207 2111 76 34 Vol.
1309 2112 28 40 1,
1361 2111 17 42 §
1402 2112 65 33 3.6.

424 2188 74 34 The
521 2188 148 34 absence
691 2188 39 34 of
750 2199 44 23 an
817 2198 138 33 express
978 2187 150 35 transfer
1150 2198 38 24 or
1211 2187 118 44 option
1351 2187 81 34 does
1456 2192 59 29 not

425 2238 136 43 dispose
583 2237 39 35 of
640 2237 60 35 the
721 2237 169 44 question.
914 2238 50 33 As
987 2238 62 34 has
1072 2237 87 34 been
1182 2236 115 42 noted,
1320 2237 115 34 ‘Since
1457 2237 59 34 the

425 2287 128 44 parties
580 2293 35 29 to
641 2287 98 35 these
764 2287 230 35 transactions
1021 2298 60 24 are
1106 2287 96 35 often
1228 2287 112 34 clever
1366 2287 35 33 in
1427 2287 88 34 their

425 2343 165 38 attempts
605 2342 36 29 to
655 2336 151 44 disguise
820 2348 21 24 a
856 2337 136 35 finance
1005 2337 213 34 transaction
1233 2347 38 23 as
1286 2348 20 23 a
1321 2342 77 29 true
1412 2336 102 41 lease,

425 2387 192 43 ownership
644 2386 122 35 should
793 2386 44 34 be
862 2386 157 44 liberally
1045 2386 159 34 defined.’
1231 2387 41 32 In
1297 2388 53 32 Re
1377 2385 139 35 Gehrke
