1640 2688
426 407 151 39 counsel,
592 418 49 23 we
654 406 118 35 would
782 406 42 35 be
836 404 252 46 hard-pressed
1099 411 36 29 to
1148 404 88 44 deny
1249 404 58 35 the
1319 410 194 38 argument,

425 469 38 23 as
481 458 59 34 the
558 458 100 33 State
676 457 61 34 has
756 457 59 34 the
832 456 133 34 burden
983 455 39 35 of
1037 455 153 43 showing
1209 466 20 23 a
1246 455 182 43 voluntary
1446 454 68 35 and

426 507 192 42 intelligent
638 506 124 34 waiver
782 506 39 34 of
838 506 150 34 counsel,
1012 505 189 43 (emphasis
1222 504 141 42 added.)

302 267 67 34 246

509 582 50 32 As
581 581 34 33 in
640 580 195 39 Calamese,
858 580 97 33 there
977 580 27 33 is
1027 579 143 42 nothing
1192 579 34 33 in
1248 579 68 33 this
1338 578 119 34 record
1478 583 36 29 to

302 630 151 34 indicate
466 630 59 34 the
537 630 79 34 trial
630 634 98 29 court
742 629 102 34 made
857 640 68 32 any
938 628 136 44 inquiry
1088 628 71 34 into
1172 627 205 44 appellant’s
1390 627 124 35 waiver

301 679 40 35 of
347 679 151 41 counsel,
510 679 61 36 but
581 679 68 34 this
660 679 176 44 appellant
846 677 64 36 did
918 683 56 29 act
985 689 37 23 as
1032 678 52 34 his
1095 688 75 24 own
1181 677 149 35 counsel.
1342 677 74 34 The
1425 681 90 30 state

302 730 62 35 has
393 729 105 35 failed
528 734 35 30 to
591 734 92 30 meet
711 729 42 34 its
782 728 133 35 burden
943 727 39 36 of
1007 728 153 43 showing
1189 738 20 24 a
1236 727 182 44 voluntary
1446 726 68 36 and

302 780 192 43 intelligent
514 779 135 35 waiver.

392 856 75 34 The
481 856 79 34 trial
571 855 109 44 judge
694 855 122 44 placed
831 866 20 23 a
866 860 98 38 great
979 855 77 34 deal
1072 854 39 35 of
1122 854 174 44 emphasis
1311 864 43 24 on
1370 854 58 34 the
1443 853 72 35 fact

302 906 76 34 that
388 906 176 43 appellant
573 905 69 34 had
652 905 155 34 retained
817 905 139 34 counsel
966 904 69 34 and
1044 903 144 35 allowed
1198 904 73 34 him
1280 909 36 29 to
1324 903 190 40 withdraw,

302 955 230 43 maintaining
552 955 76 34 that
648 955 68 34 this
737 965 69 23 was
827 965 20 23 a
868 954 125 34 waiver
1012 953 40 34 of
1069 953 91 43 right
1180 958 36 29 to
1236 953 150 34 counsel.

511 1031 39 34 In
563 1029 170 36 Franklin
749 1031 30 33 &
794 1029 94 35 Reid
898 1040 31 23 v.
942 1029 112 39 State,
1069 1039 120 33 supra,
1203 1039 52 24 we
1267 1027 176 36 discussed
1457 1028 59 34 the

302 1080 161 35 essential
487 1080 249 44 requirements
760 1079 40 35 of
820 1090 20 24 a
864 1079 124 34 waiver
1012 1078 69 35 and
1105 1078 103 35 noted
1232 1078 77 35 that
1333 1078 26 34 it
1382 1078 28 34 is
1434 1078 82 34 “the

301 1131 182 43 voluntary
501 1130 259 35 abandonment
777 1140 38 24 or
832 1129 182 35 surrender
1034 1157 75 6 ...
1129 1128 39 35 of
1182 1140 20 23 a
1220 1128 92 44 right
1330 1128 123 35 known
1471 1128 45 44 by

303 1180 72 37 him
387 1185 35 29 to
434 1180 87 35 exist
547 1208 6 6 .
582 1207 6 7 .
616 1180 83 34 .’’In
711 1179 131 43 finding
855 1180 76 33 that
942 1179 59 35 the
1012 1179 125 34 waiver
1149 1179 35 34 in
1195 1178 77 37 that
1284 1189 79 23 case
1374 1189 70 23 was
1456 1183 60 29 not

302 1230 195 43 knowingly
518 1229 68 35 and
607 1229 227 43 intelligently
854 1228 114 41 made,
989 1239 51 23 we
1059 1227 192 45 explained:

426 1305 112 34 There
547 1305 27 34 is
584 1315 43 24 no
636 1304 189 35 indication
834 1304 77 35 that
920 1304 81 44 they
1014 1304 73 43 [the
1095 1303 207 45 appellants]
1315 1314 90 23 were
1413 1303 104 35 made

426 1366 114 23 aware
555 1354 39 35 of
606 1365 67 33 any
688 1354 204 35 alternative
907 1359 35 29 to
957 1354 202 43 continuing
1174 1353 59 35 the
1247 1353 79 35 trial
1341 1353 83 35 with
1439 1353 77 34 that

426 1404 282 44 representation.
737 1431 6 7 .
771 1432 6 6 .

427 1556 39 34 In
477 1555 99 35 order
587 1560 36 30 to
633 1566 61 33 say
705 1555 76 35 that
792 1555 97 35 there
899 1566 70 23 was
980 1566 20 23 a
1011 1554 136 41 waiver,
1159 1554 26 35 it
1195 1559 94 30 must
1299 1565 129 33 appear
1439 1554 77 34 that

426 1605 193 44 appellants
631 1605 69 34 had
713 1605 63 35 full
788 1604 201 43 knowledge
1000 1604 40 35 of
1049 1604 89 35 their
1150 1604 108 43 rights
1271 1603 69 35 and
1352 1603 163 35 intended

426 1660 35 29 to
473 1655 187 43 relinquish
673 1655 95 34 them
782 1682 6 6 .
816 1682 6 6 .
851 1682 6 7 .
871 1654 78 35 One
959 1659 128 30 cannot
1099 1654 43 34 be
1153 1653 74 35 said
1240 1659 35 29 to
1287 1654 87 34 have
1385 1653 130 34 waived

426 1705 76 34 that
522 1704 39 35 of
578 1704 111 35 which
710 1704 43 35 he
773 1704 69 35 had
863 1715 44 23 no
927 1703 211 43 knowledge.

394 1781 94 33 Here
506 1785 67 35 too,
593 1780 59 34 the
671 1780 176 43 appellant
866 1779 131 43 argued
1016 1779 44 34 he
1078 1779 59 34 did
1156 1784 60 29 not
1234 1779 99 34 know
1352 1779 44 34 he
1414 1778 102 35 could

303 1830 110 34 retain
427 1830 69 34 Mr.
510 1830 218 34 Harrelson’s
740 1829 146 35 services
898 1840 84 23 even
994 1828 133 44 though
1138 1829 60 34 the
1209 1833 159 39 attorney
1379 1827 137 36 wanted

302 1884 36 30 to
362 1879 189 34 withdraw.
578 1880 70 33 Mr.
676 1879 189 34 Harrelson
890 1878 149 35 testified
1064 1878 44 35 he
1132 1878 81 35 does
1238 1883 60 30 not
1323 1878 193 34 remember

302 1929 153 34 whether
469 1929 43 34 he
525 1928 71 35 told
610 1929 59 34 the
682 1929 176 43 appellant
871 1928 44 34 he
928 1928 102 34 could
1043 1928 86 44 keep
1143 1928 72 34 him
1229 1938 37 24 as
1280 1928 52 34 his
1346 1932 168 39 attorney,

303 1978 68 35 and
380 1978 59 35 the
448 1978 119 35 record
576 1978 81 35 does
667 1984 59 28 not
735 1978 113 34 reveal
857 1978 77 34 that
942 1978 60 34 the
1010 1978 79 34 trial
1095 1977 108 43 judge
1211 1988 78 23 ever
1298 1988 37 23 so
1344 1976 171 36 informed

302 2028 59 34 the
384 2028 186 44 appellant.
595 2028 135 34 Absent
753 2028 77 34 that
854 2027 212 43 knowledge,
1090 2027 59 35 the
1172 2027 205 44 appellant’s
1401 2032 56 29 act
1480 2026 35 34 in

303 2078 169 43 releasing
483 2078 69 34 Mr.
565 2078 189 34 Harrelson
763 2082 128 30 cannot
900 2077 44 34 be
951 2076 130 36 viewed
1091 2088 38 23 as
1139 2088 21 23 a
1169 2076 125 35 waiver
1303 2076 40 35 of
1348 2087 21 24 a
1378 2076 92 43 right
1479 2081 36 29 to

302 2128 150 34 counsel.

393 2203 75 34 The
483 2203 128 43 Eighth
627 2202 135 35 Circuit
776 2202 63 35 has
854 2202 149 34 reached
1019 2202 59 34 the
1093 2213 96 23 same
1203 2201 197 35 conclusion
1415 2201 99 34 when

302 2252 204 35 confronted
525 2252 83 35 with
626 2252 68 35 this
713 2252 175 35 situation.
909 2252 39 34 In
970 2250 128 36 United
1113 2251 121 34 States
1251 2262 30 23 v.
1305 2250 121 41 White,
1448 2251 66 35 529

305 2302 83 35 F.2d
411 2304 88 33 1390
520 2302 137 43 (1976),
676 2302 59 35 the
753 2302 176 44 appellant
947 2301 173 44 appeared
1138 2301 54 35 for
1209 2301 52 34 his
1280 2301 236 43 arraignment

303 2352 82 35 with
400 2352 155 35 retained
571 2352 139 34 counsel
725 2352 63 34 but
802 2362 44 24 on
861 2351 60 35 the
935 2351 82 35 date
1031 2356 51 29 set
1097 2350 54 35 for
1165 2351 59 34 the
1238 2351 90 40 trial,
1344 2350 59 35 the
1417 2355 99 29 court

303 2401 204 36 announced
517 2402 77 35 that
603 2402 27 34 it
639 2401 69 35 had
718 2401 155 35 received
883 2412 20 24 a
914 2401 100 35 letter
1024 2400 90 36 from
1124 2400 155 35 retained
1289 2400 139 35 counsel
1438 2400 78 34 four
