1658 2686
291 403 124 34 Rakas
432 414 30 23 v.
483 403 148 39 Illinois,
651 403 67 32 439
739 402 83 34 U.S.
846 402 76 39 128,
946 403 64 32 134
1031 400 138 43 (1978);
1191 400 127 35 United
1333 401 122 33 States
1472 411 30 23 v.

293 451 185 41 Ceccolini,
494 453 66 32 435
577 451 83 34 U.S.
678 451 79 40 268,
773 452 65 32 275
858 450 137 42 (1978);
1009 451 110 33 Stone
1132 461 30 22 v.
1178 449 140 40 Powell,
1335 450 66 32 428
1418 449 83 34 U.S.

291 501 158 39 465, 486
462 500 137 42 (1976).
609 499 75 34 The
694 510 121 23 reason
826 499 27 34 is
864 499 108 34 “each
982 499 85 34 time
1076 499 59 33 the
1145 498 237 43 exclusionary
1393 498 74 33 rule
1476 499 27 33 is

291 549 137 44 applied
446 550 26 33 it
489 554 116 29 exacts
623 559 20 24 a
660 548 207 35 substantial
884 548 105 34 social
1006 553 74 29 cost
1096 547 54 34 for
1167 547 59 35 the
1240 547 211 34 vindication
1468 547 39 34 of

293 599 128 34 Fourth
431 598 237 35 Amendment
677 597 119 44 rights.
807 598 169 34 Relevant
986 597 68 35 and
1064 597 142 34 reliable
1215 597 162 34 evidence
1386 596 27 34 is
1423 596 81 45 kept

292 649 90 35 from
392 649 59 34 the
461 649 82 35 trier
552 648 39 35 of
598 648 73 35 fact
680 648 69 35 and
759 648 59 35 the
828 647 120 35 search
959 648 53 35 for
1021 647 96 35 truth
1128 652 36 30 at
1174 647 78 35 trial
1263 647 27 35 is
1300 646 203 35 deflected.”

291 699 124 36 Rakas
434 711 30 23 v.
486 699 148 41 Illinois,
656 699 67 35 439
746 699 82 35 U.S.
855 699 75 40 128,
955 700 64 33 137
1042 697 137 44 (1978).

292 265 67 34 564

475 787 74 34 The
573 786 100 34 State
698 796 123 33 argues
846 785 77 35 that
947 785 97 35 these
1068 784 172 44 appellees
1264 784 45 35 do
1334 789 59 29 not
1418 784 86 34 have

292 836 161 42 standing
474 842 36 29 to
530 835 158 44 question
710 836 59 34 the
790 834 167 35 unlawful
978 835 133 34 seizure
1132 834 90 35 from
1243 835 59 34 the
1323 834 182 43 telephone

291 896 182 33 company,
498 885 68 35 and
589 884 183 42 therefore,
796 885 59 34 the
878 884 238 44 exclusionary
1139 884 74 34 rule
1234 884 123 35 should
1380 889 60 29 not
1463 883 42 35 be

291 935 137 44 applied
441 935 33 35 in
487 936 67 34 this
566 935 216 44 proceeding.
795 935 74 34 The
880 934 157 35 doctrine
1046 934 40 34 of
1093 934 162 43 standing
1267 939 36 29 to
1313 934 123 34 invoke
1446 933 60 35 the

293 985 129 35 Fourth
431 985 236 35 Amendment
676 985 238 42 exclusionary
923 985 74 34 rule
1005 984 62 35 has
1076 995 76 23 now
1161 983 139 35 evolved
1309 989 35 29 to
1353 983 98 34 focus
1460 994 44 24 on

292 1046 20 23 a
324 1035 218 34 defendant’s
553 1035 214 34 substantive
779 1034 129 34 Fourth
920 1034 237 34 Amendment
1168 1033 119 43 rights.
1299 1033 65 41 Id.,
1377 1038 35 29 at
1428 1034 75 34 140.

292 1084 121 35 Under
431 1085 67 33 this
518 1089 66 29 test
603 1095 20 22 a
641 1089 99 29 court
758 1083 122 35 should
899 1088 60 29 not
977 1083 144 35 exclude
1139 1082 162 36 evidence
1319 1082 108 35 under
1446 1082 59 35 the

294 1133 128 34 Fourth
442 1133 236 34 Amendment
697 1133 114 34 unless
830 1133 27 33 it
875 1132 88 34 finds
982 1133 77 34 that
1078 1143 44 23 an
1141 1132 167 34 unlawful
1327 1132 121 34 search
1467 1143 38 23 or

291 1182 134 34 seizure
433 1181 150 35 violated
593 1182 59 34 the
661 1181 218 35 defendant’s
889 1192 76 23 own
974 1181 260 34 constitutional
1244 1181 120 42 rights,
1374 1180 69 34 and
1453 1181 52 34 his

292 1231 108 43 rights
420 1242 60 23 are
498 1230 150 35 violated
667 1231 80 43 only
767 1230 29 34 if
813 1230 59 34 the
891 1230 203 43 challenged
1113 1229 150 35 conduct
1283 1229 146 35 invaded
1450 1229 55 35 his

292 1281 192 43 legitimate
492 1280 218 44 expectation
719 1280 40 34 of
764 1280 139 43 privacy
912 1280 117 34 rather
1037 1280 85 34 than
1131 1279 77 34 that
1216 1279 39 35 of
1262 1290 20 23 a
1291 1279 92 35 third
1393 1283 110 40 party.

295 1330 127 35 United
438 1331 121 34 States
576 1341 31 23 v.
626 1331 146 41 Payner,
793 1330 67 34 447
880 1329 84 35 U.S.
985 1331 79 39 727,
1084 1331 64 33 731
1174 1328 138 44 (1980);
1330 1328 125 35 Rakas
1473 1340 30 23 v.

292 1380 149 41 Illinois,
462 1381 68 34 439
551 1380 84 35 U.S.
661 1380 75 41 128,
762 1380 161 40 133-140,
949 1381 62 33 143
1036 1378 137 45 (1978).

515 1467 74 34 The
608 1466 203 44 unlawfully
829 1466 114 34 seized
963 1466 162 35 evidence
1144 1465 123 35 should
1286 1471 60 29 not
1365 1465 42 34 be
1426 1476 78 33 sup­

292 1515 139 44 pressed
455 1516 114 35 unless
593 1516 59 34 the
676 1516 172 44 appellees
873 1515 69 35 had
967 1527 20 23 a
1012 1515 192 43 legitimate
1228 1515 217 44 expectation
1469 1515 39 35 of

292 1565 139 44 privacy
445 1566 34 34 in
493 1566 59 34 the
566 1565 171 35 evidence.
752 1566 74 34 The
839 1571 145 38 concept
998 1565 39 35 of
1048 1576 20 23 a
1083 1565 191 43 legitimate
1288 1564 217 44 expectation

292 1615 39 34 of
341 1615 139 44 privacy
494 1616 27 34 is
535 1620 51 29 set
599 1620 61 29 out
673 1615 34 34 in
721 1615 125 35 Rakas
857 1626 31 23 v.
902 1614 149 41 Illinois,
1066 1615 68 33 439
1149 1614 84 35 U.S.
1252 1615 75 40 128,
1346 1615 62 33 143
1424 1616 81 32 n.12

294 1664 137 44 (1978):

415 1750 201 43 Obviously,
628 1750 167 40 however,
807 1761 20 23 a
840 1750 237 42 “legitimate”
1090 1750 218 43 expectation
1319 1749 39 35 of
1366 1749 139 44 privacy

416 1799 44 44 by
473 1800 178 34 definition
665 1810 119 24 means
797 1810 97 23 more
906 1799 85 35 than
1004 1810 20 23 a
1037 1799 189 42 subjective
1239 1798 217 44 expectation
1469 1799 39 34 of

416 1854 59 29 not
499 1849 102 42 being
626 1848 209 35 discovered.
861 1849 33 33 A
918 1848 141 43 burglar
1084 1848 117 44 plying
1225 1849 53 33 his
1302 1848 99 34 trade
1425 1848 34 34 in
1484 1859 20 23 a

416 1908 152 24 summer
578 1898 102 34 cabin
690 1898 124 43 during
824 1898 59 34 the
892 1897 52 35 off
950 1909 122 23 season
1081 1908 82 32 may
1172 1897 88 35 have
1268 1909 21 23 a
1298 1897 207 44 thoroughly

411 1947 156 43 justified
579 1947 188 43 subjective
779 1947 218 44 expectation
1009 1947 39 35 of
1055 1947 151 44 privacy,
1219 1947 63 35 but
1293 1947 26 34 it
1331 1947 27 34 is
1370 1951 59 30 not
1440 1957 65 24 one

415 1997 112 35 which
539 1997 59 34 the
609 1997 65 34 law
686 1997 197 43 recognizes
895 2008 37 23 as
946 1997 248 43 “legitimate.”
1208 1997 64 34 His
1284 2007 173 34 presence,
1469 1997 34 34 in

415 2046 59 35 the
491 2046 111 35 words
618 2046 40 35 of
672 2048 118 40 Jones,
810 2047 67 34 362
895 2046 97 42 U.S.,
1010 2052 36 29 at
1064 2047 79 40 267,
1162 2046 27 34 is
1207 2046 227 43 “wrongful”;
1452 2045 52 35 his

416 2096 218 45 expectation
650 2096 27 34 is
693 2102 60 29 not
769 2097 89 34 “one
872 2096 77 35 that
965 2097 129 43 society
1110 2096 27 34 is
1153 2096 169 44 prepared
1337 2101 36 29 to
1388 2106 115 33 recog-

416 2147 77 34 nize
506 2158 37 23 as
557 2147 236 34 ‘reasonable.’
808 2146 20 14 ”
842 2148 92 32 Katz
946 2157 30 24 v.
993 2145 128 36 United
1131 2146 132 41 States,
1279 2147 66 33 389
1359 2145 95 41 U.S.,
1469 2151 36 29 at

418 2198 62 33 361
502 2196 163 43 (Harlan,
681 2197 42 41 J.,
739 2195 234 44 concurring).
989 2196 81 35 And
1085 2196 27 34 it
1126 2196 124 41 would,
1265 2196 40 34 of
1317 2206 130 30 course,
1463 2196 43 34 be

415 2247 130 43 merely
561 2246 225 44 tautological
803 2251 36 30 to
856 2245 62 35 fall
936 2246 90 35 back
1042 2257 44 23 on
1103 2246 59 34 the
1179 2246 118 34 notion
1314 2246 77 34 that
1407 2245 98 35 those

415 2296 235 45 expectations
667 2296 39 35 of
719 2296 140 45 privacy
875 2296 112 35 which
1004 2307 59 24 are
1079 2296 192 43 legitimate
1286 2295 135 44 depend
1438 2296 66 43 pri-

416 2347 124 43 marily
551 2357 44 24 on
606 2357 96 23 cases
714 2346 160 43 deciding
885 2346 330 43 exclusionary-rule
1226 2346 107 34 issues
1345 2346 35 33 in
1391 2345 113 35 crimi-

416 2397 57 34 nal
489 2407 106 23 cases.
613 2395 247 43 Legitimation
874 2395 39 35 of
926 2396 235 44 expectations
1176 2395 39 34 of
1227 2396 139 43 privacy
1381 2395 45 43 by
1440 2395 65 35 law
