1667 2700
300 407 75 42 sign
394 417 44 23 on
457 406 59 34 the
535 406 174 43 premises.
729 405 75 35 The
822 411 98 28 court
939 404 108 35 found
1067 405 26 34 it
1111 415 70 23 was
1200 409 60 29 not
1279 414 180 32 necessary
1477 409 35 28 to

301 467 103 33 prove
415 457 58 34 the
483 455 190 35 defendant
684 455 112 35 would
808 455 61 34 sell
880 455 80 43 only
971 459 36 30 at
1018 465 20 23 a
1050 454 138 44 specific
1199 453 102 45 price.
1315 453 97 35 “The
1422 452 91 44 right

300 505 184 36 contained
502 506 34 35 in
553 506 59 34 the
629 506 72 35 sale
718 506 129 34 notices
864 510 36 29 to
917 505 106 43 reject
1040 505 46 34 all
1105 503 74 36 bids
1197 503 81 35 does
1296 509 59 29 not
1372 503 139 35 demon-

301 562 107 30 strate
429 568 20 23 a
470 556 78 35 lack
568 555 38 35 of
624 556 111 35 desire
756 560 35 30 to
811 555 72 41 sell,
905 555 62 35 but
987 555 130 43 merely
1137 565 44 24 an
1202 553 255 44 unwillingness
1478 559 35 29 to

302 612 121 39 accept
443 618 20 23 a
484 608 63 34 low
569 606 126 45 price.”

300 267 68 34 466

391 688 155 41 Turning
558 692 35 29 to
604 687 68 34 this
683 697 90 30 case,
785 697 51 23 we
847 685 130 35 believe
987 685 98 34 there
1095 686 28 33 is
1135 685 207 34 insufficient
1353 684 161 35 evidence

302 742 35 28 to
356 736 168 34 conclude
543 736 59 34 the
622 736 105 34 Carrs
748 735 68 35 had
836 734 144 35 decided
1001 740 35 28 to
1056 735 72 39 sell,
1149 745 37 23 as
1206 745 51 23 we
1276 739 161 29 construe
1456 734 58 34 the

301 790 166 29 contract.
485 786 74 33 The
574 785 74 34 first
665 785 99 33 letter
780 789 76 29 sent
871 789 35 28 to
922 784 60 34 the
997 784 171 34 Johnsons
1184 783 128 42 stating
1329 784 81 42 they
1425 794 89 23 were

303 834 188 42 “seriously
514 833 239 43 considering”
777 833 121 42 selling
921 833 60 34 the
1004 837 172 39 property,
1199 832 128 43 clearly
1350 832 81 34 does
1455 837 59 29 not

303 894 101 24 mean
422 883 59 34 the
499 883 105 35 Carrs
623 883 69 34 had
709 882 144 35 decided
870 887 36 29 to
924 882 71 35 sell.
1014 882 75 35 The
1106 881 126 35 second
1250 881 111 41 letter,
1379 881 135 34 written

302 934 109 34 under
421 933 59 34 the
490 932 107 36 belief
605 933 77 35 that
692 932 59 35 the
761 932 145 44 original
917 937 157 30 contract
1084 931 117 45 option
1212 942 70 24 was
1293 936 60 30 not
1363 931 35 34 in
1408 930 104 42 force,

303 983 72 35 also
386 983 78 35 fails
475 988 36 30 to
522 983 66 34 rise
598 988 35 29 to
644 994 20 23 a
675 982 151 35 decision
837 988 35 29 to
883 983 71 34 sell.
967 983 39 33 In
1017 981 77 36 that
1104 982 101 34 letter
1215 982 59 34 the
1285 981 106 35 Carrs
1402 980 112 35 stated

303 1033 81 44 they
393 1033 113 34 would
517 1033 60 34 sell
588 1032 59 35 the
655 1038 172 38 property,
838 1031 163 45 provided
1012 1031 59 35 the
1079 1031 129 45 parties
1217 1031 114 34 would
1341 1030 175 44 negotiate

302 1083 165 43 seriously
484 1082 68 35 and
568 1082 135 44 subject
718 1087 35 31 to
769 1082 131 35 certain
916 1081 203 35 conditions.
1137 1081 83 34 This
1236 1081 28 34 is
1280 1086 60 30 not
1356 1092 44 23 an
1416 1080 97 41 offer,

303 1133 129 43 merely
452 1143 44 24 an
517 1132 180 35 invitation
718 1137 35 29 to
773 1132 88 34 deal.

485 1213 75 34 The
580 1212 122 41 words,
724 1211 144 35 “decide
888 1216 36 30 to
944 1211 83 35 sell”
1050 1222 38 24 as
1108 1211 85 34 used
1214 1211 35 34 in
1270 1210 68 35 this
1359 1215 156 30 contract

302 1262 113 35 would
429 1267 60 29 not
501 1262 207 44 necessarily
721 1262 136 44 require
870 1272 20 24 a
903 1262 78 34 firm
994 1261 87 35 offer
1094 1266 35 29 to
1143 1260 59 35 the
1214 1261 118 44 option
1345 1260 119 35 holder
1477 1271 38 24 or

303 1323 67 33 any
381 1312 92 35 third
484 1317 101 39 party
595 1317 36 29 to
641 1312 236 34 demonstrate
887 1312 85 34 such
983 1322 44 23 an
1038 1311 169 35 intention
1218 1310 69 35 and
1298 1310 109 35 under
1417 1310 98 36 other

302 1362 268 34 circumstances
583 1372 44 24 an
639 1362 180 34 invitation
831 1366 36 29 to
878 1360 78 35 deal
968 1361 112 43 might
1091 1361 43 34 be
1145 1360 171 36 sufficient
1327 1366 35 29 to
1373 1360 140 34 demon­

303 1416 107 30 strate
422 1422 20 23 a
454 1411 152 35 decision
617 1415 36 30 to
665 1411 72 40 sell,
752 1410 73 44 (see
836 1412 105 42 Long,
954 1421 123 33 supra;
1090 1412 141 37 Turner,
1244 1409 124 44 supra)
1383 1410 62 34 but
1456 1410 59 34 the

303 1471 96 24 cases
411 1466 91 29 must
515 1466 78 29 turn
606 1471 43 24 on
662 1460 59 34 the
732 1465 138 29 context
882 1460 39 34 of
929 1460 59 34 the
998 1459 91 35 facts
1100 1470 39 24 as
1150 1459 75 35 well
1238 1470 38 23 as
1288 1458 59 36 the
1357 1458 111 35 words
1479 1459 39 34 of

303 1511 85 33 each
403 1520 89 24 case.
509 1509 131 35 Corbin
654 1520 44 24 on
713 1509 196 41 Contracts,
927 1510 18 42 §
962 1510 103 34 261A
1081 1508 137 43 (1963).
1235 1510 105 40 Here,
1355 1519 51 24 we
1420 1508 95 35 don’t

303 1559 71 35 find
386 1560 59 33 the
456 1559 162 34 evidence
630 1559 205 43 sufficiently
847 1558 197 44 persuasive
1055 1564 36 29 to
1102 1559 104 34 reach
1218 1558 77 34 that
1306 1557 208 35 conclusion.

393 1638 179 43 Although
593 1649 20 23 a
634 1638 207 42 willingness
861 1643 36 29 to
917 1638 61 34 sell
998 1638 80 43 only
1098 1642 36 30 at
1155 1648 20 23 a
1195 1637 121 43 higher
1336 1638 93 43 price
1449 1647 65 24 can

303 1688 162 34 evidence
481 1699 20 23 a
517 1687 151 35 decision
684 1693 36 29 to
736 1688 72 40 sell,
824 1698 51 23 we
891 1692 127 30 cannot
1034 1686 167 36 conclude
1216 1686 91 35 from
1323 1687 59 34 the
1397 1686 116 35 Carrs’

303 1737 125 35 second
441 1738 100 34 letter
553 1737 77 35 that
641 1737 68 35 this
721 1748 70 24 was
804 1737 59 35 the
874 1747 80 25 case
965 1737 114 35 where
1090 1737 98 34 there
1199 1747 70 24 was
1281 1737 80 43 only
1372 1747 45 23 an
1428 1736 87 35 offer

303 1792 35 29 to
349 1787 184 43 negotiate.
546 1788 31 34 It
587 1798 81 33 may
678 1787 88 34 have
776 1787 87 35 been
873 1786 77 35 that
960 1786 60 35 the
1030 1787 116 34 Carrs’
1158 1787 81 43 plan
1249 1797 70 23 was
1330 1791 36 30 to
1376 1786 60 34 sell
1447 1791 36 29 at
1493 1797 21 23 a

303 1837 121 44 higher
444 1838 103 43 price,
568 1837 62 35 but
649 1837 100 43 given
769 1837 59 35 the
847 1836 270 35 circumstances
1136 1835 40 35 of
1192 1836 59 35 the
1270 1846 79 25 case
1369 1835 67 35 and
1457 1836 59 35 the

303 1887 171 44 language
494 1887 94 41 used,
610 1898 50 24 we
679 1886 102 36 could
801 1887 81 43 only
900 1886 177 45 speculate
1096 1897 37 24 as
1154 1891 36 30 to
1210 1886 89 35 their
1317 1885 142 35 motives
1479 1886 35 35 in

303 1937 143 43 sending
465 1938 59 34 the
541 1937 126 35 second
686 1937 110 35 letter.
816 1937 57 34 On
892 1937 59 34 the
968 1936 120 35 record
1107 1935 181 45 presented
1306 1941 35 30 to
1359 1936 59 34 the
1435 1936 79 34 trial

303 1993 99 28 court
414 1987 60 34 the
487 1987 162 34 evidence
661 1998 70 23 was
745 1986 208 35 insufficient
966 1991 35 30 to
1015 1986 93 35 show
1122 1986 76 34 that
1211 1986 60 34 the
1284 1986 105 34 Carrs
1402 1985 113 35 would

303 2048 77 23 ever
399 2037 42 34 be
457 2037 128 42 willing
602 2041 36 30 to
656 2036 72 41 sell,
747 2036 191 43 regardless
956 2035 40 35 of
1009 2036 104 43 price.
1133 2036 65 34 We
1214 2041 127 29 cannot
1359 2034 80 35 hold
1457 2035 58 34 the

303 2086 224 35 chancellor’s
547 2086 132 43 finding
699 2086 35 34 in
754 2086 68 34 this
842 2086 125 42 regard
986 2096 70 24 was
1077 2085 128 44 clearly
1225 2095 193 24 erroneous.

393 2164 180 35 Affirmed.

394 2244 161 34 George
576 2244 100 34 Rose
696 2244 131 40 Smith,
849 2244 42 40 J.,
913 2243 157 35 dissents.

394 2324 159 40 Purtle,
575 2323 42 40 J.,
638 2328 60 29 not
718 2322 255 44 participating.

395 2402 161 35 George
581 2403 100 34 Rose
706 2402 131 41 Smith,
863 2402 142 40 Justice,

1030 2401 200 43 dissenting.
1257 2400 74 36 The
1355 2400 161 44 majority
