1655 2684
311 277 112 34 506-B

401 1391 99 34 Jack
529 1391 119 40 Holt,
676 1391 69 40 Jr.,
773 1390 108 34 Chief
905 1390 140 34 Justice.

1073 1390 75 34 The
1175 1390 193 43 appellants
1395 1389 80 35 filed
1502 1401 20 23 a

310 1440 144 44 petition
467 1439 53 35 for
532 1440 182 43 rehearing
726 1439 208 43 contending
947 1439 35 34 in
994 1445 78 38 part
1083 1440 77 34 that
1171 1451 51 23 we
1234 1439 98 35 erred
1344 1439 45 44 by
1402 1439 121 44 failing

310 1495 36 29 to
367 1489 141 35 address
530 1489 58 34 the
609 1490 158 44 question
788 1489 39 35 of
844 1489 154 35 whether
1019 1490 59 34 the
1099 1490 103 34 HUE
1222 1494 59 30 tax
1301 1489 143 35 violates
1465 1490 59 34 the

311 1540 179 43 privileges
533 1538 68 35 and
643 1539 213 35 immunities
897 1539 117 34 clause
1055 1539 40 35 of
1133 1540 60 34 the
1234 1539 131 35 United
1407 1539 116 35 States

311 1589 247 34 Constitution.

402 1732 38 33 In
459 1731 58 34 the
533 1731 150 44 opinion,
701 1743 51 23 we
768 1731 206 44 incorrectly
989 1731 109 35 found
1116 1731 58 35 the
1190 1731 194 44 appellants
1401 1731 121 35 lacked

310 1781 161 42 standing
486 1786 35 29 to
537 1781 89 34 raise
640 1782 67 33 this
723 1786 183 38 argument
921 1781 93 34 since
1029 1782 45 33 all
1089 1781 40 34 of
1140 1781 59 34 the
1213 1780 127 35 named
1355 1781 167 43 plaintiff's

310 1842 59 23 are
392 1830 235 44 corporations
651 1830 68 35 and
743 1831 59 34 the
825 1830 179 44 privileges
1028 1830 69 35 and
1120 1829 212 35 immunities
1355 1830 117 35 clause
1495 1830 27 34 is

310 1880 231 43 inapplicable
561 1885 35 29 to
616 1880 246 44 corporations.

494 2021 206 43 Appellants
718 2021 170 34 maintain
906 2020 34 35 in
958 2020 89 35 their
1064 2021 144 44 petition
1226 2020 77 35 that
1320 2020 59 35 the
1396 2021 126 43 parties

311 2071 69 34 had
403 2070 186 44 stipulated
612 2071 77 35 that
711 2071 97 34 there
829 2081 90 24 were
941 2075 67 30 two
1031 2070 206 35 individuals
1260 2069 126 35 named
1409 2069 34 36 in
1465 2071 59 34 the

311 2120 189 44 complaint
509 2131 38 23 as
557 2120 268 44 representative
834 2120 193 44 appellants
1037 2121 76 34 who
1123 2131 89 23 were
1221 2131 37 23 so
1267 2119 127 35 named
1403 2119 53 35 for
1465 2120 59 34 the

310 2181 148 33 purpose
468 2170 39 34 of
516 2170 127 44 raising
655 2171 68 34 this
735 2170 100 34 issue.
847 2170 75 34 The
933 2170 207 43 respondent
1151 2175 106 29 states
1269 2170 76 34 that
1356 2169 68 34 this
1435 2170 28 34 is
1474 2181 46 23 so.

310 2219 244 44 Accordingly,
576 2230 51 24 we
648 2220 110 34 admit
779 2230 94 24 error
894 2219 69 35 and
984 2219 142 35 address
1147 2220 67 34 this
1236 2219 158 44 question
1415 2229 44 24 on
1480 2220 42 34 its

311 2270 128 33 merits.

541 2410 75 35 The
635 2411 180 44 privileges
836 2409 68 36 and
925 2409 212 36 immunities
1157 2410 118 34 clause
1294 2409 166 44 provides:
