1648 2680
291 419 99 34 1984.
409 417 74 35 The
500 422 98 29 court
616 416 145 44 granted
779 415 145 44 custody
941 415 39 34 of
995 415 59 34 the
1071 414 155 35 children
1243 419 36 29 to
1297 414 59 34 the
1373 413 125 41 father,

287 468 134 43 subject
432 473 35 29 to
478 466 162 44 specified
650 466 174 35 visitation
835 465 190 44 privileges.
1039 466 39 33 In
1089 464 59 35 the
1159 464 102 34 latter
1272 469 78 38 part
1360 463 40 34 of
1412 464 88 33 1984

287 517 188 35 Shaddock
483 517 112 42 began
604 516 104 43 living
717 516 82 34 with
808 515 52 34 his
869 515 74 34 first
951 515 130 40 cousin,
1091 515 104 33 Anna
1205 514 115 33 Frank
1328 513 170 40 Delozier,

287 567 77 33 who
373 577 70 23 was
453 566 132 42 getting
596 576 20 23 a
626 565 146 34 divorce.
784 564 103 34 After
897 565 76 33 that
983 564 137 34 divorce
1129 574 69 23 was
1209 562 146 43 granted
1364 562 59 34 the
1433 567 67 29 two

287 615 136 34 cousins
434 614 150 35 married
594 615 34 33 in
638 614 190 40 Arkansas,
839 618 60 29 not
908 613 160 42 knowing
1077 613 77 33 that
1164 612 85 34 such
1259 622 20 23 a
1289 611 174 42 marriage
1472 611 28 33 is

288 664 194 44 prohibited
502 664 45 42 by
566 663 178 34 Arkansas
764 663 75 33 law.
860 662 85 34 Ark.
966 662 89 33 Stat.
1076 662 92 33 Ann.
1190 661 18 42 §
1231 662 127 32 55-103
1383 660 115 43 (Repl.

292 713 116 42 1971).

287 278 68 33 482

379 790 39 34 In
439 790 90 43 July,
553 790 99 40 1985,
673 789 59 34 the
751 793 137 39 present
907 787 145 45 petition
1071 798 70 23 was
1161 786 91 42 filed,
1272 786 150 43 alleging
1442 786 59 34 the

288 841 196 34 incestuous
512 839 173 43 marriage
713 849 37 24 as
778 849 20 24 a
827 837 133 45 ground
989 837 53 35 for
1070 848 20 24 a
1119 837 134 43 change
1280 836 39 35 of
1344 836 154 43 custody.

288 890 188 35 Shaddock
484 889 68 35 and
562 889 52 34 his
623 889 119 34 cousin
751 888 174 44 promptly
934 887 69 35 had
1012 887 89 35 their
1111 887 173 43 marriage
1292 886 164 35 annulled
1465 886 35 34 in

287 940 179 34 Arkansas
490 939 68 35 and
583 938 103 35 made
709 949 20 24 a
753 938 68 44 trip
845 943 36 29 to
904 938 111 34 Texas
1040 937 53 34 for
1117 937 59 34 the
1199 937 71 34 sole
1294 947 148 33 purpose
1465 935 39 35 of

288 989 214 44 remarrying
515 989 107 40 there,
636 988 84 35 such
734 988 189 43 marriages
935 992 60 30 not
1008 987 102 43 being
1123 986 195 45 prohibited
1331 986 45 43 by
1388 987 112 33 Texas

288 1040 76 34 law.
378 1039 74 35 The
464 1039 205 44 appellant’s
682 1043 200 38 arguments
895 1048 59 24 are
966 1036 182 45 presented
1161 1047 37 24 as
1211 1036 98 34 three
1321 1036 113 44 points
1447 1035 53 35 for

288 1089 159 41 reversal,
457 1089 62 34 but
528 1088 197 44 essentially
734 1088 58 34 the
801 1088 109 43 single
918 1087 199 35 contention
1126 1087 27 34 is
1163 1087 76 34 that
1248 1086 60 34 the
1316 1086 184 44 appellee’s

288 1139 211 43 remarriage
519 1149 69 24 was
609 1149 20 24 a
650 1138 170 34 sufficient
840 1138 91 34 basis
952 1137 53 34 for
1025 1148 20 23 a
1066 1137 134 42 change
1219 1136 40 34 of
1275 1135 156 44 custody.

472 1216 66 34 We
557 1215 88 35 have
664 1226 44 23 no
729 1214 108 35 doubt
857 1214 76 34 that
953 1214 59 34 the
1031 1213 179 35 Arkansas
1231 1213 113 44 policy
1364 1212 137 43 against

288 1266 109 34 incest
412 1265 28 35 is
455 1276 37 24 so
508 1270 117 38 strong
641 1265 77 34 that
733 1275 50 24 we
798 1264 112 35 would
926 1269 60 29 not
1001 1263 181 43 recognize
1196 1263 59 34 the
1269 1262 144 44 validity
1428 1262 39 34 of
1480 1273 20 23 a

289 1315 182 43 marriage,
486 1325 83 23 even
582 1314 29 34 if
621 1314 196 44 performed
831 1314 33 33 in
878 1313 144 34 another
1035 1318 101 35 state,
1149 1313 155 34 between
1316 1323 81 32 very
1409 1312 92 34 close

289 1364 101 34 blood
407 1364 169 40 relatives,
592 1364 85 33 such
693 1374 38 23 as
747 1374 20 23 a
783 1363 115 34 father
914 1362 68 35 and
998 1362 172 43 daughter
1185 1373 38 23 or
1239 1373 20 23 a
1276 1362 139 33 brother
1431 1361 69 34 and

288 1414 109 33 sister.
415 1413 75 34 The
506 1413 162 43 majority
683 1412 96 40 view,
797 1412 166 40 however,
981 1412 34 34 in
1033 1417 106 29 states
1156 1411 198 42 forbidding
1372 1421 20 24 a
1409 1421 90 23 mar­

288 1463 96 43 riage
393 1463 153 34 between
556 1462 73 34 first
639 1462 147 40 cousins,
796 1461 27 35 is
833 1461 77 35 that
919 1461 84 34 such
1013 1472 20 23 a
1043 1461 174 42 marriage
1225 1460 81 34 does
1316 1465 60 29 not
1385 1465 116 29 create

289 1512 127 35 “much
428 1512 105 34 social
544 1512 145 40 alarm,”
701 1522 37 24 so
749 1511 77 35 that
836 1511 60 34 the
906 1511 173 42 marriage
1089 1510 68 35 will
1168 1510 44 34 be
1222 1509 204 44 recognized
1437 1509 30 34 if
1475 1509 26 34 it

289 1573 69 23 was
373 1562 92 34 valid
481 1562 45 43 by
542 1562 58 34 the
616 1562 65 34 law
698 1561 39 34 of
750 1561 59 35 the
824 1566 90 29 state
930 1561 34 34 in
980 1560 113 34 which
1109 1560 26 34 it
1151 1560 82 34 took
1248 1560 108 44 place.
1375 1559 124 41 Leflar,

288 1612 188 34 American
497 1611 167 34 Conflicts
685 1612 93 39 Law,
802 1611 17 42 §
842 1612 63 32 221
932 1610 62 43 (3d
1014 1610 53 34 ed.
1093 1609 117 43 1977).

380 1689 39 33 In
432 1688 59 34 the
503 1698 80 24 case
596 1693 36 29 at
645 1688 63 34 bar
721 1688 58 34 the
792 1687 196 34 chancellor
1001 1697 69 24 was
1084 1686 92 43 right
1189 1687 34 33 in
1237 1686 132 43 relying
1381 1696 44 24 on
1438 1696 63 24 our

288 1738 152 34 decision
463 1738 35 34 in
520 1738 103 34 State
644 1749 31 23 v.
701 1738 141 40 Graves,
867 1737 66 34 228
958 1736 85 35 Ark.
1069 1737 79 40 378,
1174 1737 66 33 307
1265 1735 143 35 S.W.2d
1434 1736 65 33 545

291 1787 137 44 (1957).
439 1788 92 34 That
540 1798 80 24 case
629 1786 156 36 involved
796 1798 20 23 a
826 1786 173 43 marriage
1009 1786 155 35 between
1174 1797 21 23 a
1209 1785 214 44 17-year-old
1434 1785 67 44 boy

289 1837 69 35 and
372 1849 20 23 a
410 1837 213 44 13-year-old
637 1837 75 43 girl,
727 1836 112 35 which
853 1847 69 24 was
936 1837 82 33 then
1032 1836 162 34 declared
1208 1836 45 43 by
1266 1840 130 30 statute
1409 1840 35 30 to
1458 1835 43 34 be

290 1887 215 43 “absolutely
517 1886 112 35 void.”
644 1888 70 33 Act
729 1888 44 33 32
787 1886 39 34 of
841 1887 99 34 1941.
955 1886 74 34 The
1042 1896 115 33 young
1170 1885 133 44 couple,
1319 1895 180 33 accompa-

288 1937 79 34 nied
391 1937 45 43 by
458 1937 59 34 the
540 1937 95 42 boy’s
659 1936 115 34 father
797 1935 69 35 and
889 1936 59 34 the
971 1936 93 42 girl’s
1088 1940 150 39 parents,
1262 1934 70 35 had
1355 1945 87 32 gone
1464 1939 36 29 to

289 1986 209 43 Mississippi
521 1986 53 34 for
596 1986 59 34 the
677 1986 184 42 marriage,
884 1985 114 34 where
1020 1985 27 34 it
1068 1996 70 23 was
1160 1984 103 35 valid.
1287 1984 102 34 After
1410 1984 89 34 their

288 2040 118 29 return
417 2040 35 29 to
462 2035 178 34 Arkansas
651 2045 20 24 a
682 2035 128 42 charge
820 2034 39 34 of
866 2034 235 42 contributing
1112 2039 35 29 to
1157 2034 60 33 the
1227 2033 227 43 delinquency
1464 2033 39 33 of

288 2085 60 33 the
366 2084 111 34 minor
496 2084 64 42 girl
579 2095 70 22 was
668 2083 81 34 filed
768 2083 137 43 against
924 2083 59 34 the
1001 2083 67 43 boy
1087 2083 69 34 and
1175 2082 136 43 against
1330 2082 59 34 the
1407 2082 92 42 girl’s

289 2138 149 39 parents.
450 2133 74 34 The
536 2133 78 34 trial
625 2138 109 35 court,
746 2133 145 34 without
903 2143 20 23 a
931 2132 91 43 jury,
1034 2132 108 34 found
1154 2132 59 34 the
1224 2131 205 35 defendants
1441 2136 59 29 not

289 2183 119 43 guilty.
429 2183 75 34 The
523 2182 100 35 State
643 2182 178 44 appealed.

380 2260 39 34 In
435 2260 173 43 affirming
623 2259 59 35 the
693 2259 185 44 judgment
893 2270 52 23 we
960 2258 222 44 emphasized
1197 2258 59 35 the
1271 2258 73 34 fact
1359 2258 76 34 that
1450 2269 51 23 we

289 2310 69 34 had
374 2320 44 24 no
434 2315 130 29 statute
579 2309 176 43 declaring
771 2309 85 34 such
873 2320 44 23 an
933 2308 176 44 underage
1125 2308 173 43 marriage
1313 2313 36 29 to
1365 2308 43 34 be
1422 2307 79 35 void

288 2360 99 34 when
399 2359 196 44 performed
607 2359 194 34 elsewhere.
813 2360 51 33 To
875 2359 59 34 the
945 2363 172 39 contrary,
1129 2369 62 23 our
1202 2358 113 44 policy
1326 2358 27 34 is
1365 2357 135 35 ordina-

289 2409 64 43 rily
363 2414 36 29 to
409 2409 76 43 give
495 2409 103 34 effect
608 2414 36 29 to
655 2419 20 24 a
686 2409 173 42 marriage
868 2409 77 33 that
955 2419 70 23 was
1035 2407 92 35 valid
1138 2408 35 34 in
1183 2408 59 34 the
1252 2412 90 30 state
1352 2407 113 34 where
1475 2407 26 34 it
