<?xml version='1.0' encoding='utf-8'?>
<alto xmlns="http://www.loc.gov/standards/alto/ns-v3#">
  <!--Created by Innodata R.E.D. RLI tool: 2017-04-25 06:27:28.301030-->
  <Description>
    <MeasurementUnit>pixel</MeasurementUnit>
    <sourceImageInformation>
      <fileName>32044078577194_00188_1.tif</fileName>
    </sourceImageInformation>
    <OCRProcessing ID="OP_1">
      <ocrProcessingStep>
        <processingStepDescription>Alto coordinates refer to the deskewed TIFF file. 
		To convert point (x, y) to original image (TIFF or JP2) apply transformation matrix T=(m00, m01, m10, m11, b0, b1) using the rule:
			T * (x,y) = (m00 * x + m01 * y + b0), (m10 * x + m11 * y + b1)</processingStepDescription>
        <processingStepSettings>RED.transform=(0.999995500003375, 0.002999995500002025, -0.002999995500002025, 0.999995500003375, -7.531999999999961, 0.4839999999999236)</processingStepSettings>
      </ocrProcessingStep>
    </OCRProcessing>
  </Description>
  <Styles>
    <TextStyle FONTFAMILY="Times New Roman" FONTSIZE="10.50" FONTSTYLE="bold" FONTTYPE="serif" FONTWIDTH="proportional" ID="Style_2"/>
    <TextStyle FONTFAMILY="Times New Roman" FONTSIZE="10.50" FONTSTYLE="bold smallcaps" FONTTYPE="serif" FONTWIDTH="proportional" ID="Style_3"/>
    <TextStyle FONTFAMILY="Times New Roman" FONTSIZE="11.00" FONTTYPE="serif" FONTWIDTH="proportional" ID="Style_4"/>
    <TextStyle FONTFAMILY="Times New Roman" FONTSIZE="11.00" FONTSTYLE="italics" FONTTYPE="serif" FONTWIDTH="proportional" ID="Style_5"/>
  </Styles>
  <Tags>
    <StructureTag ID="AY-" LABEL="citation"/>
    <StructureTag ID="b375-10" LABEL="p"/>
    <StructureTag ID="b376-4" LABEL="pagelabel"/>
    <StructureTag ID="b376-6" LABEL="p"/>
    <StructureTag ID="b376-7" LABEL="p"/>
    <StructureTag ID="b376-8" LABEL="p"/>
    <StructureTag ID="b376-9" LABEL="judges"/>
    <StructureTag ID="b376-10" LABEL="p"/>
    <StructureTag ID="b376-12" LABEL="author"/>
    <StructureTag ID="AYt" LABEL="p"/>
    <StructureTag ID="b376-13" LABEL="p"/>
    <StructureTag ID="b376-14" LABEL="p"/>
    <StructureTag ID="b376-15" LABEL="p"/>
  </Tags>
  <Layout>
    <Page HEIGHT="2692" ID="PG_376" PHYSICAL_IMG_NR="376" WIDTH="1663">
      <PrintSpace HEIGHT="2692" HPOS="0" ID="PS_376" VPOS="0" WIDTH="1663">
        <TextBlock HEIGHT="35.0" HPOS="1188.0" ID="BL_376.1" TAGREFS="AY-" VPOS="1258.0" WIDTH="316.0">
          <TextLine HEIGHT="35" HPOS="1188" ID="TL_376.1.1" VPOS="1258" WIDTH="316">
            <String CONTENT="713" HEIGHT="32" HPOS="1188" ID="ST_376.1.1.1" STYLEREFS="Style_4" VPOS="1260" WIDTH="66" WC="0.92" CC="000" TAGREFS=""/>
            <SP HPOS="1254" ID="SP_376.1.1.2" VPOS="1258" WIDTH="22"/>
            <String CONTENT="S.W.2d" HEIGHT="35" HPOS="1276" ID="ST_376.1.1.3" STYLEREFS="Style_4" VPOS="1258" WIDTH="143" WC="0.99" CC="000000" TAGREFS=""/>
            <SP HPOS="1419" ID="SP_376.1.1.4" VPOS="1259" WIDTH="21"/>
            <String CONTENT="451" HEIGHT="34" HPOS="1440" ID="ST_376.1.1.5" STYLEREFS="Style_4" VPOS="1259" WIDTH="64" WC="0.77" CC="000" TAGREFS=""/>
          </TextLine>
        </TextBlock>
        <TextBlock HEIGHT="96.0" HPOS="296.0" ID="BL_376.2" TAGREFS="b375-10" VPOS="400.0" WIDTH="1212.0">
          <TextLine HEIGHT="46" HPOS="296" ID="TL_376.2.1" VPOS="400" WIDTH="1212">
            <String CONTENT="reading" HEIGHT="43" HPOS="296" ID="ST_376.2.1.1" STYLEREFS="Style_4" VPOS="403" WIDTH="142" WC="0.98" CC="0000000" TAGREFS=""/>
            <SP HPOS="438" ID="SP_376.2.1.2" VPOS="402" WIDTH="14"/>
            <String CONTENT="of" HEIGHT="35" HPOS="452" ID="ST_376.2.1.3" STYLEREFS="Style_4" VPOS="402" WIDTH="39" WC="1.00" CC="00" TAGREFS=""/>
            <SP HPOS="491" ID="SP_376.2.1.4" VPOS="402" WIDTH="11"/>
            <String CONTENT="the" HEIGHT="35" HPOS="502" ID="ST_376.2.1.5" STYLEREFS="Style_4" VPOS="402" WIDTH="59" WC="1.00" CC="000" TAGREFS=""/>
            <SP HPOS="561" ID="SP_376.2.1.6" VPOS="402" WIDTH="13"/>
            <String CONTENT="law" HEIGHT="34" HPOS="574" ID="ST_376.2.1.7" STYLEREFS="Style_4" VPOS="402" WIDTH="64" WC="0.82" CC="000" TAGREFS=""/>
            <SP HPOS="638" ID="SP_376.2.1.8" VPOS="402" WIDTH="14"/>
            <String CONTENT="would" HEIGHT="35" HPOS="652" ID="ST_376.2.1.9" STYLEREFS="Style_4" VPOS="402" WIDTH="113" WC="0.88" CC="00000" TAGREFS=""/>
            <SP HPOS="765" ID="SP_376.2.1.10" VPOS="406" WIDTH="15"/>
            <String CONTENT="negate" HEIGHT="39" HPOS="780" ID="ST_376.2.1.11" STYLEREFS="Style_4" VPOS="406" WIDTH="124" WC="1.00" CC="000000" TAGREFS=""/>
            <SP HPOS="904" ID="SP_376.2.1.12" VPOS="401" WIDTH="14"/>
            <String CONTENT="its" HEIGHT="35" HPOS="918" ID="ST_376.2.1.13" STYLEREFS="Style_4" VPOS="401" WIDTH="43" WC="1.00" CC="000" TAGREFS=""/>
            <SP HPOS="961" ID="SP_376.2.1.14" VPOS="411" WIDTH="14"/>
            <String CONTENT="purpose" HEIGHT="34" HPOS="975" ID="ST_376.2.1.15" STYLEREFS="Style_4" VPOS="411" WIDTH="147" WC="1.00" CC="0000000" TAGREFS=""/>
            <SP HPOS="1122" ID="SP_376.2.1.16" VPOS="401" WIDTH="13"/>
            <String CONTENT="which" HEIGHT="34" HPOS="1135" ID="ST_376.2.1.17" STYLEREFS="Style_4" VPOS="401" WIDTH="112" WC="0.94" CC="00000" TAGREFS=""/>
            <SP HPOS="1247" ID="SP_376.2.1.18" VPOS="400" WIDTH="15"/>
            <String CONTENT="is" HEIGHT="35" HPOS="1262" ID="ST_376.2.1.19" STYLEREFS="Style_4" VPOS="400" WIDTH="27" WC="0.79" CC="00" TAGREFS=""/>
            <SP HPOS="1289" ID="SP_376.2.1.20" VPOS="405" WIDTH="14"/>
            <String CONTENT="to" HEIGHT="29" HPOS="1303" ID="ST_376.2.1.21" STYLEREFS="Style_4" VPOS="405" WIDTH="35" WC="1.00" CC="00" TAGREFS=""/>
            <SP HPOS="1338" ID="SP_376.2.1.22" VPOS="405" WIDTH="14"/>
            <String CONTENT="promote" HEIGHT="39" HPOS="1352" ID="ST_376.2.1.23" STYLEREFS="Style_4" VPOS="405" WIDTH="156" WC="0.88" CC="0000000" TAGREFS=""/>
          </TextLine>
          <TextLine HEIGHT="45" HPOS="296" ID="TL_376.2.2" VPOS="451" WIDTH="863">
            <String CONTENT="those" HEIGHT="35" HPOS="296" ID="ST_376.2.2.1" STYLEREFS="Style_4" VPOS="453" WIDTH="98" WC="1.00" CC="00000" TAGREFS=""/>
            <SP HPOS="394" ID="SP_376.2.2.2" VPOS="452" WIDTH="20"/>
            <String CONTENT="eligible" HEIGHT="44" HPOS="414" ID="ST_376.2.2.3" STYLEREFS="Style_4" VPOS="452" WIDTH="137" WC="0.96" CC="00000000" TAGREFS=""/>
            <SP HPOS="551" ID="SP_376.2.2.4" VPOS="452" WIDTH="20"/>
            <String CONTENT="who" HEIGHT="35" HPOS="571" ID="ST_376.2.2.5" STYLEREFS="Style_4" VPOS="452" WIDTH="76" WC="1.00" CC="000" TAGREFS=""/>
            <SP HPOS="647" ID="SP_376.2.2.6" VPOS="463" WIDTH="20"/>
            <String CONTENT="score" HEIGHT="24" HPOS="667" ID="ST_376.2.2.7" STYLEREFS="Style_4" VPOS="463" WIDTH="97" WC="0.91" CC="00000" TAGREFS=""/>
            <SP HPOS="764" ID="SP_376.2.2.8" VPOS="452" WIDTH="19"/>
            <String CONTENT="highest" HEIGHT="43" HPOS="783" ID="ST_376.2.2.9" STYLEREFS="Style_4" VPOS="452" WIDTH="136" WC="1.00" CC="0000000" TAGREFS=""/>
            <SP HPOS="919" ID="SP_376.2.2.10" VPOS="462" WIDTH="20"/>
            <String CONTENT="on" HEIGHT="24" HPOS="939" ID="ST_376.2.2.11" STYLEREFS="Style_4" VPOS="462" WIDTH="44" WC="1.00" CC="00" TAGREFS=""/>
            <SP HPOS="983" ID="SP_376.2.2.12" VPOS="451" WIDTH="20"/>
            <String CONTENT="the" HEIGHT="35" HPOS="1003" ID="ST_376.2.2.13" STYLEREFS="Style_4" VPOS="451" WIDTH="59" WC="1.00" CC="000" TAGREFS=""/>
            <SP HPOS="1062" ID="SP_376.2.2.14" VPOS="456" WIDTH="20"/>
            <String CONTENT="test." HEIGHT="30" HPOS="1082" ID="ST_376.2.2.15" STYLEREFS="Style_4" VPOS="456" WIDTH="77" WC="1.00" CC="00000" TAGREFS=""/>
          </TextLine>
        </TextBlock>
        <TextBlock HEIGHT="43.0" HPOS="1425.0" ID="BL_376.4" TAGREFS="b376-4" VPOS="260.0" WIDTH="80.0">
          <TextLine HEIGHT="43" HPOS="1425" ID="TL_376.4.1" VPOS="260" WIDTH="80">
            <String CONTENT="[288" HEIGHT="43" HPOS="1425" ID="ST_376.4.1.1" STYLEREFS="Style_4" VPOS="260" WIDTH="80" WC="0.95" CC="0000" TAGREFS=""/>
          </TextLine>
        </TextBlock>
        <TextBlock HEIGHT="343.0" HPOS="295.0" ID="BL_376.5" TAGREFS="b376-6" VPOS="528.0" WIDTH="1214.0">
          <TextLine HEIGHT="47" HPOS="388" ID="TL_376.5.1" VPOS="528" WIDTH="1120">
            <String CONTENT="The" HEIGHT="35" HPOS="526" ID="ST_376.5.1.3" STYLEREFS="Style_4" VPOS="530" WIDTH="75" WC="1.00" CC="000" TAGREFS=""/>
            <SP HPOS="601" ID="SP_376.5.1.4" VPOS="531" WIDTH="13"/>
            <String CONTENT="primary" HEIGHT="43" HPOS="614" ID="ST_376.5.1.5" STYLEREFS="Style_4" VPOS="531" WIDTH="152" WC="0.91" CC="0000000" TAGREFS=""/>
            <SP HPOS="766" ID="SP_376.5.1.6" VPOS="530" WIDTH="14"/>
            <String CONTENT="rule" HEIGHT="34" HPOS="780" ID="ST_376.5.1.7" STYLEREFS="Style_4" VPOS="530" WIDTH="74" WC="1.00" CC="0000" TAGREFS=""/>
            <SP HPOS="854" ID="SP_376.5.1.8" VPOS="529" WIDTH="12"/>
            <String CONTENT="of" HEIGHT="35" HPOS="866" ID="ST_376.5.1.9" STYLEREFS="Style_4" VPOS="529" WIDTH="40" WC="1.00" CC="00" TAGREFS=""/>
            <SP HPOS="906" ID="SP_376.5.1.10" VPOS="534" WIDTH="10"/>
            <String CONTENT="statutory" HEIGHT="39" HPOS="916" ID="ST_376.5.1.11" STYLEREFS="Style_4" VPOS="534" WIDTH="171" WC="0.98" CC="000000000" TAGREFS=""/>
            <SP HPOS="1087" ID="SP_376.5.1.12" VPOS="528" WIDTH="13"/>
            <String CONTENT="construction" HEIGHT="36" HPOS="1100" ID="ST_376.5.1.13" STYLEREFS="Style_4" VPOS="528" WIDTH="234" WC="0.93" CC="000000000000" TAGREFS=""/>
            <SP HPOS="1334" ID="SP_376.5.1.14" VPOS="528" WIDTH="13"/>
            <String CONTENT="is" HEIGHT="34" HPOS="1347" ID="ST_376.5.1.15" STYLEREFS="Style_4" VPOS="528" WIDTH="28" WC="1.00" CC="00" TAGREFS=""/>
            <SP HPOS="1375" ID="SP_376.5.1.16" VPOS="532" WIDTH="14"/>
            <String CONTENT="to" HEIGHT="31" HPOS="1389" ID="ST_376.5.1.17" STYLEREFS="Style_4" VPOS="532" WIDTH="35" WC="0.96" CC="00" TAGREFS=""/>
            <SP HPOS="1424" ID="SP_376.5.1.18" VPOS="528" WIDTH="13"/>
            <String CONTENT="find" HEIGHT="35" HPOS="1437" ID="ST_376.5.1.19" STYLEREFS="Style_4" VPOS="528" WIDTH="71" WC="0.85" CC="0000" TAGREFS=""/>
          </TextLine>
          <TextLine HEIGHT="45" HPOS="295" ID="TL_376.5.2" VPOS="579" WIDTH="1211">
            <String CONTENT="the" HEIGHT="34" HPOS="295" ID="ST_376.5.2.1" STYLEREFS="Style_4" VPOS="582" WIDTH="59" WC="0.80" CC="000" TAGREFS=""/>
            <SP HPOS="354" ID="SP_376.5.2.2" VPOS="581" WIDTH="12"/>
            <String CONTENT="intention" HEIGHT="34" HPOS="366" ID="ST_376.5.2.3" STYLEREFS="Style_4" VPOS="581" WIDTH="168" WC="0.88" CC="000000000" TAGREFS=""/>
            <SP HPOS="534" ID="SP_376.5.2.4" VPOS="580" WIDTH="12"/>
            <String CONTENT="of" HEIGHT="35" HPOS="546" ID="ST_376.5.2.5" STYLEREFS="Style_4" VPOS="580" WIDTH="40" WC="0.93" CC="00" TAGREFS=""/>
            <SP HPOS="586" ID="SP_376.5.2.6" VPOS="580" WIDTH="7"/>
            <String CONTENT="the" HEIGHT="35" HPOS="593" ID="ST_376.5.2.7" STYLEREFS="Style_4" VPOS="580" WIDTH="59" WC="0.94" CC="000" TAGREFS=""/>
            <SP HPOS="652" ID="SP_376.5.2.8" VPOS="581" WIDTH="12"/>
            <String CONTENT="legislature." HEIGHT="43" HPOS="664" ID="ST_376.5.2.9" STYLEREFS="Style_4" VPOS="581" WIDTH="208" WC="0.90" CC="000000000000" TAGREFS=""/>
            <SP HPOS="872" ID="SP_376.5.2.10" VPOS="581" WIDTH="12"/>
            <String CONTENT="Perry" HEIGHT="41" HPOS="884" ID="ST_376.5.2.11" STYLEREFS="Style_5" VPOS="581" WIDTH="107" WC="0.88" CC="00000" TAGREFS=""/>
            <SP HPOS="991" ID="SP_376.5.2.12" VPOS="580" WIDTH="13"/>
            <String CONTENT="County" HEIGHT="42" HPOS="1004" ID="ST_376.5.2.13" STYLEREFS="Style_5" VPOS="580" WIDTH="139" WC="1.00" CC="000000" TAGREFS=""/>
            <SP HPOS="1143" ID="SP_376.5.2.14" VPOS="591" WIDTH="10"/>
            <String CONTENT="v." HEIGHT="22" HPOS="1153" ID="ST_376.5.2.15" STYLEREFS="Style_4" VPOS="591" WIDTH="29" WC="0.74" CC="00" TAGREFS=""/>
            <SP HPOS="1182" ID="SP_376.5.2.16" VPOS="581" WIDTH="13"/>
            <String CONTENT="House," HEIGHT="38" HPOS="1195" ID="ST_376.5.2.17" STYLEREFS="Style_5" VPOS="581" WIDTH="134" WC="0.83" CC="000000" TAGREFS=""/>
            <SP HPOS="1329" ID="SP_376.5.2.18" VPOS="579" WIDTH="17"/>
            <String CONTENT="196" HEIGHT="34" HPOS="1346" ID="ST_376.5.2.19" STYLEREFS="Style_4" VPOS="579" WIDTH="63" WC="0.60" CC="990" TAGREFS=""/>
            <SP HPOS="1409" ID="SP_376.5.2.20" VPOS="579" WIDTH="12"/>
            <String CONTENT="Ark." HEIGHT="34" HPOS="1421" ID="ST_376.5.2.21" STYLEREFS="Style_4" VPOS="579" WIDTH="85" WC="0.85" CC="0000" TAGREFS=""/>
          </TextLine>
          <TextLine HEIGHT="44" HPOS="297" ID="TL_376.5.3" VPOS="628" WIDTH="1211">
            <String CONTENT="317," HEIGHT="38" HPOS="297" ID="ST_376.5.3.1" STYLEREFS="Style_4" VPOS="633" WIDTH="78" WC="0.98" CC="0000" TAGREFS=""/>
            <SP HPOS="375" ID="SP_376.5.3.2" VPOS="632" WIDTH="24"/>
            <String CONTENT="117" HEIGHT="32" HPOS="399" ID="ST_376.5.3.3" STYLEREFS="Style_4" VPOS="632" WIDTH="63" WC="1.00" CC="990" TAGREFS=""/>
            <SP HPOS="462" ID="SP_376.5.3.4" VPOS="630" WIDTH="20"/>
            <String CONTENT="S.W.2d" HEIGHT="34" HPOS="482" ID="ST_376.5.3.5" STYLEREFS="Style_4" VPOS="630" WIDTH="143" WC="1.00" CC="000990" TAGREFS=""/>
            <SP HPOS="625" ID="SP_376.5.3.6" VPOS="632" WIDTH="21"/>
            <String CONTENT="342" HEIGHT="33" HPOS="646" ID="ST_376.5.3.7" STYLEREFS="Style_4" VPOS="632" WIDTH="66" WC="0.91" CC="000" TAGREFS=""/>
            <SP HPOS="712" ID="SP_376.5.3.8" VPOS="629" WIDTH="21"/>
            <String CONTENT="(1938)." HEIGHT="43" HPOS="733" ID="ST_376.5.3.9" STYLEREFS="Style_4" VPOS="629" WIDTH="137" WC="1.00" CC="0000000" TAGREFS=""/>
            <SP HPOS="870" ID="SP_376.5.3.10" VPOS="629" WIDTH="21"/>
            <String CONTENT="When" HEIGHT="34" HPOS="891" ID="ST_376.5.3.11" STYLEREFS="Style_4" VPOS="629" WIDTH="112" WC="1.00" CC="0000" TAGREFS=""/>
            <SP HPOS="1003" ID="SP_376.5.3.12" VPOS="630" WIDTH="19"/>
            <String CONTENT="the" HEIGHT="34" HPOS="1022" ID="ST_376.5.3.13" STYLEREFS="Style_4" VPOS="630" WIDTH="60" WC="0.93" CC="000" TAGREFS=""/>
            <SP HPOS="1082" ID="SP_376.5.3.14" VPOS="630" WIDTH="17"/>
            <String CONTENT="language" HEIGHT="42" HPOS="1099" ID="ST_376.5.3.15" STYLEREFS="Style_4" VPOS="630" WIDTH="172" WC="1.00" CC="00000000" TAGREFS=""/>
            <SP HPOS="1271" ID="SP_376.5.3.16" VPOS="629" WIDTH="18"/>
            <String CONTENT="is" HEIGHT="33" HPOS="1289" ID="ST_376.5.3.17" STYLEREFS="Style_4" VPOS="629" WIDTH="28" WC="0.97" CC="00" TAGREFS=""/>
            <SP HPOS="1317" ID="SP_376.5.3.18" VPOS="628" WIDTH="18"/>
            <String CONTENT="clear," HEIGHT="41" HPOS="1335" ID="ST_376.5.3.19" STYLEREFS="Style_4" VPOS="628" WIDTH="103" WC="0.90" CC="000000" TAGREFS=""/>
            <SP HPOS="1438" ID="SP_376.5.3.20" VPOS="640" WIDTH="19"/>
            <String CONTENT="we" HEIGHT="22" HPOS="1457" ID="ST_376.5.3.21" STYLEREFS="Style_4" VPOS="640" WIDTH="51" WC="1.00" CC="00" TAGREFS=""/>
          </TextLine>
          <TextLine HEIGHT="41" HPOS="296" ID="TL_376.5.4" VPOS="678" WIDTH="1211">
            <String CONTENT="follow" HEIGHT="33" HPOS="296" ID="ST_376.5.4.1" STYLEREFS="Style_4" VPOS="681" WIDTH="114" WC="0.92" CC="000000" TAGREFS=""/>
            <SP HPOS="410" ID="SP_376.5.4.2" VPOS="680" WIDTH="25"/>
            <String CONTENT="it." HEIGHT="34" HPOS="435" ID="ST_376.5.4.3" STYLEREFS="Style_4" VPOS="680" WIDTH="35" WC="0.98" CC="000" TAGREFS=""/>
            <SP HPOS="470" ID="SP_376.5.4.4" VPOS="679" WIDTH="30"/>
            <String CONTENT="Walker" HEIGHT="34" HPOS="500" ID="ST_376.5.4.5" STYLEREFS="Style_5" VPOS="679" WIDTH="140" WC="1.00" CC="000000" TAGREFS=""/>
            <SP HPOS="640" ID="SP_376.5.4.6" VPOS="691" WIDTH="20"/>
            <String CONTENT="v." HEIGHT="22" HPOS="660" ID="ST_376.5.4.7" STYLEREFS="Style_4" VPOS="691" WIDTH="31" WC="0.97" CC="00" TAGREFS=""/>
            <SP HPOS="691" ID="SP_376.5.4.8" VPOS="679" WIDTH="24"/>
            <String CONTENT="Allred," HEIGHT="40" HPOS="715" ID="ST_376.5.4.9" STYLEREFS="Style_5" VPOS="679" WIDTH="135" WC="0.92" CC="0000000" TAGREFS=""/>
            <SP HPOS="850" ID="SP_376.5.4.10" VPOS="679" WIDTH="29"/>
            <String CONTENT="179" HEIGHT="33" HPOS="879" ID="ST_376.5.4.11" STYLEREFS="Style_4" VPOS="679" WIDTH="63" WC="1.00" CC="000" TAGREFS=""/>
            <SP HPOS="942" ID="SP_376.5.4.12" VPOS="679" WIDTH="25"/>
            <String CONTENT="Ark." HEIGHT="34" HPOS="967" ID="ST_376.5.4.13" STYLEREFS="Style_4" VPOS="679" WIDTH="84" WC="0.87" CC="0000" TAGREFS=""/>
            <SP HPOS="1051" ID="SP_376.5.4.14" VPOS="680" WIDTH="29"/>
            <String CONTENT="1104," HEIGHT="38" HPOS="1080" ID="ST_376.5.4.15" STYLEREFS="Style_4" VPOS="680" WIDTH="100" WC="0.91" CC="00000" TAGREFS=""/>
            <SP HPOS="1180" ID="SP_376.5.4.16" VPOS="679" WIDTH="24"/>
            <String CONTENT="20" HEIGHT="33" HPOS="1204" ID="ST_376.5.4.17" STYLEREFS="Style_4" VPOS="679" WIDTH="45" WC="0.80" CC="00" TAGREFS=""/>
            <SP HPOS="1249" ID="SP_376.5.4.18" VPOS="678" WIDTH="23"/>
            <String CONTENT="S.W.2d" HEIGHT="34" HPOS="1272" ID="ST_376.5.4.19" STYLEREFS="Style_4" VPOS="678" WIDTH="143" WC="0.95" CC="000000" TAGREFS=""/>
            <SP HPOS="1415" ID="SP_376.5.4.20" VPOS="679" WIDTH="29"/>
            <String CONTENT="116" HEIGHT="33" HPOS="1444" ID="ST_376.5.4.21" STYLEREFS="Style_4" VPOS="679" WIDTH="63" WC="1.00" CC="000" TAGREFS=""/>
          </TextLine>
          <TextLine HEIGHT="45" HPOS="298" ID="TL_376.5.5" VPOS="726" WIDTH="1211">
            <String CONTENT="(1929)." HEIGHT="43" HPOS="298" ID="ST_376.5.5.1" STYLEREFS="Style_4" VPOS="728" WIDTH="137" WC="0.96" CC="9990099" TAGREFS=""/>
            <SP HPOS="435" ID="SP_376.5.5.2" VPOS="729" WIDTH="14"/>
            <String CONTENT="The" HEIGHT="33" HPOS="449" ID="ST_376.5.5.3" STYLEREFS="Style_4" VPOS="729" WIDTH="74" WC="1.00" CC="000" TAGREFS=""/>
            <SP HPOS="523" ID="SP_376.5.5.4" VPOS="733" WIDTH="13"/>
            <String CONTENT="statutory" HEIGHT="38" HPOS="536" ID="ST_376.5.5.5" STYLEREFS="Style_4" VPOS="733" WIDTH="172" WC="1.00" CC="000000000" TAGREFS=""/>
            <SP HPOS="708" ID="SP_376.5.5.6" VPOS="729" WIDTH="13"/>
            <String CONTENT="language" HEIGHT="41" HPOS="721" ID="ST_376.5.5.7" STYLEREFS="Style_4" VPOS="729" WIDTH="171" WC="0.95" CC="00000000" TAGREFS=""/>
            <SP HPOS="892" ID="SP_376.5.5.8" VPOS="728" WIDTH="13"/>
            <String CONTENT="is" HEIGHT="33" HPOS="905" ID="ST_376.5.5.9" STYLEREFS="Style_4" VPOS="728" WIDTH="28" WC="0.90" CC="00" TAGREFS=""/>
            <SP HPOS="933" ID="SP_376.5.5.10" VPOS="728" WIDTH="13"/>
            <String CONTENT="clear" HEIGHT="33" HPOS="946" ID="ST_376.5.5.11" STYLEREFS="Style_4" VPOS="728" WIDTH="92" WC="1.00" CC="00000" TAGREFS=""/>
            <SP HPOS="1038" ID="SP_376.5.5.12" VPOS="728" WIDTH="13"/>
            <String CONTENT="that" HEIGHT="33" HPOS="1051" ID="ST_376.5.5.13" STYLEREFS="Style_4" VPOS="728" WIDTH="77" WC="0.96" CC="0000" TAGREFS=""/>
            <SP HPOS="1128" ID="SP_376.5.5.14" VPOS="727" WIDTH="12"/>
            <String CONTENT="promotions" HEIGHT="43" HPOS="1140" ID="ST_376.5.5.15" STYLEREFS="Style_4" VPOS="727" WIDTH="212" WC="0.94" CC="0000000000" TAGREFS=""/>
            <SP HPOS="1352" ID="SP_376.5.5.16" VPOS="726" WIDTH="13"/>
            <String CONTENT="shall" HEIGHT="35" HPOS="1365" ID="ST_376.5.5.17" STYLEREFS="Style_4" VPOS="726" WIDTH="87" WC="0.92" CC="00000" TAGREFS=""/>
            <SP HPOS="1452" ID="SP_376.5.5.18" VPOS="727" WIDTH="14"/>
            <String CONTENT="be" HEIGHT="33" HPOS="1466" ID="ST_376.5.5.19" STYLEREFS="Style_4" VPOS="727" WIDTH="43" WC="1.00" CC="00" TAGREFS=""/>
          </TextLine>
          <TextLine HEIGHT="44" HPOS="296" ID="TL_376.5.6" VPOS="775" WIDTH="1212">
            <String CONTENT="based" HEIGHT="34" HPOS="296" ID="ST_376.5.6.1" STYLEREFS="Style_4" VPOS="778" WIDTH="106" WC="0.98" CC="00000" TAGREFS=""/>
            <SP HPOS="402" ID="SP_376.5.6.2" VPOS="788" WIDTH="14"/>
            <String CONTENT="on" HEIGHT="24" HPOS="416" ID="ST_376.5.6.3" STYLEREFS="Style_4" VPOS="788" WIDTH="43" WC="0.81" CC="00" TAGREFS=""/>
            <SP HPOS="459" ID="SP_376.5.6.4" VPOS="778" WIDTH="15"/>
            <String CONTENT="the" HEIGHT="33" HPOS="474" ID="ST_376.5.6.5" STYLEREFS="Style_4" VPOS="778" WIDTH="59" WC="1.00" CC="000" TAGREFS=""/>
            <SP HPOS="533" ID="SP_376.5.6.6" VPOS="777" WIDTH="13"/>
            <String CONTENT="results" HEIGHT="35" HPOS="546" ID="ST_376.5.6.7" STYLEREFS="Style_4" VPOS="777" WIDTH="123" WC="0.99" CC="0000000" TAGREFS=""/>
            <SP HPOS="669" ID="SP_376.5.6.8" VPOS="777" WIDTH="13"/>
            <String CONTENT="of" HEIGHT="34" HPOS="682" ID="ST_376.5.6.9" STYLEREFS="Style_4" VPOS="777" WIDTH="39" WC="0.96" CC="00" TAGREFS=""/>
            <SP HPOS="721" ID="SP_376.5.6.10" VPOS="777" WIDTH="11"/>
            <String CONTENT="the" HEIGHT="34" HPOS="732" ID="ST_376.5.6.11" STYLEREFS="Style_4" VPOS="777" WIDTH="59" WC="1.00" CC="000" TAGREFS=""/>
            <SP HPOS="791" ID="SP_376.5.6.12" VPOS="776" WIDTH="13"/>
            <String CONTENT="examination" HEIGHT="35" HPOS="804" ID="ST_376.5.6.13" STYLEREFS="Style_4" VPOS="776" WIDTH="234" WC="0.98" CC="00000000000" TAGREFS=""/>
            <SP HPOS="1038" ID="SP_376.5.6.14" VPOS="776" WIDTH="14"/>
            <String CONTENT="and" HEIGHT="35" HPOS="1052" ID="ST_376.5.6.15" STYLEREFS="Style_4" VPOS="776" WIDTH="69" WC="0.91" CC="000" TAGREFS=""/>
            <SP HPOS="1121" ID="SP_376.5.6.16" VPOS="776" WIDTH="13"/>
            <String CONTENT="does" HEIGHT="34" HPOS="1134" ID="ST_376.5.6.17" STYLEREFS="Style_4" VPOS="776" WIDTH="81" WC="1.00" CC="0000" TAGREFS=""/>
            <SP HPOS="1215" ID="SP_376.5.6.18" VPOS="781" WIDTH="13"/>
            <String CONTENT="not" HEIGHT="29" HPOS="1228" ID="ST_376.5.6.19" STYLEREFS="Style_4" VPOS="781" WIDTH="61" WC="0.74" CC="000" TAGREFS=""/>
            <SP HPOS="1289" ID="SP_376.5.6.20" VPOS="775" WIDTH="13"/>
            <String CONTENT="provide" HEIGHT="44" HPOS="1302" ID="ST_376.5.6.21" STYLEREFS="Style_4" VPOS="775" WIDTH="140" WC="1.00" CC="0000000" TAGREFS=""/>
            <SP HPOS="1442" ID="SP_376.5.6.22" VPOS="776" WIDTH="13"/>
            <String CONTENT="for" HEIGHT="34" HPOS="1455" ID="ST_376.5.6.23" STYLEREFS="Style_4" VPOS="776" WIDTH="53" WC="0.91" CC="000" TAGREFS=""/>
          </TextLine>
          <TextLine HEIGHT="45" HPOS="296" ID="TL_376.5.7" VPOS="826" WIDTH="405">
            <String CONTENT="seniority" HEIGHT="44" HPOS="296" ID="ST_376.5.7.1" STYLEREFS="Style_4" VPOS="827" WIDTH="163" WC="0.96" CC="000000000" TAGREFS=""/>
            <SP HPOS="459" ID="SP_376.5.7.2" VPOS="838" WIDTH="21"/>
            <String CONTENT="as" HEIGHT="24" HPOS="480" ID="ST_376.5.7.3" STYLEREFS="Style_4" VPOS="838" WIDTH="37" WC="1.00" CC="00" TAGREFS=""/>
            <SP HPOS="517" ID="SP_376.5.7.4" VPOS="838" WIDTH="21"/>
            <String CONTENT="a" HEIGHT="24" HPOS="538" ID="ST_376.5.7.5" STYLEREFS="Style_4" VPOS="838" WIDTH="20" WC="1.00" CC="0" TAGREFS=""/>
            <SP HPOS="558" ID="SP_376.5.7.6" VPOS="826" WIDTH="21"/>
            <String CONTENT="factor." HEIGHT="36" HPOS="579" ID="ST_376.5.7.7" STYLEREFS="Style_4" VPOS="826" WIDTH="122" WC="1.00" CC="0000000" TAGREFS=""/>
          </TextLine>
        </TextBlock>
        <TextBlock HEIGHT="95.0" HPOS="296.0" ID="BL_376.6" TAGREFS="b376-7" VPOS="903.0" WIDTH="1213.0">
          <TextLine HEIGHT="45" HPOS="387" ID="TL_376.6.1" VPOS="903" WIDTH="1122">
            <String CONTENT="The" HEIGHT="34" HPOS="387" ID="ST_376.6.1.1" STYLEREFS="Style_4" VPOS="905" WIDTH="74" WC="0.98" CC="000" TAGREFS=""/>
            <SP HPOS="461" ID="SP_376.6.1.2" VPOS="904" WIDTH="13"/>
            <String CONTENT="judgment" HEIGHT="44" HPOS="474" ID="ST_376.6.1.3" STYLEREFS="Style_4" VPOS="904" WIDTH="185" WC="0.97" CC="00000000" TAGREFS=""/>
            <SP HPOS="659" ID="SP_376.6.1.4" VPOS="905" WIDTH="17"/>
            <String CONTENT="is" HEIGHT="35" HPOS="676" ID="ST_376.6.1.5" STYLEREFS="Style_4" VPOS="905" WIDTH="27" WC="0.89" CC="00" TAGREFS=""/>
            <SP HPOS="703" ID="SP_376.6.1.6" VPOS="904" WIDTH="18"/>
            <String CONTENT="reversed" HEIGHT="35" HPOS="721" ID="ST_376.6.1.7" STYLEREFS="Style_4" VPOS="904" WIDTH="156" WC="1.00" CC="00000000" TAGREFS=""/>
            <SP HPOS="877" ID="SP_376.6.1.8" VPOS="904" WIDTH="17"/>
            <String CONTENT="and" HEIGHT="35" HPOS="894" ID="ST_376.6.1.9" STYLEREFS="Style_4" VPOS="904" WIDTH="68" WC="0.94" CC="000" TAGREFS=""/>
            <SP HPOS="962" ID="SP_376.6.1.10" VPOS="904" WIDTH="18"/>
            <String CONTENT="the" HEIGHT="35" HPOS="980" ID="ST_376.6.1.11" STYLEREFS="Style_4" VPOS="904" WIDTH="58" WC="1.00" CC="000" TAGREFS=""/>
            <SP HPOS="1038" ID="SP_376.6.1.12" VPOS="915" WIDTH="16"/>
            <String CONTENT="cause" HEIGHT="24" HPOS="1054" ID="ST_376.6.1.13" STYLEREFS="Style_4" VPOS="915" WIDTH="104" WC="1.00" CC="00000" TAGREFS=""/>
            <SP HPOS="1158" ID="SP_376.6.1.14" VPOS="903" WIDTH="17"/>
            <String CONTENT="remanded" HEIGHT="35" HPOS="1175" ID="ST_376.6.1.15" STYLEREFS="Style_4" VPOS="903" WIDTH="189" WC="1.00" CC="00000000" TAGREFS=""/>
            <SP HPOS="1364" ID="SP_376.6.1.16" VPOS="903" WIDTH="17"/>
            <String CONTENT="for" HEIGHT="36" HPOS="1381" ID="ST_376.6.1.17" STYLEREFS="Style_4" VPOS="903" WIDTH="53" WC="1.00" CC="000" TAGREFS=""/>
            <SP HPOS="1434" ID="SP_376.6.1.18" VPOS="904" WIDTH="16"/>
            <String CONTENT="the" HEIGHT="35" HPOS="1450" ID="ST_376.6.1.19" STYLEREFS="Style_4" VPOS="904" WIDTH="59" WC="1.00" CC="000" TAGREFS=""/>
          </TextLine>
          <TextLine HEIGHT="44" HPOS="296" ID="TL_376.6.2" VPOS="954" WIDTH="805">
            <String CONTENT="trial" HEIGHT="34" HPOS="296" ID="ST_376.6.2.1" STYLEREFS="Style_4" VPOS="956" WIDTH="78" WC="0.87" CC="00000" TAGREFS=""/>
            <SP HPOS="374" ID="SP_376.6.2.2" VPOS="960" WIDTH="21"/>
            <String CONTENT="court" HEIGHT="29" HPOS="395" ID="ST_376.6.2.3" STYLEREFS="Style_4" VPOS="960" WIDTH="98" WC="0.96" CC="00000" TAGREFS=""/>
            <SP HPOS="493" ID="SP_376.6.2.4" VPOS="960" WIDTH="21"/>
            <String CONTENT="to" HEIGHT="29" HPOS="514" ID="ST_376.6.2.5" STYLEREFS="Style_4" VPOS="960" WIDTH="35" WC="0.86" CC="00" TAGREFS=""/>
            <SP HPOS="549" ID="SP_376.6.2.6" VPOS="960" WIDTH="20"/>
            <String CONTENT="enter" HEIGHT="29" HPOS="569" ID="ST_376.6.2.7" STYLEREFS="Style_4" VPOS="960" WIDTH="97" WC="0.95" CC="00000" TAGREFS=""/>
            <SP HPOS="666" ID="SP_376.6.2.8" VPOS="966" WIDTH="20"/>
            <String CONTENT="an" HEIGHT="24" HPOS="686" ID="ST_376.6.2.9" STYLEREFS="Style_4" VPOS="966" WIDTH="43" WC="0.76" CC="00" TAGREFS=""/>
            <SP HPOS="729" ID="SP_376.6.2.10" VPOS="954" WIDTH="22"/>
            <String CONTENT="appropriate" HEIGHT="44" HPOS="751" ID="ST_376.6.2.11" STYLEREFS="Style_4" VPOS="954" WIDTH="220" WC="0.95" CC="00000000000" TAGREFS=""/>
            <SP HPOS="971" ID="SP_376.6.2.12" VPOS="954" WIDTH="19"/>
            <String CONTENT="order." HEIGHT="35" HPOS="990" ID="ST_376.6.2.13" STYLEREFS="Style_4" VPOS="954" WIDTH="111" WC="0.94" CC="000000" TAGREFS=""/>
          </TextLine>
        </TextBlock>
        <TextBlock HEIGHT="35.0" HPOS="388.0" ID="BL_376.7" TAGREFS="b376-8" VPOS="1031.0" WIDTH="481.0">
          <TextLine HEIGHT="35" HPOS="388" ID="TL_376.7.1" VPOS="1031" WIDTH="481">
            <String CONTENT="Reversed" HEIGHT="35" HPOS="388" ID="ST_376.7.1.1" STYLEREFS="Style_4" VPOS="1031" WIDTH="172" WC="1.00" CC="00000000" TAGREFS=""/>
            <SP HPOS="560" ID="SP_376.7.1.2" VPOS="1032" WIDTH="21"/>
            <String CONTENT="and" HEIGHT="34" HPOS="581" ID="ST_376.7.1.3" STYLEREFS="Style_4" VPOS="1032" WIDTH="68" WC="1.00" CC="000" TAGREFS=""/>
            <SP HPOS="649" ID="SP_376.7.1.4" VPOS="1031" WIDTH="21"/>
            <String CONTENT="remanded." HEIGHT="35" HPOS="670" ID="ST_376.7.1.5" STYLEREFS="Style_4" VPOS="1031" WIDTH="199" WC="0.97" CC="000000000" TAGREFS=""/>
          </TextLine>
        </TextBlock>
        <TextBlock HEIGHT="45.0" HPOS="388.0" ID="BL_376.8" TAGREFS="b376-9" VPOS="1107.0" WIDTH="578.0">
          <TextLine HEIGHT="45" HPOS="388" ID="TL_376.8.1" VPOS="1107" WIDTH="578">
            <String CONTENT="Purtle," HEIGHT="39" HPOS="388" ID="ST_376.8.1.1" STYLEREFS="Style_3" VPOS="1110" WIDTH="159" WC="0.87" CC="0000000" TAGREFS=""/>
            <SP HPOS="547" ID="SP_376.8.1.2" VPOS="1109" WIDTH="21"/>
            <String CONTENT="J.," HEIGHT="39" HPOS="568" ID="ST_376.8.1.3" STYLEREFS="Style_4" VPOS="1109" WIDTH="42" WC="0.93" CC="099" TAGREFS=""/>
            <SP HPOS="610" ID="SP_376.8.1.4" VPOS="1114" WIDTH="22"/>
            <String CONTENT="not" HEIGHT="29" HPOS="632" ID="ST_376.8.1.5" STYLEREFS="Style_2" VPOS="1114" WIDTH="59" WC="0.95" CC="000" TAGREFS=""/>
            <SP HPOS="691" ID="SP_376.8.1.6" VPOS="1107" WIDTH="20"/>
            <String CONTENT="participating." HEIGHT="45" HPOS="711" ID="ST_376.8.1.7" STYLEREFS="Style_2" VPOS="1107" WIDTH="255" WC="0.98" CC="00000000000000" TAGREFS=""/>
          </TextLine>
        </TextBlock>
        <TextBlock HEIGHT="44.0" HPOS="572.0" ID="BL_376.9" TAGREFS="b376-10" VPOS="1193.0" WIDTH="661.0">
          <TextLine HEIGHT="44" HPOS="572" ID="TL_376.9.1" VPOS="1193" WIDTH="661">
            <String CONTENT="Rehearing" HEIGHT="43" HPOS="572" ID="ST_376.9.1.1" STYLEREFS="Style_4" VPOS="1194" WIDTH="197" WC="0.98" CC="000000000" TAGREFS=""/>
            <SP HPOS="769" ID="SP_376.9.1.2" VPOS="1193" WIDTH="21"/>
            <String CONTENT="Denied" HEIGHT="35" HPOS="790" ID="ST_376.9.1.3" STYLEREFS="Style_4" VPOS="1193" WIDTH="134" WC="1.00" CC="000000" TAGREFS=""/>
            <SP HPOS="924" ID="SP_376.9.1.4" VPOS="1194" WIDTH="20"/>
            <String CONTENT="April" HEIGHT="43" HPOS="944" ID="ST_376.9.1.5" STYLEREFS="Style_4" VPOS="1194" WIDTH="100" WC="0.96" CC="00000" TAGREFS=""/>
            <SP HPOS="1044" ID="SP_376.9.1.6" VPOS="1194" WIDTH="22"/>
            <String CONTENT="28," HEIGHT="40" HPOS="1066" ID="ST_376.9.1.7" STYLEREFS="Style_4" VPOS="1194" WIDTH="55" WC="0.89" CC="000" TAGREFS=""/>
            <SP HPOS="1121" ID="SP_376.9.1.8" VPOS="1194" WIDTH="25"/>
            <String CONTENT="1986" HEIGHT="34" HPOS="1146" ID="ST_376.9.1.9" STYLEREFS="Style_4" VPOS="1194" WIDTH="87" WC="1.00" CC="0000" TAGREFS=""/>
          </TextLine>
        </TextBlock>
        <TextBlock HEIGHT="41.0" HPOS="387.0" ID="BL_376.10" TAGREFS="b376-12" VPOS="1323.0" WIDTH="634.0">
          <TextLine HEIGHT="41" HPOS="387" ID="TL_376.10.1" VPOS="1323" WIDTH="634">
            <String CONTENT="Jack" HEIGHT="33" HPOS="387" ID="ST_376.10.1.1" STYLEREFS="Style_3" VPOS="1324" WIDTH="98" WC="0.72" CC="0000" TAGREFS=""/>
            <SP HPOS="485" ID="SP_376.10.1.2" VPOS="1324" WIDTH="29"/>
            <String CONTENT="Holt," HEIGHT="39" HPOS="514" ID="ST_376.10.1.3" STYLEREFS="Style_3" VPOS="1324" WIDTH="117" WC="0.71" CC="00000" TAGREFS=""/>
            <SP HPOS="631" ID="SP_376.10.1.4" VPOS="1325" WIDTH="26"/>
            <String CONTENT="Jr.," HEIGHT="39" HPOS="657" ID="ST_376.10.1.5" STYLEREFS="Style_3" VPOS="1325" WIDTH="68" WC="0.79" CC="0099" TAGREFS=""/>
            <SP HPOS="725" ID="SP_376.10.1.6" VPOS="1323" WIDTH="27"/>
            <String CONTENT="Chief" HEIGHT="34" HPOS="752" ID="ST_376.10.1.7" STYLEREFS="Style_4" VPOS="1323" WIDTH="108" WC="0.92" CC="00000" TAGREFS=""/>
            <SP HPOS="860" ID="SP_376.10.1.8" VPOS="1323" WIDTH="20"/>
            <String CONTENT="Justice," HEIGHT="40" HPOS="880" ID="ST_376.10.1.9" STYLEREFS="Style_4" VPOS="1323" WIDTH="141" WC="0.85" CC="00000000" TAGREFS=""/>
          </TextLine>
        </TextBlock>
        <TextBlock HEIGHT="44.0" HPOS="1047.0" ID="BL_376.11" TAGREFS="AYt" VPOS="1322.0" WIDTH="461.0">
          <TextLine HEIGHT="44" HPOS="1047" ID="TL_376.11.1" VPOS="1322" WIDTH="461">
            <String CONTENT="concurring." HEIGHT="42" HPOS="1047" ID="ST_376.11.1.1" STYLEREFS="Style_4" VPOS="1323" WIDTH="215" WC="0.79" CC="00000000000" TAGREFS=""/>
            <SP HPOS="1262" ID="SP_376.11.1.2" VPOS="1322" WIDTH="25"/>
            <String CONTENT="Although" HEIGHT="44" HPOS="1287" ID="ST_376.11.1.3" STYLEREFS="Style_4" VPOS="1322" WIDTH="180" WC="0.80" CC="00000000" TAGREFS=""/>
            <SP HPOS="1467" ID="SP_376.11.1.4" VPOS="1323" WIDTH="26"/>
            <String CONTENT="I" HEIGHT="34" HPOS="1493" ID="ST_376.11.1.5" STYLEREFS="Style_4" VPOS="1323" WIDTH="15" WC="0.42" CC="0" TAGREFS=""/>
          </TextLine>
        </TextBlock>
        <TextBlock HEIGHT="93.0" HPOS="296.0" ID="BL_376.12" TAGREFS="AYt" VPOS="1372.0" WIDTH="1213.0">
          <TextLine HEIGHT="44" HPOS="296" ID="TL_376.12.1" VPOS="1372" WIDTH="1213">
            <String CONTENT="concur" HEIGHT="23" HPOS="296" ID="ST_376.12.1.1" STYLEREFS="Style_4" VPOS="1384" WIDTH="128" WC="1.00" CC="000000" TAGREFS=""/>
            <SP HPOS="424" ID="SP_376.12.1.2" VPOS="1373" WIDTH="15"/>
            <String CONTENT="in" HEIGHT="34" HPOS="439" ID="ST_376.12.1.3" STYLEREFS="Style_4" VPOS="1373" WIDTH="34" WC="0.85" CC="00" TAGREFS=""/>
            <SP HPOS="473" ID="SP_376.12.1.4" VPOS="1373" WIDTH="16"/>
            <String CONTENT="the" HEIGHT="34" HPOS="489" ID="ST_376.12.1.5" STYLEREFS="Style_4" VPOS="1373" WIDTH="58" WC="1.00" CC="000" TAGREFS=""/>
            <SP HPOS="547" ID="SP_376.12.1.6" VPOS="1372" WIDTH="15"/>
            <String CONTENT="denial" HEIGHT="35" HPOS="562" ID="ST_376.12.1.7" STYLEREFS="Style_4" VPOS="1372" WIDTH="115" WC="0.98" CC="000000" TAGREFS=""/>
            <SP HPOS="677" ID="SP_376.12.1.8" VPOS="1373" WIDTH="15"/>
            <String CONTENT="of" HEIGHT="34" HPOS="692" ID="ST_376.12.1.9" STYLEREFS="Style_4" VPOS="1373" WIDTH="39" WC="1.00" CC="00" TAGREFS=""/>
            <SP HPOS="731" ID="SP_376.12.1.10" VPOS="1373" WIDTH="12"/>
            <String CONTENT="appellee’s" HEIGHT="43" HPOS="743" ID="ST_376.12.1.11" STYLEREFS="Style_4" VPOS="1373" WIDTH="183" WC="0.90" CC="0000000090" TAGREFS=""/>
            <SP HPOS="926" ID="SP_376.12.1.12" VPOS="1372" WIDTH="16"/>
            <String CONTENT="petition" HEIGHT="44" HPOS="942" ID="ST_376.12.1.13" STYLEREFS="Style_4" VPOS="1372" WIDTH="143" WC="0.95" CC="00000000" TAGREFS=""/>
            <SP HPOS="1085" ID="SP_376.12.1.14" VPOS="1372" WIDTH="17"/>
            <String CONTENT="for" HEIGHT="35" HPOS="1102" ID="ST_376.12.1.15" STYLEREFS="Style_4" VPOS="1372" WIDTH="53" WC="0.99" CC="000" TAGREFS=""/>
            <SP HPOS="1155" ID="SP_376.12.1.16" VPOS="1372" WIDTH="15"/>
            <String CONTENT="rehearing," HEIGHT="42" HPOS="1170" ID="ST_376.12.1.17" STYLEREFS="Style_4" VPOS="1372" WIDTH="192" WC="0.92" CC="0000000000" TAGREFS=""/>
            <SP HPOS="1362" ID="SP_376.12.1.18" VPOS="1372" WIDTH="17"/>
            <String CONTENT="I" HEIGHT="33" HPOS="1379" ID="ST_376.12.1.19" STYLEREFS="Style_4" VPOS="1372" WIDTH="15" WC="0.41" CC="9" TAGREFS=""/>
            <SP HPOS="1394" ID="SP_376.12.1.20" VPOS="1372" WIDTH="16"/>
            <String CONTENT="think" HEIGHT="34" HPOS="1410" ID="ST_376.12.1.21" STYLEREFS="Style_4" VPOS="1372" WIDTH="99" WC="1.00" CC="00000" TAGREFS=""/>
          </TextLine>
          <TextLine HEIGHT="44" HPOS="297" ID="TL_376.12.2" VPOS="1421" WIDTH="1026">
            <String CONTENT="one" HEIGHT="23" HPOS="297" ID="ST_376.12.2.1" STYLEREFS="Style_4" VPOS="1433" WIDTH="64" WC="1.00" CC="000" TAGREFS=""/>
            <SP HPOS="361" ID="SP_376.12.2.2" VPOS="1422" WIDTH="21"/>
            <String CONTENT="point" HEIGHT="43" HPOS="382" ID="ST_376.12.2.3" STYLEREFS="Style_4" VPOS="1422" WIDTH="95" WC="0.97" CC="00000" TAGREFS=""/>
            <SP HPOS="477" ID="SP_376.12.2.4" VPOS="1422" WIDTH="21"/>
            <String CONTENT="in" HEIGHT="33" HPOS="498" ID="ST_376.12.2.5" STYLEREFS="Style_4" VPOS="1422" WIDTH="33" WC="0.99" CC="00" TAGREFS=""/>
            <SP HPOS="531" ID="SP_376.12.2.6" VPOS="1422" WIDTH="21"/>
            <String CONTENT="the" HEIGHT="33" HPOS="552" ID="ST_376.12.2.7" STYLEREFS="Style_4" VPOS="1422" WIDTH="59" WC="1.00" CC="000" TAGREFS=""/>
            <SP HPOS="611" ID="SP_376.12.2.8" VPOS="1422" WIDTH="20"/>
            <String CONTENT="majority" HEIGHT="43" HPOS="631" ID="ST_376.12.2.9" STYLEREFS="Style_4" VPOS="1422" WIDTH="162" WC="0.98" CC="00000000" TAGREFS=""/>
            <SP HPOS="793" ID="SP_376.12.2.10" VPOS="1422" WIDTH="19"/>
            <String CONTENT="opinion" HEIGHT="43" HPOS="812" ID="ST_376.12.2.11" STYLEREFS="Style_4" VPOS="1422" WIDTH="139" WC="0.92" CC="0000000" TAGREFS=""/>
            <SP HPOS="951" ID="SP_376.12.2.12" VPOS="1427" WIDTH="20"/>
            <String CONTENT="warrants" HEIGHT="29" HPOS="971" ID="ST_376.12.2.13" STYLEREFS="Style_4" VPOS="1427" WIDTH="168" WC="0.96" CC="00000000" TAGREFS=""/>
            <SP HPOS="1139" ID="SP_376.12.2.14" VPOS="1421" WIDTH="20"/>
            <String CONTENT="mention." HEIGHT="34" HPOS="1159" ID="ST_376.12.2.15" STYLEREFS="Style_4" VPOS="1421" WIDTH="164" WC="0.95" CC="00000000" TAGREFS=""/>
          </TextLine>
        </TextBlock>
        <TextBlock HEIGHT="236.0" HPOS="297.0" ID="BL_376.13" TAGREFS="b376-13" VPOS="1497.0" WIDTH="1212.0">
          <TextLine HEIGHT="45" HPOS="387" ID="TL_376.13.1" VPOS="1497" WIDTH="1120">
            <String CONTENT="The" HEIGHT="34" HPOS="387" ID="ST_376.13.1.1" STYLEREFS="Style_4" VPOS="1498" WIDTH="74" WC="1.00" CC="000" TAGREFS=""/>
            <SP HPOS="461" ID="SP_376.13.1.2" VPOS="1498" WIDTH="10"/>
            <String CONTENT="majority" HEIGHT="43" HPOS="471" ID="ST_376.13.1.3" STYLEREFS="Style_4" VPOS="1498" WIDTH="161" WC="0.98" CC="00000000" TAGREFS=""/>
            <SP HPOS="632" ID="SP_376.13.1.4" VPOS="1498" WIDTH="9"/>
            <String CONTENT="opinion" HEIGHT="44" HPOS="641" ID="ST_376.13.1.5" STYLEREFS="Style_4" VPOS="1498" WIDTH="139" WC="0.98" CC="0000000" TAGREFS=""/>
            <SP HPOS="780" ID="SP_376.13.1.6" VPOS="1498" WIDTH="10"/>
            <String CONTENT="is" HEIGHT="34" HPOS="790" ID="ST_376.13.1.7" STYLEREFS="Style_4" VPOS="1498" WIDTH="27" WC="0.95" CC="00" TAGREFS=""/>
            <SP HPOS="817" ID="SP_376.13.1.8" VPOS="1497" WIDTH="11"/>
            <String CONTENT="misleading" HEIGHT="44" HPOS="828" ID="ST_376.13.1.9" STYLEREFS="Style_4" VPOS="1497" WIDTH="204" WC="0.95" CC="0000000000" TAGREFS=""/>
            <SP HPOS="1032" ID="SP_376.13.1.10" VPOS="1498" WIDTH="10"/>
            <String CONTENT="in" HEIGHT="34" HPOS="1042" ID="ST_376.13.1.11" STYLEREFS="Style_4" VPOS="1498" WIDTH="35" WC="0.72" CC="00" TAGREFS=""/>
            <SP HPOS="1077" ID="SP_376.13.1.12" VPOS="1498" WIDTH="9"/>
            <String CONTENT="that" HEIGHT="34" HPOS="1086" ID="ST_376.13.1.13" STYLEREFS="Style_4" VPOS="1498" WIDTH="76" WC="0.96" CC="0000" TAGREFS=""/>
            <SP HPOS="1162" ID="SP_376.13.1.14" VPOS="1498" WIDTH="9"/>
            <String CONTENT="it" HEIGHT="33" HPOS="1171" ID="ST_376.13.1.15" STYLEREFS="Style_4" VPOS="1498" WIDTH="27" WC="1.00" CC="00" TAGREFS=""/>
            <SP HPOS="1198" ID="SP_376.13.1.16" VPOS="1503" WIDTH="8"/>
            <String CONTENT="states" HEIGHT="28" HPOS="1206" ID="ST_376.13.1.17" STYLEREFS="Style_4" VPOS="1503" WIDTH="107" WC="1.00" CC="000000" TAGREFS=""/>
            <SP HPOS="1313" ID="SP_376.13.1.18" VPOS="1497" WIDTH="9"/>
            <String CONTENT="Ark." HEIGHT="35" HPOS="1322" ID="ST_376.13.1.19" STYLEREFS="Style_4" VPOS="1497" WIDTH="85" WC="1.00" CC="0000" TAGREFS=""/>
            <SP HPOS="1407" ID="SP_376.13.1.20" VPOS="1498" WIDTH="11"/>
            <String CONTENT="Stat." HEIGHT="34" HPOS="1418" ID="ST_376.13.1.21" STYLEREFS="Style_4" VPOS="1498" WIDTH="89" WC="1.00" CC="00000" TAGREFS=""/>
          </TextLine>
          <TextLine HEIGHT="45" HPOS="297" ID="TL_376.13.2" VPOS="1547" WIDTH="1210">
            <String CONTENT="Ann." HEIGHT="33" HPOS="297" ID="ST_376.13.2.1" STYLEREFS="Style_4" VPOS="1549" WIDTH="91" WC="0.83" CC="0000" TAGREFS=""/>
            <SP HPOS="388" ID="SP_376.13.2.2" VPOS="1548" WIDTH="20"/>
            <String CONTENT="§" HEIGHT="42" HPOS="408" ID="ST_376.13.2.3" STYLEREFS="Style_4" VPOS="1548" WIDTH="17" WC="1.00" CC="0" TAGREFS=""/>
            <SP HPOS="425" ID="SP_376.13.2.4" VPOS="1548" WIDTH="22"/>
            <String CONTENT="19-1603" HEIGHT="34" HPOS="447" ID="ST_376.13.2.5" STYLEREFS="Style_4" VPOS="1548" WIDTH="148" WC="0.97" CC="9999900" TAGREFS=""/>
            <SP HPOS="595" ID="SP_376.13.2.6" VPOS="1547" WIDTH="20"/>
            <String CONTENT="(Repl." HEIGHT="45" HPOS="615" ID="ST_376.13.2.7" STYLEREFS="Style_4" VPOS="1547" WIDTH="115" WC="0.90" CC="000000" TAGREFS=""/>
            <SP HPOS="730" ID="SP_376.13.2.8" VPOS="1547" WIDTH="22"/>
            <String CONTENT="1980)," HEIGHT="43" HPOS="752" ID="ST_376.13.2.9" STYLEREFS="Style_4" VPOS="1547" WIDTH="117" WC="0.80" CC="000000" TAGREFS=""/>
            <SP HPOS="869" ID="SP_376.13.2.10" VPOS="1547" WIDTH="16"/>
            <String CONTENT="specifically" HEIGHT="44" HPOS="885" ID="ST_376.13.2.11" STYLEREFS="Style_4" VPOS="1547" WIDTH="210" WC="1.00" CC="000000000000" TAGREFS=""/>
            <SP HPOS="1095" ID="SP_376.13.2.12" VPOS="1547" WIDTH="15"/>
            <String CONTENT="provides" HEIGHT="44" HPOS="1110" ID="ST_376.13.2.13" STYLEREFS="Style_4" VPOS="1547" WIDTH="156" WC="1.00" CC="00000000" TAGREFS=""/>
            <SP HPOS="1266" ID="SP_376.13.2.14" VPOS="1547" WIDTH="16"/>
            <String CONTENT="that" HEIGHT="34" HPOS="1282" ID="ST_376.13.2.15" STYLEREFS="Style_4" VPOS="1547" WIDTH="76" WC="0.85" CC="0000" TAGREFS=""/>
            <SP HPOS="1358" ID="SP_376.13.2.16" VPOS="1557" WIDTH="15"/>
            <String CONTENT="promo-" HEIGHT="33" HPOS="1373" ID="ST_376.13.2.17" STYLEREFS="Style_4" VPOS="1557" WIDTH="134" WC="1.00" CC="000000" TAGREFS=""/>
          </TextLine>
          <TextLine HEIGHT="37" HPOS="297" ID="TL_376.13.3" VPOS="1596" WIDTH="1211">
            <String CONTENT="tion" HEIGHT="35" HPOS="297" ID="ST_376.13.3.1" STYLEREFS="Style_4" VPOS="1598" WIDTH="71" WC="0.87" CC="0000" TAGREFS=""/>
            <SP HPOS="368" ID="SP_376.13.3.2" VPOS="1598" WIDTH="15"/>
            <String CONTENT="shall" HEIGHT="35" HPOS="383" ID="ST_376.13.3.3" STYLEREFS="Style_4" VPOS="1598" WIDTH="87" WC="0.90" CC="00000" TAGREFS=""/>
            <SP HPOS="470" ID="SP_376.13.3.4" VPOS="1598" WIDTH="15"/>
            <String CONTENT="be" HEIGHT="34" HPOS="485" ID="ST_376.13.3.5" STYLEREFS="Style_4" VPOS="1598" WIDTH="43" WC="1.00" CC="00" TAGREFS=""/>
            <SP HPOS="528" ID="SP_376.13.3.6" VPOS="1597" WIDTH="13"/>
            <String CONTENT="made" HEIGHT="35" HPOS="541" ID="ST_376.13.3.7" STYLEREFS="Style_4" VPOS="1597" WIDTH="102" WC="1.00" CC="0000" TAGREFS=""/>
            <SP HPOS="643" ID="SP_376.13.3.8" VPOS="1609" WIDTH="13"/>
            <String CONTENT="on" HEIGHT="24" HPOS="656" ID="ST_376.13.3.9" STYLEREFS="Style_4" VPOS="1609" WIDTH="44" WC="0.95" CC="00" TAGREFS=""/>
            <SP HPOS="700" ID="SP_376.13.3.10" VPOS="1598" WIDTH="14"/>
            <String CONTENT="the" HEIGHT="34" HPOS="714" ID="ST_376.13.3.11" STYLEREFS="Style_4" VPOS="1598" WIDTH="59" WC="0.99" CC="000" TAGREFS=""/>
            <SP HPOS="773" ID="SP_376.13.3.12" VPOS="1597" WIDTH="13"/>
            <String CONTENT="basis" HEIGHT="35" HPOS="786" ID="ST_376.13.3.13" STYLEREFS="Style_4" VPOS="1597" WIDTH="92" WC="0.94" CC="00000" TAGREFS=""/>
            <SP HPOS="878" ID="SP_376.13.3.14" VPOS="1597" WIDTH="14"/>
            <String CONTENT="of" HEIGHT="35" HPOS="892" ID="ST_376.13.3.15" STYLEREFS="Style_4" VPOS="1597" WIDTH="39" WC="1.00" CC="00" TAGREFS=""/>
            <SP HPOS="931" ID="SP_376.13.3.16" VPOS="1597" WIDTH="11"/>
            <String CONTENT="“the" HEIGHT="35" HPOS="942" ID="ST_376.13.3.17" STYLEREFS="Style_4" VPOS="1597" WIDTH="82" WC="0.75" CC="9000" TAGREFS=""/>
            <SP HPOS="1024" ID="SP_376.13.3.18" VPOS="1597" WIDTH="14"/>
            <String CONTENT="examination”" HEIGHT="35" HPOS="1038" ID="ST_376.13.3.19" STYLEREFS="Style_4" VPOS="1597" WIDTH="257" WC="0.85" CC="000000000009" TAGREFS=""/>
            <SP HPOS="1295" ID="SP_376.13.3.20" VPOS="1596" WIDTH="15"/>
            <String CONTENT="and" HEIGHT="35" HPOS="1310" ID="ST_376.13.3.21" STYLEREFS="Style_4" VPOS="1596" WIDTH="68" WC="0.87" CC="000" TAGREFS=""/>
            <SP HPOS="1378" ID="SP_376.13.3.22" VPOS="1602" WIDTH="14"/>
            <String CONTENT="not" HEIGHT="30" HPOS="1392" ID="ST_376.13.3.23" STYLEREFS="Style_4" VPOS="1602" WIDTH="60" WC="0.89" CC="000" TAGREFS=""/>
            <SP HPOS="1452" ID="SP_376.13.3.24" VPOS="1608" WIDTH="13"/>
            <String CONTENT="on" HEIGHT="24" HPOS="1465" ID="ST_376.13.3.25" STYLEREFS="Style_4" VPOS="1608" WIDTH="43" WC="0.86" CC="00" TAGREFS=""/>
          </TextLine>
          <TextLine HEIGHT="44" HPOS="297" ID="TL_376.13.4" VPOS="1648" WIDTH="1212">
            <String CONTENT="any" HEIGHT="32" HPOS="297" ID="ST_376.13.4.1" STYLEREFS="Style_4" VPOS="1660" WIDTH="68" WC="0.86" CC="000" TAGREFS=""/>
            <SP HPOS="365" ID="SP_376.13.4.2" VPOS="1648" WIDTH="18"/>
            <String CONTENT="other" HEIGHT="35" HPOS="383" ID="ST_376.13.4.3" STYLEREFS="Style_4" VPOS="1648" WIDTH="99" WC="0.92" CC="00000" TAGREFS=""/>
            <SP HPOS="482" ID="SP_376.13.4.4" VPOS="1648" WIDTH="18"/>
            <String CONTENT="criterion." HEIGHT="35" HPOS="500" ID="ST_376.13.4.5" STYLEREFS="Style_4" VPOS="1648" WIDTH="171" WC="0.96" CC="0000000000" TAGREFS=""/>
            <SP HPOS="671" ID="SP_376.13.4.6" VPOS="1649" WIDTH="21"/>
            <String CONTENT="In" HEIGHT="34" HPOS="692" ID="ST_376.13.4.7" STYLEREFS="Style_4" VPOS="1649" WIDTH="39" WC="0.89" CC="00" TAGREFS=""/>
            <SP HPOS="731" ID="SP_376.13.4.8" VPOS="1648" WIDTH="19"/>
            <String CONTENT="this" HEIGHT="35" HPOS="750" ID="ST_376.13.4.9" STYLEREFS="Style_4" VPOS="1648" WIDTH="67" WC="0.97" CC="0000" TAGREFS=""/>
            <SP HPOS="817" ID="SP_376.13.4.10" VPOS="1648" WIDTH="20"/>
            <String CONTENT="instance" HEIGHT="34" HPOS="837" ID="ST_376.13.4.11" STYLEREFS="Style_4" VPOS="1648" WIDTH="156" WC="1.00" CC="00000000" TAGREFS=""/>
            <SP HPOS="993" ID="SP_376.13.4.12" VPOS="1648" WIDTH="17"/>
            <String CONTENT="the" HEIGHT="35" HPOS="1010" ID="ST_376.13.4.13" STYLEREFS="Style_4" VPOS="1648" WIDTH="60" WC="0.92" CC="000" TAGREFS=""/>
            <SP HPOS="1070" ID="SP_376.13.4.14" VPOS="1648" WIDTH="18"/>
            <String CONTENT="appellant" HEIGHT="44" HPOS="1088" ID="ST_376.13.4.15" STYLEREFS="Style_4" VPOS="1648" WIDTH="176" WC="0.94" CC="000000000" TAGREFS=""/>
            <SP HPOS="1264" ID="SP_376.13.4.16" VPOS="1658" WIDTH="18"/>
            <String CONTENT="was" HEIGHT="24" HPOS="1282" ID="ST_376.13.4.17" STYLEREFS="Style_4" VPOS="1658" WIDTH="69" WC="1.00" CC="000" TAGREFS=""/>
            <SP HPOS="1351" ID="SP_376.13.4.18" VPOS="1648" WIDTH="19"/>
            <String CONTENT="given" HEIGHT="42" HPOS="1370" ID="ST_376.13.4.19" STYLEREFS="Style_4" VPOS="1648" WIDTH="99" WC="1.00" CC="00000" TAGREFS=""/>
            <SP HPOS="1469" ID="SP_376.13.4.20" VPOS="1658" WIDTH="19"/>
            <String CONTENT="a" HEIGHT="24" HPOS="1488" ID="ST_376.13.4.21" STYLEREFS="Style_4" VPOS="1658" WIDTH="21" WC="1.00" CC="0" TAGREFS=""/>
          </TextLine>
          <TextLine HEIGHT="35" HPOS="297" ID="TL_376.13.5" VPOS="1698" WIDTH="400">
            <String CONTENT="written" HEIGHT="34" HPOS="297" ID="ST_376.13.5.1" STYLEREFS="Style_4" VPOS="1699" WIDTH="134" WC="0.81" CC="0000000" TAGREFS=""/>
            <SP HPOS="431" ID="SP_376.13.5.2" VPOS="1698" WIDTH="22"/>
            <String CONTENT="examination." HEIGHT="35" HPOS="453" ID="ST_376.13.5.3" STYLEREFS="Style_4" VPOS="1698" WIDTH="244" WC="0.71" CC="000000000000" TAGREFS=""/>
          </TextLine>
        </TextBlock>
        <TextBlock HEIGHT="341.0" HPOS="296.0" ID="BL_376.14" TAGREFS="b376-14" VPOS="1775.0" WIDTH="1212.0">
          <TextLine HEIGHT="44" HPOS="389" ID="TL_376.14.1" VPOS="1775" WIDTH="1118">
            <String CONTENT="By" HEIGHT="42" HPOS="389" ID="ST_376.14.1.1" STYLEREFS="Style_4" VPOS="1777" WIDTH="49" WC="0.56" CC="00" TAGREFS=""/>
            <SP HPOS="438" ID="SP_376.14.1.2" VPOS="1775" WIDTH="10"/>
            <String CONTENT="these" HEIGHT="35" HPOS="448" ID="ST_376.14.1.3" STYLEREFS="Style_4" VPOS="1775" WIDTH="97" WC="1.00" CC="00000" TAGREFS=""/>
            <SP HPOS="545" ID="SP_376.14.1.4" VPOS="1775" WIDTH="9"/>
            <String CONTENT="findings" HEIGHT="44" HPOS="554" ID="ST_376.14.1.5" STYLEREFS="Style_4" VPOS="1775" WIDTH="148" WC="0.96" CC="00000000" TAGREFS=""/>
            <SP HPOS="702" ID="SP_376.14.1.6" VPOS="1776" WIDTH="10"/>
            <String CONTENT="the" HEIGHT="34" HPOS="712" ID="ST_376.14.1.7" STYLEREFS="Style_4" VPOS="1776" WIDTH="59" WC="1.00" CC="000" TAGREFS=""/>
            <SP HPOS="771" ID="SP_376.14.1.8" VPOS="1780" WIDTH="9"/>
            <String CONTENT="court" HEIGHT="29" HPOS="780" ID="ST_376.14.1.9" STYLEREFS="Style_4" VPOS="1780" WIDTH="98" WC="1.00" CC="00000" TAGREFS=""/>
            <SP HPOS="878" ID="SP_376.14.1.10" VPOS="1781" WIDTH="10"/>
            <String CONTENT="suggests" HEIGHT="37" HPOS="888" ID="ST_376.14.1.11" STYLEREFS="Style_4" VPOS="1781" WIDTH="156" WC="1.00" CC="00000000" TAGREFS=""/>
            <SP HPOS="1044" ID="SP_376.14.1.12" VPOS="1786" WIDTH="10"/>
            <String CONTENT="one" HEIGHT="24" HPOS="1054" ID="ST_376.14.1.13" STYLEREFS="Style_4" VPOS="1786" WIDTH="65" WC="1.00" CC="000" TAGREFS=""/>
            <SP HPOS="1119" ID="SP_376.14.1.14" VPOS="1775" WIDTH="9"/>
            <String CONTENT="written" HEIGHT="35" HPOS="1128" ID="ST_376.14.1.15" STYLEREFS="Style_4" VPOS="1775" WIDTH="136" WC="1.00" CC="0000000" TAGREFS=""/>
            <SP HPOS="1264" ID="SP_376.14.1.16" VPOS="1775" WIDTH="10"/>
            <String CONTENT="examination" HEIGHT="35" HPOS="1274" ID="ST_376.14.1.17" STYLEREFS="Style_4" VPOS="1775" WIDTH="233" WC="0.89" CC="00000000000" TAGREFS=""/>
          </TextLine>
          <TextLine HEIGHT="45" HPOS="297" ID="TL_376.14.2" VPOS="1823" WIDTH="1210">
            <String CONTENT="is" HEIGHT="34" HPOS="297" ID="ST_376.14.2.1" STYLEREFS="Style_4" VPOS="1825" WIDTH="27" WC="0.78" CC="00" TAGREFS=""/>
            <SP HPOS="324" ID="SP_376.14.2.2" VPOS="1825" WIDTH="18"/>
            <String CONTENT="given," HEIGHT="43" HPOS="342" ID="ST_376.14.2.3" STYLEREFS="Style_4" VPOS="1825" WIDTH="111" WC="0.96" CC="000000" TAGREFS=""/>
            <SP HPOS="453" ID="SP_376.14.2.4" VPOS="1825" WIDTH="19"/>
            <String CONTENT="when" HEIGHT="34" HPOS="472" ID="ST_376.14.2.5" STYLEREFS="Style_4" VPOS="1825" WIDTH="98" WC="0.95" CC="0000" TAGREFS=""/>
            <SP HPOS="570" ID="SP_376.14.2.6" VPOS="1825" WIDTH="19"/>
            <String CONTENT="in" HEIGHT="34" HPOS="589" ID="ST_376.14.2.7" STYLEREFS="Style_4" VPOS="1825" WIDTH="34" WC="0.96" CC="00" TAGREFS=""/>
            <SP HPOS="623" ID="SP_376.14.2.8" VPOS="1825" WIDTH="19"/>
            <String CONTENT="fact," HEIGHT="41" HPOS="642" ID="ST_376.14.2.9" STYLEREFS="Style_4" VPOS="1825" WIDTH="82" WC="1.00" CC="00000" TAGREFS=""/>
            <SP HPOS="724" ID="SP_376.14.2.10" VPOS="1825" WIDTH="20"/>
            <String CONTENT="Ark." HEIGHT="34" HPOS="744" ID="ST_376.14.2.11" STYLEREFS="Style_4" VPOS="1825" WIDTH="84" WC="1.00" CC="0000" TAGREFS=""/>
            <SP HPOS="828" ID="SP_376.14.2.12" VPOS="1825" WIDTH="20"/>
            <String CONTENT="Stat." HEIGHT="34" HPOS="848" ID="ST_376.14.2.13" STYLEREFS="Style_4" VPOS="1825" WIDTH="89" WC="1.00" CC="00000" TAGREFS=""/>
            <SP HPOS="937" ID="SP_376.14.2.14" VPOS="1825" WIDTH="19"/>
            <String CONTENT="Ann." HEIGHT="34" HPOS="956" ID="ST_376.14.2.15" STYLEREFS="Style_4" VPOS="1825" WIDTH="92" WC="0.83" CC="0000" TAGREFS=""/>
            <SP HPOS="1048" ID="SP_376.14.2.16" VPOS="1825" WIDTH="21"/>
            <String CONTENT="§" HEIGHT="43" HPOS="1069" ID="ST_376.14.2.17" STYLEREFS="Style_4" VPOS="1825" WIDTH="18" WC="0.97" CC="0" TAGREFS=""/>
            <SP HPOS="1087" ID="SP_376.14.2.18" VPOS="1825" WIDTH="25"/>
            <String CONTENT="19-1603" HEIGHT="34" HPOS="1112" ID="ST_376.14.2.19" STYLEREFS="Style_4" VPOS="1825" WIDTH="148" WC="0.85" CC="9999000" TAGREFS=""/>
            <SP HPOS="1260" ID="SP_376.14.2.20" VPOS="1823" WIDTH="21"/>
            <String CONTENT="provides" HEIGHT="45" HPOS="1281" ID="ST_376.14.2.21" STYLEREFS="Style_4" VPOS="1823" WIDTH="154" WC="0.96" CC="00000000" TAGREFS=""/>
            <SP HPOS="1435" ID="SP_376.14.2.22" VPOS="1824" WIDTH="19"/>
            <String CONTENT="for" HEIGHT="35" HPOS="1454" ID="ST_376.14.2.23" STYLEREFS="Style_4" VPOS="1824" WIDTH="53" WC="0.82" CC="000" TAGREFS=""/>
          </TextLine>
          <TextLine HEIGHT="45" HPOS="297" ID="TL_376.14.3" VPOS="1874" WIDTH="1209">
            <String CONTENT="“promotion" HEIGHT="44" HPOS="297" ID="ST_376.14.3.1" STYLEREFS="Style_4" VPOS="1875" WIDTH="217" WC="0.98" CC="0000000000" TAGREFS=""/>
            <SP HPOS="514" ID="SP_376.14.3.2" VPOS="1874" WIDTH="19"/>
            <String CONTENT="based" HEIGHT="35" HPOS="533" ID="ST_376.14.3.3" STYLEREFS="Style_4" VPOS="1874" WIDTH="105" WC="1.00" CC="00000" TAGREFS=""/>
            <SP HPOS="638" ID="SP_376.14.3.4" VPOS="1886" WIDTH="18"/>
            <String CONTENT="upon" HEIGHT="33" HPOS="656" ID="ST_376.14.3.5" STYLEREFS="Style_4" VPOS="1886" WIDTH="92" WC="1.00" CC="0000" TAGREFS=""/>
            <SP HPOS="748" ID="SP_376.14.3.6" VPOS="1885" WIDTH="17"/>
            <String CONTENT="open" HEIGHT="33" HPOS="765" ID="ST_376.14.3.7" STYLEREFS="Style_4" VPOS="1885" WIDTH="88" WC="0.83" CC="0000" TAGREFS=""/>
            <SP HPOS="853" ID="SP_376.14.3.8" VPOS="1874" WIDTH="18"/>
            <String CONTENT="competitive" HEIGHT="44" HPOS="871" ID="ST_376.14.3.9" STYLEREFS="Style_4" VPOS="1874" WIDTH="220" WC="1.00" CC="00000000000" TAGREFS=""/>
            <SP HPOS="1091" ID="SP_376.14.3.10" VPOS="1876" WIDTH="17"/>
            <String CONTENT="examinations" HEIGHT="33" HPOS="1108" ID="ST_376.14.3.11" STYLEREFS="Style_5" VPOS="1876" WIDTH="258" WC="0.98" CC="000000000000" TAGREFS=""/>
            <SP HPOS="1366" ID="SP_376.14.3.12" VPOS="1874" WIDTH="17"/>
            <String CONTENT="of" HEIGHT="35" HPOS="1383" ID="ST_376.14.3.13" STYLEREFS="Style_4" VPOS="1874" WIDTH="39" WC="0.83" CC="00" TAGREFS=""/>
            <SP HPOS="1422" ID="SP_376.14.3.14" VPOS="1874" WIDTH="14"/>
            <String CONTENT="effi-" HEIGHT="35" HPOS="1436" ID="ST_376.14.3.15" STYLEREFS="Style_4" VPOS="1874" WIDTH="70" WC="0.83" CC="00000" TAGREFS=""/>
          </TextLine>
          <TextLine HEIGHT="50" HPOS="297" ID="TL_376.14.4" VPOS="1918" WIDTH="1211">
            <String CONTENT="ciency," HEIGHT="43" HPOS="297" ID="ST_376.14.4.1" STYLEREFS="Style_4" VPOS="1925" WIDTH="129" WC="0.98" CC="0000000" TAGREFS=""/>
            <SP HPOS="426" ID="SP_376.14.4.2" VPOS="1925" WIDTH="22"/>
            <String CONTENT="character" HEIGHT="34" HPOS="448" ID="ST_376.14.4.3" STYLEREFS="Style_4" VPOS="1925" WIDTH="180" WC="0.97" CC="000000000" TAGREFS=""/>
            <SP HPOS="628" ID="SP_376.14.4.4" VPOS="1925" WIDTH="21"/>
            <String CONTENT="and" HEIGHT="34" HPOS="649" ID="ST_376.14.4.5" STYLEREFS="Style_4" VPOS="1925" WIDTH="68" WC="0.92" CC="000" TAGREFS=""/>
            <SP HPOS="717" ID="SP_376.14.4.6" VPOS="1924" WIDTH="21"/>
            <String CONTENT="conduct.”" HEIGHT="35" HPOS="738" ID="ST_376.14.4.7" STYLEREFS="Style_4" VPOS="1924" WIDTH="183" WC="0.89" CC="000000009" TAGREFS=""/>
            <SP HPOS="921" ID="SP_376.14.4.8" VPOS="1924" WIDTH="24"/>
            <String CONTENT="(emphasis" HEIGHT="44" HPOS="945" ID="ST_376.14.4.9" STYLEREFS="Style_4" VPOS="1924" WIDTH="190" WC="0.90" CC="000000000" TAGREFS=""/>
            <SP HPOS="1135" ID="SP_376.14.4.10" VPOS="1918" WIDTH="21"/>
            <String CONTENT="added)." HEIGHT="49" HPOS="1156" ID="ST_376.14.4.11" STYLEREFS="Style_4" VPOS="1918" WIDTH="141" WC="0.88" CC="0000000" TAGREFS=""/>
            <SP HPOS="1297" ID="SP_376.14.4.12" VPOS="1924" WIDTH="22"/>
            <String CONTENT="Obviously" HEIGHT="44" HPOS="1319" ID="ST_376.14.4.13" STYLEREFS="Style_4" VPOS="1924" WIDTH="189" WC="0.97" CC="000000000" TAGREFS=""/>
          </TextLine>
          <TextLine HEIGHT="44" HPOS="297" ID="TL_376.14.5" VPOS="1974" WIDTH="1211">
            <String CONTENT="seniority" HEIGHT="43" HPOS="297" ID="ST_376.14.5.1" STYLEREFS="Style_4" VPOS="1975" WIDTH="163" WC="0.98" CC="000000000" TAGREFS=""/>
            <SP HPOS="460" ID="SP_376.14.5.2" VPOS="1974" WIDTH="12"/>
            <String CONTENT="does" HEIGHT="34" HPOS="472" ID="ST_376.14.5.3" STYLEREFS="Style_4" VPOS="1974" WIDTH="81" WC="1.00" CC="0000" TAGREFS=""/>
            <SP HPOS="553" ID="SP_376.14.5.4" VPOS="1979" WIDTH="13"/>
            <String CONTENT="not" HEIGHT="29" HPOS="566" ID="ST_376.14.5.5" STYLEREFS="Style_4" VPOS="1979" WIDTH="59" WC="1.00" CC="000" TAGREFS=""/>
            <SP HPOS="625" ID="SP_376.14.5.6" VPOS="1974" WIDTH="13"/>
            <String CONTENT="fall" HEIGHT="35" HPOS="638" ID="ST_376.14.5.7" STYLEREFS="Style_4" VPOS="1974" WIDTH="61" WC="0.85" CC="0000" TAGREFS=""/>
            <SP HPOS="699" ID="SP_376.14.5.8" VPOS="1974" WIDTH="13"/>
            <String CONTENT="within" HEIGHT="35" HPOS="712" ID="ST_376.14.5.9" STYLEREFS="Style_4" VPOS="1974" WIDTH="118" WC="1.00" CC="000000" TAGREFS=""/>
            <SP HPOS="830" ID="SP_376.14.5.10" VPOS="1974" WIDTH="13"/>
            <String CONTENT="these" HEIGHT="34" HPOS="843" ID="ST_376.14.5.11" STYLEREFS="Style_4" VPOS="1974" WIDTH="97" WC="1.00" CC="00000" TAGREFS=""/>
            <SP HPOS="940" ID="SP_376.14.5.12" VPOS="1974" WIDTH="11"/>
            <String CONTENT="criteria," HEIGHT="41" HPOS="951" ID="ST_376.14.5.13" STYLEREFS="Style_4" VPOS="1974" WIDTH="149" WC="0.99" CC="000000000" TAGREFS=""/>
            <SP HPOS="1100" ID="SP_376.14.5.14" VPOS="1974" WIDTH="14"/>
            <String CONTENT="however," HEIGHT="40" HPOS="1114" ID="ST_376.14.5.15" STYLEREFS="Style_4" VPOS="1974" WIDTH="165" WC="0.92" CC="00000000" TAGREFS=""/>
            <SP HPOS="1279" ID="SP_376.14.5.16" VPOS="1974" WIDTH="14"/>
            <String CONTENT="it" HEIGHT="34" HPOS="1293" ID="ST_376.14.5.17" STYLEREFS="Style_4" VPOS="1974" WIDTH="26" WC="0.74" CC="00" TAGREFS=""/>
            <SP HPOS="1319" ID="SP_376.14.5.18" VPOS="1974" WIDTH="11"/>
            <String CONTENT="is" HEIGHT="34" HPOS="1330" ID="ST_376.14.5.19" STYLEREFS="Style_4" VPOS="1974" WIDTH="28" WC="0.80" CC="00" TAGREFS=""/>
            <SP HPOS="1358" ID="SP_376.14.5.20" VPOS="1974" WIDTH="12"/>
            <String CONTENT="equally" HEIGHT="44" HPOS="1370" ID="ST_376.14.5.21" STYLEREFS="Style_4" VPOS="1974" WIDTH="138" WC="0.99" CC="0000000" TAGREFS=""/>
          </TextLine>
          <TextLine HEIGHT="44" HPOS="297" ID="TL_376.14.6" VPOS="2023" WIDTH="1210">
            <String CONTENT="obvious" HEIGHT="34" HPOS="297" ID="ST_376.14.6.1" STYLEREFS="Style_4" VPOS="2024" WIDTH="141" WC="1.00" CC="0000000" TAGREFS=""/>
            <SP HPOS="438" ID="SP_376.14.6.2" VPOS="2024" WIDTH="18"/>
            <String CONTENT="that" HEIGHT="34" HPOS="456" ID="ST_376.14.6.3" STYLEREFS="Style_4" VPOS="2024" WIDTH="77" WC="1.00" CC="0000" TAGREFS=""/>
            <SP HPOS="533" ID="SP_376.14.6.4" VPOS="2024" WIDTH="18"/>
            <String CONTENT="this" HEIGHT="34" HPOS="551" ID="ST_376.14.6.5" STYLEREFS="Style_4" VPOS="2024" WIDTH="67" WC="0.96" CC="0000" TAGREFS=""/>
            <SP HPOS="618" ID="SP_376.14.6.6" VPOS="2029" WIDTH="19"/>
            <String CONTENT="statute" HEIGHT="29" HPOS="637" ID="ST_376.14.6.7" STYLEREFS="Style_4" VPOS="2029" WIDTH="129" WC="0.96" CC="0000000" TAGREFS=""/>
            <SP HPOS="766" ID="SP_376.14.6.8" VPOS="2024" WIDTH="18"/>
            <String CONTENT="does" HEIGHT="34" HPOS="784" ID="ST_376.14.6.9" STYLEREFS="Style_4" VPOS="2024" WIDTH="82" WC="1.00" CC="0000" TAGREFS=""/>
            <SP HPOS="866" ID="SP_376.14.6.10" VPOS="2028" WIDTH="18"/>
            <String CONTENT="not" HEIGHT="30" HPOS="884" ID="ST_376.14.6.11" STYLEREFS="Style_4" VPOS="2028" WIDTH="60" WC="1.00" CC="000" TAGREFS=""/>
            <SP HPOS="944" ID="SP_376.14.6.12" VPOS="2023" WIDTH="18"/>
            <String CONTENT="limit" HEIGHT="35" HPOS="962" ID="ST_376.14.6.13" STYLEREFS="Style_4" VPOS="2023" WIDTH="89" WC="0.98" CC="00000" TAGREFS=""/>
            <SP HPOS="1051" ID="SP_376.14.6.14" VPOS="2024" WIDTH="18"/>
            <String CONTENT="promotion" HEIGHT="43" HPOS="1069" ID="ST_376.14.6.15" STYLEREFS="Style_4" VPOS="2024" WIDTH="194" WC="1.00" CC="000000000" TAGREFS=""/>
            <SP HPOS="1263" ID="SP_376.14.6.16" VPOS="2028" WIDTH="17"/>
            <String CONTENT="to" HEIGHT="29" HPOS="1280" ID="ST_376.14.6.17" STYLEREFS="Style_4" VPOS="2028" WIDTH="36" WC="1.00" CC="00" TAGREFS=""/>
            <SP HPOS="1316" ID="SP_376.14.6.18" VPOS="2034" WIDTH="18"/>
            <String CONTENT="a" HEIGHT="23" HPOS="1334" ID="ST_376.14.6.19" STYLEREFS="Style_4" VPOS="2034" WIDTH="20" WC="1.00" CC="0" TAGREFS=""/>
            <SP HPOS="1354" ID="SP_376.14.6.20" VPOS="2024" WIDTH="18"/>
            <String CONTENT="written" HEIGHT="34" HPOS="1372" ID="ST_376.14.6.21" STYLEREFS="Style_4" VPOS="2024" WIDTH="135" WC="1.00" CC="0000000" TAGREFS=""/>
          </TextLine>
          <TextLine HEIGHT="43" HPOS="296" ID="TL_376.14.7" VPOS="2073" WIDTH="991">
            <String CONTENT="examination" HEIGHT="35" HPOS="296" ID="ST_376.14.7.1" STYLEREFS="Style_4" VPOS="2073" WIDTH="234" WC="0.70" CC="00000000000" TAGREFS=""/>
            <SP HPOS="530" ID="SP_376.14.7.2" VPOS="2084" WIDTH="21"/>
            <String CONTENT="as" HEIGHT="23" HPOS="551" ID="ST_376.14.7.3" STYLEREFS="Style_4" VPOS="2084" WIDTH="38" WC="0.81" CC="00" TAGREFS=""/>
            <SP HPOS="589" ID="SP_376.14.7.4" VPOS="2073" WIDTH="20"/>
            <String CONTENT="suggested" HEIGHT="43" HPOS="609" ID="ST_376.14.7.5" STYLEREFS="Style_4" VPOS="2073" WIDTH="183" WC="0.87" CC="000000000" TAGREFS=""/>
            <SP HPOS="792" ID="SP_376.14.7.6" VPOS="2073" WIDTH="22"/>
            <String CONTENT="by" HEIGHT="43" HPOS="814" ID="ST_376.14.7.7" STYLEREFS="Style_4" VPOS="2073" WIDTH="45" WC="0.88" CC="00" TAGREFS=""/>
            <SP HPOS="859" ID="SP_376.14.7.8" VPOS="2073" WIDTH="20"/>
            <String CONTENT="the" HEIGHT="34" HPOS="879" ID="ST_376.14.7.9" STYLEREFS="Style_4" VPOS="2073" WIDTH="59" WC="0.94" CC="000" TAGREFS=""/>
            <SP HPOS="938" ID="SP_376.14.7.10" VPOS="2074" WIDTH="19"/>
            <String CONTENT="majority" HEIGHT="42" HPOS="957" ID="ST_376.14.7.11" STYLEREFS="Style_4" VPOS="2074" WIDTH="163" WC="0.89" CC="00000000" TAGREFS=""/>
            <SP HPOS="1120" ID="SP_376.14.7.12" VPOS="2073" WIDTH="19"/>
            <String CONTENT="opinion." HEIGHT="43" HPOS="1139" ID="ST_376.14.7.13" STYLEREFS="Style_4" VPOS="2073" WIDTH="148" WC="0.78" CC="00000000" TAGREFS=""/>
          </TextLine>
        </TextBlock>
        <TextBlock HEIGHT="291.0" HPOS="296.0" ID="BL_376.15" TAGREFS="b376-15" VPOS="2149.0" WIDTH="1212.0">
          <TextLine HEIGHT="43" HPOS="386" ID="TL_376.15.1" VPOS="2149" WIDTH="1121">
            <String CONTENT="The" HEIGHT="34" HPOS="386" ID="ST_376.15.1.1" STYLEREFS="Style_4" VPOS="2150" WIDTH="75" WC="1.00" CC="000" TAGREFS=""/>
            <SP HPOS="461" ID="SP_376.15.1.2" VPOS="2155" WIDTH="14"/>
            <String CONTENT="court" HEIGHT="29" HPOS="475" ID="ST_376.15.1.3" STYLEREFS="Style_4" VPOS="2155" WIDTH="98" WC="1.00" CC="00000" TAGREFS=""/>
            <SP HPOS="573" ID="SP_376.15.1.4" VPOS="2149" WIDTH="15"/>
            <String CONTENT="is" HEIGHT="34" HPOS="588" ID="ST_376.15.1.5" STYLEREFS="Style_4" VPOS="2149" WIDTH="27" WC="1.00" CC="00" TAGREFS=""/>
            <SP HPOS="615" ID="SP_376.15.1.6" VPOS="2155" WIDTH="14"/>
            <String CONTENT="correct" HEIGHT="29" HPOS="629" ID="ST_376.15.1.7" STYLEREFS="Style_4" VPOS="2155" WIDTH="133" WC="1.00" CC="0000000" TAGREFS=""/>
            <SP HPOS="762" ID="SP_376.15.1.8" VPOS="2150" WIDTH="14"/>
            <String CONTENT="in" HEIGHT="33" HPOS="776" ID="ST_376.15.1.9" STYLEREFS="Style_4" VPOS="2150" WIDTH="34" WC="0.84" CC="00" TAGREFS=""/>
            <SP HPOS="810" ID="SP_376.15.1.10" VPOS="2150" WIDTH="16"/>
            <String CONTENT="its" HEIGHT="33" HPOS="826" ID="ST_376.15.1.11" STYLEREFS="Style_4" VPOS="2150" WIDTH="42" WC="1.00" CC="000" TAGREFS=""/>
            <SP HPOS="868" ID="SP_376.15.1.12" VPOS="2149" WIDTH="15"/>
            <String CONTENT="findings" HEIGHT="43" HPOS="883" ID="ST_376.15.1.13" STYLEREFS="Style_4" VPOS="2149" WIDTH="148" WC="0.93" CC="00000000" TAGREFS=""/>
            <SP HPOS="1031" ID="SP_376.15.1.14" VPOS="2150" WIDTH="16"/>
            <String CONTENT="in" HEIGHT="34" HPOS="1047" ID="ST_376.15.1.15" STYLEREFS="Style_4" VPOS="2150" WIDTH="34" WC="0.72" CC="00" TAGREFS=""/>
            <SP HPOS="1081" ID="SP_376.15.1.16" VPOS="2150" WIDTH="14"/>
            <String CONTENT="this" HEIGHT="34" HPOS="1095" ID="ST_376.15.1.17" STYLEREFS="Style_4" VPOS="2150" WIDTH="68" WC="0.90" CC="0000" TAGREFS=""/>
            <SP HPOS="1163" ID="SP_376.15.1.18" VPOS="2150" WIDTH="15"/>
            <String CONTENT="instance," HEIGHT="40" HPOS="1178" ID="ST_376.15.1.19" STYLEREFS="Style_4" VPOS="2150" WIDTH="165" WC="0.90" CC="000000000" TAGREFS=""/>
            <SP HPOS="1343" ID="SP_376.15.1.20" VPOS="2149" WIDTH="15"/>
            <String CONTENT="that" HEIGHT="35" HPOS="1358" ID="ST_376.15.1.21" STYLEREFS="Style_4" VPOS="2149" WIDTH="76" WC="0.91" CC="0000" TAGREFS=""/>
            <SP HPOS="1434" ID="SP_376.15.1.22" VPOS="2150" WIDTH="14"/>
            <String CONTENT="the" HEIGHT="34" HPOS="1448" ID="ST_376.15.1.23" STYLEREFS="Style_4" VPOS="2150" WIDTH="59" WC="0.95" CC="000" TAGREFS=""/>
          </TextLine>
          <TextLine HEIGHT="44" HPOS="297" ID="TL_376.15.2" VPOS="2199" WIDTH="1210">
            <String CONTENT="promotion" HEIGHT="44" HPOS="297" ID="ST_376.15.2.1" STYLEREFS="Style_4" VPOS="2199" WIDTH="193" WC="1.00" CC="000000000" TAGREFS=""/>
            <SP HPOS="490" ID="SP_376.15.2.2" VPOS="2199" WIDTH="11"/>
            <String CONTENT="should" HEIGHT="34" HPOS="501" ID="ST_376.15.2.3" STYLEREFS="Style_4" VPOS="2199" WIDTH="123" WC="0.99" CC="000000" TAGREFS=""/>
            <SP HPOS="624" ID="SP_376.15.2.4" VPOS="2199" WIDTH="11"/>
            <String CONTENT="be" HEIGHT="35" HPOS="635" ID="ST_376.15.2.5" STYLEREFS="Style_4" VPOS="2199" WIDTH="42" WC="1.00" CC="00" TAGREFS=""/>
            <SP HPOS="677" ID="SP_376.15.2.6" VPOS="2199" WIDTH="11"/>
            <String CONTENT="based" HEIGHT="35" HPOS="688" ID="ST_376.15.2.7" STYLEREFS="Style_4" VPOS="2199" WIDTH="105" WC="0.99" CC="00000" TAGREFS=""/>
            <SP HPOS="793" ID="SP_376.15.2.8" VPOS="2209" WIDTH="11"/>
            <String CONTENT="upon" HEIGHT="34" HPOS="804" ID="ST_376.15.2.9" STYLEREFS="Style_4" VPOS="2209" WIDTH="92" WC="0.94" CC="0000" TAGREFS=""/>
            <SP HPOS="896" ID="SP_376.15.2.10" VPOS="2199" WIDTH="11"/>
            <String CONTENT="the" HEIGHT="34" HPOS="907" ID="ST_376.15.2.11" STYLEREFS="Style_4" VPOS="2199" WIDTH="59" WC="0.83" CC="000" TAGREFS=""/>
            <SP HPOS="966" ID="SP_376.15.2.12" VPOS="2199" WIDTH="10"/>
            <String CONTENT="written" HEIGHT="35" HPOS="976" ID="ST_376.15.2.13" STYLEREFS="Style_4" VPOS="2199" WIDTH="136" WC="0.97" CC="0000000" TAGREFS=""/>
            <SP HPOS="1112" ID="SP_376.15.2.14" VPOS="2199" WIDTH="10"/>
            <String CONTENT="examination," HEIGHT="40" HPOS="1122" ID="ST_376.15.2.15" STYLEREFS="Style_4" VPOS="2199" WIDTH="244" WC="0.97" CC="000000000000" TAGREFS=""/>
            <SP HPOS="1366" ID="SP_376.15.2.16" VPOS="2199" WIDTH="12"/>
            <String CONTENT="since" HEIGHT="34" HPOS="1378" ID="ST_376.15.2.17" STYLEREFS="Style_4" VPOS="2199" WIDTH="93" WC="0.97" CC="00000" TAGREFS=""/>
            <SP HPOS="1471" ID="SP_376.15.2.18" VPOS="2199" WIDTH="9"/>
            <String CONTENT="it" HEIGHT="34" HPOS="1480" ID="ST_376.15.2.19" STYLEREFS="Style_4" VPOS="2199" WIDTH="27" WC="1.00" CC="00" TAGREFS=""/>
          </TextLine>
          <TextLine HEIGHT="44" HPOS="296" ID="TL_376.15.3" VPOS="2248" WIDTH="1211">
            <String CONTENT="was" HEIGHT="23" HPOS="296" ID="ST_376.15.3.1" STYLEREFS="Style_4" VPOS="2260" WIDTH="70" WC="0.97" CC="000" TAGREFS=""/>
            <SP HPOS="366" ID="SP_376.15.3.2" VPOS="2249" WIDTH="12"/>
            <String CONTENT="the" HEIGHT="34" HPOS="378" ID="ST_376.15.3.3" STYLEREFS="Style_4" VPOS="2249" WIDTH="59" WC="1.00" CC="000" TAGREFS=""/>
            <SP HPOS="437" ID="SP_376.15.3.4" VPOS="2249" WIDTH="10"/>
            <String CONTENT="only" HEIGHT="43" HPOS="447" ID="ST_376.15.3.5" STYLEREFS="Style_4" VPOS="2249" WIDTH="80" WC="0.94" CC="0000" TAGREFS=""/>
            <SP HPOS="527" ID="SP_376.15.3.6" VPOS="2249" WIDTH="12"/>
            <String CONTENT="examination" HEIGHT="34" HPOS="539" ID="ST_376.15.3.7" STYLEREFS="Style_4" VPOS="2249" WIDTH="233" WC="0.94" CC="00000000000" TAGREFS=""/>
            <SP HPOS="772" ID="SP_376.15.3.8" VPOS="2248" WIDTH="11"/>
            <String CONTENT="conducted." HEIGHT="35" HPOS="783" ID="ST_376.15.3.9" STYLEREFS="Style_4" VPOS="2248" WIDTH="205" WC="0.97" CC="0000000000" TAGREFS=""/>
            <SP HPOS="988" ID="SP_376.15.3.10" VPOS="2248" WIDTH="13"/>
            <String CONTENT="Nevertheless," HEIGHT="41" HPOS="1001" ID="ST_376.15.3.11" STYLEREFS="Style_4" VPOS="2248" WIDTH="255" WC="0.95" CC="0000000000000" TAGREFS=""/>
            <SP HPOS="1256" ID="SP_376.15.3.12" VPOS="2248" WIDTH="11"/>
            <String CONTENT="the" HEIGHT="35" HPOS="1267" ID="ST_376.15.3.13" STYLEREFS="Style_4" VPOS="2248" WIDTH="59" WC="1.00" CC="000" TAGREFS=""/>
            <SP HPOS="1326" ID="SP_376.15.3.14" VPOS="2253" WIDTH="11"/>
            <String CONTENT="statutory" HEIGHT="39" HPOS="1337" ID="ST_376.15.3.15" STYLEREFS="Style_4" VPOS="2253" WIDTH="170" WC="1.00" CC="000000000" TAGREFS=""/>
          </TextLine>
          <TextLine HEIGHT="44" HPOS="297" ID="TL_376.15.4" VPOS="2298" WIDTH="1211">
            <String CONTENT="language" HEIGHT="43" HPOS="297" ID="ST_376.15.4.1" STYLEREFS="Style_4" VPOS="2299" WIDTH="172" WC="0.94" CC="00000000" TAGREFS=""/>
            <SP HPOS="469" ID="SP_376.15.4.2" VPOS="2299" WIDTH="10"/>
            <String CONTENT="is" HEIGHT="34" HPOS="479" ID="ST_376.15.4.3" STYLEREFS="Style_4" VPOS="2299" WIDTH="27" WC="1.00" CC="00" TAGREFS=""/>
            <SP HPOS="506" ID="SP_376.15.4.4" VPOS="2298" WIDTH="11"/>
            <String CONTENT="equally" HEIGHT="44" HPOS="517" ID="ST_376.15.4.5" STYLEREFS="Style_4" VPOS="2298" WIDTH="137" WC="0.95" CC="0000000" TAGREFS=""/>
            <SP HPOS="654" ID="SP_376.15.4.6" VPOS="2299" WIDTH="9"/>
            <String CONTENT="clear" HEIGHT="34" HPOS="663" ID="ST_376.15.4.7" STYLEREFS="Style_4" VPOS="2299" WIDTH="93" WC="1.00" CC="00000" TAGREFS=""/>
            <SP HPOS="756" ID="SP_376.15.4.8" VPOS="2299" WIDTH="10"/>
            <String CONTENT="that" HEIGHT="34" HPOS="766" ID="ST_376.15.4.9" STYLEREFS="Style_4" VPOS="2299" WIDTH="76" WC="1.00" CC="0000" TAGREFS=""/>
            <SP HPOS="842" ID="SP_376.15.4.10" VPOS="2298" WIDTH="10"/>
            <String CONTENT="other" HEIGHT="34" HPOS="852" ID="ST_376.15.4.11" STYLEREFS="Style_4" VPOS="2298" WIDTH="98" WC="1.00" CC="00000" TAGREFS=""/>
            <SP HPOS="950" ID="SP_376.15.4.12" VPOS="2303" WIDTH="10"/>
            <String CONTENT="types" HEIGHT="38" HPOS="960" ID="ST_376.15.4.13" STYLEREFS="Style_4" VPOS="2303" WIDTH="97" WC="1.00" CC="00000" TAGREFS=""/>
            <SP HPOS="1057" ID="SP_376.15.4.14" VPOS="2298" WIDTH="10"/>
            <String CONTENT="of" HEIGHT="35" HPOS="1067" ID="ST_376.15.4.15" STYLEREFS="Style_4" VPOS="2298" WIDTH="40" WC="1.00" CC="00" TAGREFS=""/>
            <SP HPOS="1107" ID="SP_376.15.4.16" VPOS="2298" WIDTH="7"/>
            <String CONTENT="examinations" HEIGHT="35" HPOS="1114" ID="ST_376.15.4.17" STYLEREFS="Style_4" VPOS="2298" WIDTH="250" WC="0.85" CC="000000000000" TAGREFS=""/>
            <SP HPOS="1364" ID="SP_376.15.4.18" VPOS="2309" WIDTH="11"/>
            <String CONTENT="may" HEIGHT="33" HPOS="1375" ID="ST_376.15.4.19" STYLEREFS="Style_4" VPOS="2309" WIDTH="80" WC="0.73" CC="000" TAGREFS=""/>
            <SP HPOS="1455" ID="SP_376.15.4.20" VPOS="2298" WIDTH="10"/>
            <String CONTENT="be" HEIGHT="34" HPOS="1465" ID="ST_376.15.4.21" STYLEREFS="Style_4" VPOS="2298" WIDTH="43" WC="1.00" CC="00" TAGREFS=""/>
          </TextLine>
          <TextLine HEIGHT="44" HPOS="296" ID="TL_376.15.5" VPOS="2348" WIDTH="1211">
            <String CONTENT="given" HEIGHT="42" HPOS="296" ID="ST_376.15.5.1" STYLEREFS="Style_4" VPOS="2349" WIDTH="99" WC="0.94" CC="00000" TAGREFS=""/>
            <SP HPOS="395" ID="SP_376.15.5.2" VPOS="2359" WIDTH="11"/>
            <String CONTENT="as" HEIGHT="24" HPOS="406" ID="ST_376.15.5.3" STYLEREFS="Style_4" VPOS="2359" WIDTH="37" WC="1.00" CC="00" TAGREFS=""/>
            <SP HPOS="443" ID="SP_376.15.5.4" VPOS="2349" WIDTH="10"/>
            <String CONTENT="long" HEIGHT="42" HPOS="453" ID="ST_376.15.5.5" STYLEREFS="Style_4" VPOS="2349" WIDTH="79" WC="0.94" CC="0000" TAGREFS=""/>
            <SP HPOS="532" ID="SP_376.15.5.6" VPOS="2359" WIDTH="10"/>
            <String CONTENT="as" HEIGHT="23" HPOS="542" ID="ST_376.15.5.7" STYLEREFS="Style_4" VPOS="2359" WIDTH="38" WC="1.00" CC="00" TAGREFS=""/>
            <SP HPOS="580" ID="SP_376.15.5.8" VPOS="2348" WIDTH="10"/>
            <String CONTENT="they" HEIGHT="44" HPOS="590" ID="ST_376.15.5.9" STYLEREFS="Style_4" VPOS="2348" WIDTH="81" WC="0.87" CC="0000" TAGREFS=""/>
            <SP HPOS="671" ID="SP_376.15.5.10" VPOS="2348" WIDTH="9"/>
            <String CONTENT="fall" HEIGHT="35" HPOS="680" ID="ST_376.15.5.11" STYLEREFS="Style_4" VPOS="2348" WIDTH="61" WC="0.93" CC="0000" TAGREFS=""/>
            <SP HPOS="741" ID="SP_376.15.5.12" VPOS="2348" WIDTH="10"/>
            <String CONTENT="within" HEIGHT="34" HPOS="751" ID="ST_376.15.5.13" STYLEREFS="Style_4" VPOS="2348" WIDTH="119" WC="0.95" CC="000000" TAGREFS=""/>
            <SP HPOS="870" ID="SP_376.15.5.14" VPOS="2353" WIDTH="10"/>
            <String CONTENT="statutory" HEIGHT="39" HPOS="880" ID="ST_376.15.5.15" STYLEREFS="Style_4" VPOS="2353" WIDTH="171" WC="1.00" CC="000000000" TAGREFS=""/>
            <SP HPOS="1051" ID="SP_376.15.5.16" VPOS="2348" WIDTH="9"/>
            <String CONTENT="criteria." HEIGHT="35" HPOS="1060" ID="ST_376.15.5.17" STYLEREFS="Style_4" VPOS="2348" WIDTH="148" WC="1.00" CC="000000000" TAGREFS=""/>
            <SP HPOS="1208" ID="SP_376.15.5.18" VPOS="2349" WIDTH="11"/>
            <String CONTENT="Any" HEIGHT="42" HPOS="1219" ID="ST_376.15.5.19" STYLEREFS="Style_4" VPOS="2349" WIDTH="80" WC="0.79" CC="000" TAGREFS=""/>
            <SP HPOS="1299" ID="SP_376.15.5.20" VPOS="2353" WIDTH="9"/>
            <String CONTENT="request" HEIGHT="38" HPOS="1308" ID="ST_376.15.5.21" STYLEREFS="Style_4" VPOS="2353" WIDTH="137" WC="0.97" CC="0000000" TAGREFS=""/>
            <SP HPOS="1445" ID="SP_376.15.5.22" VPOS="2348" WIDTH="9"/>
            <String CONTENT="for" HEIGHT="34" HPOS="1454" ID="ST_376.15.5.23" STYLEREFS="Style_4" VPOS="2348" WIDTH="53" WC="1.00" CC="000" TAGREFS=""/>
          </TextLine>
          <TextLine HEIGHT="43" HPOS="298" ID="TL_376.15.6" VPOS="2397" WIDTH="1209">
            <String CONTENT="further" HEIGHT="34" HPOS="298" ID="ST_376.15.6.1" STYLEREFS="Style_4" VPOS="2398" WIDTH="133" WC="1.00" CC="0000000" TAGREFS=""/>
            <SP HPOS="431" ID="SP_376.15.6.2" VPOS="2398" WIDTH="11"/>
            <String CONTENT="clarification" HEIGHT="34" HPOS="442" ID="ST_376.15.6.3" STYLEREFS="Style_4" VPOS="2398" WIDTH="226" WC="0.96" CC="0000000000000" TAGREFS=""/>
            <SP HPOS="668" ID="SP_376.15.6.4" VPOS="2409" WIDTH="13"/>
            <String CONTENT="as" HEIGHT="23" HPOS="681" ID="ST_376.15.6.5" STYLEREFS="Style_4" VPOS="2409" WIDTH="37" WC="0.97" CC="00" TAGREFS=""/>
            <SP HPOS="718" ID="SP_376.15.6.6" VPOS="2403" WIDTH="11"/>
            <String CONTENT="to" HEIGHT="29" HPOS="729" ID="ST_376.15.6.7" STYLEREFS="Style_4" VPOS="2403" WIDTH="36" WC="1.00" CC="00" TAGREFS=""/>
            <SP HPOS="765" ID="SP_376.15.6.8" VPOS="2398" WIDTH="11"/>
            <String CONTENT="what" HEIGHT="34" HPOS="776" ID="ST_376.15.6.9" STYLEREFS="Style_4" VPOS="2398" WIDTH="93" WC="1.00" CC="0000" TAGREFS=""/>
            <SP HPOS="869" ID="SP_376.15.6.10" VPOS="2403" WIDTH="11"/>
            <String CONTENT="types" HEIGHT="37" HPOS="880" ID="ST_376.15.6.11" STYLEREFS="Style_4" VPOS="2403" WIDTH="97" WC="0.97" CC="00000" TAGREFS=""/>
            <SP HPOS="977" ID="SP_376.15.6.12" VPOS="2397" WIDTH="11"/>
            <String CONTENT="of" HEIGHT="35" HPOS="988" ID="ST_376.15.6.13" STYLEREFS="Style_4" VPOS="2397" WIDTH="39" WC="1.00" CC="00" TAGREFS=""/>
            <SP HPOS="1027" ID="SP_376.15.6.14" VPOS="2398" WIDTH="9"/>
            <String CONTENT="examinations" HEIGHT="34" HPOS="1036" ID="ST_376.15.6.15" STYLEREFS="Style_4" VPOS="2398" WIDTH="251" WC="0.89" CC="000000000000" TAGREFS=""/>
            <SP HPOS="1287" ID="SP_376.15.6.16" VPOS="2408" WIDTH="12"/>
            <String CONTENT="are" HEIGHT="23" HPOS="1299" ID="ST_376.15.6.17" STYLEREFS="Style_4" VPOS="2408" WIDTH="59" WC="1.00" CC="000" TAGREFS=""/>
            <SP HPOS="1358" ID="SP_376.15.6.18" VPOS="2398" WIDTH="10"/>
            <String CONTENT="author-" HEIGHT="34" HPOS="1368" ID="ST_376.15.6.19" STYLEREFS="Style_4" VPOS="2398" WIDTH="139" WC="0.90" CC="0000000" TAGREFS=""/>
          </TextLine>
        </TextBlock>
      </PrintSpace>
    </Page>
  </Layout>
</alto>
