1657 2694
132 422 188 30 statement
340 417 111 35 would
472 418 88 34 have
579 418 150 35 affected
750 419 58 34 the
828 419 106 35 result
954 420 35 34 in
1009 419 59 35 the
1088 430 89 24 case.

1274 279 64 33 481

318 495 74 34 The
407 495 184 43 appellee’s
607 495 131 35 motion
755 500 35 30 to
805 506 137 24 recover
958 495 59 35 the
1032 501 74 29 cost
1121 496 40 34 of
1173 507 20 24 a
1209 496 134 44 supple­

134 549 159 39 mentary
314 545 152 34 abstract
486 544 39 35 of
542 545 60 35 the
622 545 119 35 record
762 545 27 34 is
809 545 134 35 denied.
966 546 111 34 Much
1097 546 40 34 of
1153 546 59 35 the
1232 545 112 36 added

134 594 160 35 material
313 605 69 24 was
401 605 240 34 unnecessary.
663 596 39 34 In
721 595 77 35 that
816 596 164 35 situation
999 607 51 23 we
1068 596 44 35 do
1131 602 59 29 not
1208 596 59 35 sift
1286 596 59 35 the

135 644 120 34 record
265 650 35 29 to
309 644 121 35 decide
435 644 73 44 just
517 645 94 35 what
620 645 191 35 additional
820 651 90 29 costs
920 646 111 43 might
1041 646 43 34 be
1094 646 153 35 allowed.
1257 646 85 35 Ark.

134 694 165 44 Foundry
319 696 59 34 Co.
396 706 31 23 v.
445 695 147 41 Farrell,
611 696 66 34 238
696 695 85 34 Ark.
800 697 78 40 757,
898 697 65 34 385
982 695 144 35 S.W.2d
1144 697 43 34 26
1207 696 136 43 (1965).

227 770 180 35 Affirmed.

227 847 160 39 Purtle,
407 847 42 40 J.,
471 852 59 29 not
550 847 256 44 participating.

229 1123 71 33 Eva
321 1123 86 34 Jean
429 1122 219 44 (Shaddock)
672 1123 279 35 ETHERIDGE
971 1133 28 24 v.
1022 1123 138 34 Donald
1180 1124 77 43 Ray

607 1172 272 34 SHADDOCK

139 1247 130 34 85-306

1028 1249 68 34 706
1117 1249 142 35 S.W.2d
1280 1250 65 34 395

466 1324 171 44 Supreme
656 1325 112 34 Court
786 1325 39 34 of
842 1326 179 34 Arkansas

430 1374 151 44 Opinion
602 1374 172 35 delivered
793 1375 99 44 April
913 1376 32 40 7,
971 1376 87 34 1986

230 1941 135 42 Kinney
388 1940 31 34 &
440 1941 145 43 Kinney,
606 1940 54 35 for
680 1940 186 44 appellant.

230 2018 80 33 Dan
329 2019 109 39 Dane,
459 2016 53 35 for
532 2018 166 43 appellee.

231 2093 161 35 George
415 2094 99 34 Rose
537 2094 133 41 Smith,
694 2094 140 34 Justice.

858 2094 83 35 This
964 2095 28 34 is
1015 2105 20 24 a
1059 2095 144 43 petition
1226 2096 44 43 by
1292 2095 59 34 the

139 2143 188 42 appellant,
338 2153 75 24 now
424 2143 71 34 Eva
505 2144 87 34 Jean
603 2143 197 43 Etheridge,
811 2143 53 35 for
874 2155 20 23 a
904 2145 135 42 change
1047 2144 40 34 of
1093 2145 145 43 custody
1246 2144 40 35 of
1292 2145 59 34 the

139 2192 140 43 parties’
293 2197 67 29 two
372 2192 165 35 children.
550 2193 75 34 The
637 2193 196 34 chancellor
844 2193 124 35 denied
981 2193 59 35 the
1052 2194 155 43 petition,
1220 2193 130 44 finding

139 2241 78 35 that
241 2242 97 34 there
362 2241 68 36 had
455 2242 86 35 been
566 2253 44 24 no
633 2243 135 43 change
791 2242 39 35 of
850 2243 192 35 conditions
1066 2244 127 43 calling
1217 2243 53 36 for
1293 2244 59 34 the

140 2292 183 43 requested
342 2292 235 35 modification
595 2293 39 35 of
648 2294 60 34 the
725 2292 136 36 divorce
878 2293 132 35 decree.
1030 2294 88 34 Mrs.
1138 2294 213 43 Etheridge’s

140 2342 125 43 appeal
285 2353 115 24 comes
420 2347 35 30 to
475 2343 68 34 this
564 2349 98 29 court
682 2343 109 34 under
812 2344 90 34 Rule
922 2343 172 43 29(l)(c).

231 2418 75 34 The
325 2418 127 44 parties
472 2429 89 24 were
581 2418 150 35 married
752 2419 34 33 in
811 2420 82 33 1971
918 2419 69 35 and
1006 2419 160 34 divorced
1186 2420 35 34 in
1240 2420 110 43 April,
