1632 2696
1272 286 43 35 97

200 1085 141 40 Gibson,
371 1085 132 35 Gibson
532 1086 31 33 &
591 1084 172 41 Hashem,
790 1084 55 44 by:
875 1085 37 34 C.
942 1085 37 34 C.
1009 1083 141 40 Gibson,
1178 1085 64 40 III,
1269 1083 54 35 for

107 1136 205 43 appellants.

204 1211 228 39 Williamson,
454 1210 83 35 Ball
559 1212 30 33 &
612 1210 96 41 Bird,
730 1210 53 34 for
803 1210 182 44 appellees.

200 1287 162 34 George
380 1287 99 34 Rose
496 1286 133 41 Smith,
647 1286 142 34 Justice.

809 1286 122 34 Mellie
947 1285 147 35 Nichols
1112 1286 99 40 Deal,
1231 1286 54 40 88,
1304 1296 20 23 a

109 1336 152 35 resident
277 1336 40 35 of
331 1336 215 41 Monticello,
564 1336 80 34 died
661 1341 127 29 testate
804 1336 35 34 in
855 1336 112 44 April,
988 1336 101 40 1984,
1106 1335 157 35 survived
1280 1335 44 44 by

109 1392 68 29 two
193 1397 90 30 sons,
299 1387 59 34 the
373 1386 205 44 appellants,
594 1386 69 34 and
679 1391 68 29 two
762 1386 199 43 daughters,
977 1386 60 34 the
1052 1385 182 44 appellees.
1251 1384 74 35 The

109 1436 85 34 bulk
208 1436 39 34 of
259 1436 60 34 the
333 1441 120 36 estate,
468 1436 189 42 consisting
672 1435 39 35 of
722 1435 206 35 certificates
943 1435 40 34 of
994 1435 135 44 deposit
1144 1435 68 34 and
1227 1435 98 34 other

109 1486 110 43 liquid
237 1491 108 29 assets
363 1485 123 35 valued
505 1491 37 29 at
559 1485 108 35 about
686 1486 185 40 $125,000,
889 1496 70 23 was
978 1485 63 34 left
1059 1485 138 43 equally
1214 1490 35 29 to
1267 1485 59 34 the

109 1536 189 34 testatrix’s
313 1535 77 35 four
403 1535 156 35 children
573 1535 69 35 and
656 1540 154 39 presents
825 1546 43 23 no
882 1535 167 44 problem.
1064 1535 83 34 Two
1160 1534 164 44 disputes,

110 1586 168 40 however,
300 1586 87 34 have
407 1586 113 34 arisen
541 1585 83 35 with
645 1591 134 38 respect
799 1590 36 29 to
855 1585 59 34 the
934 1585 188 34 testatrix’s
1143 1584 182 41 furniture,

110 1635 192 35 household
322 1635 116 43 goods,
459 1635 70 35 and
549 1635 99 35 other
668 1635 159 44 personal
847 1634 131 35 effects.

204 1711 100 41 First,
318 1711 34 34 in
365 1721 20 24 a
398 1710 197 45 paragraph
608 1716 35 29 to
657 1711 43 34 be
711 1710 128 44 quoted
852 1710 34 35 in
899 1721 21 24 a
933 1715 166 36 moment,
1112 1710 60 34 the
1183 1710 68 34 will
1264 1709 62 35 left

111 1761 46 34 all
172 1761 85 34 such
272 1761 137 34 articles
423 1760 39 35 of
473 1761 155 43 tangible
642 1761 158 43 personal
815 1765 161 39 property
990 1765 36 30 to
1040 1760 60 35 the
1113 1765 68 29 two
1194 1759 132 44 daugh-

111 1816 69 29 ters
197 1822 38 23 as
250 1816 157 35 trustees,
424 1816 35 29 to
475 1811 44 34 be
534 1810 257 44 appropriately
805 1809 207 35 distributed
1028 1810 46 43 by
1089 1810 96 34 them
1200 1820 126 32 among

111 1861 60 34 the
181 1860 78 35 four
268 1860 165 35 children.
444 1860 75 34 The
527 1871 79 23 sons
616 1859 203 45 questioned
828 1860 59 34 the
895 1859 144 44 validity
1048 1859 40 35 of
1094 1859 77 35 that
1179 1864 100 36 trust,
1289 1870 38 23 as

112 1910 103 43 being
224 1915 58 29 too
291 1910 177 34 indefinite
476 1915 36 29 to
521 1910 44 34 be
573 1909 230 35 enforceable.
813 1910 75 33 The
895 1909 146 44 probate
1046 1909 108 43 judge
1162 1909 80 34 held
1251 1909 76 34 that

111 1960 60 34 the
183 1965 89 29 trust
284 1960 27 34 is
324 1959 102 42 valid,
439 1960 62 34 but
513 1960 77 34 that
602 1959 60 35 the
673 1959 185 35 discretion
869 1959 119 35 vested
1000 1959 35 35 in
1046 1959 60 35 the
1117 1964 146 30 trustees
1276 1958 51 35 “is

111 2015 61 29 not
187 2010 136 43 subject
337 2015 35 29 to
388 2010 132 34 control
536 2010 45 44 by
597 2021 68 32 any
680 2020 123 34 person
818 2020 38 24 or
871 2010 133 34 court.”
1020 2009 75 35 The
1110 2020 78 24 sons
1205 2009 123 44 appeal

112 2060 91 34 from
222 2060 77 34 that
318 2060 162 41 decision,
499 2059 161 44 bringing
679 2060 59 34 the
756 2070 79 24 case
853 2064 36 30 to
907 2060 68 34 this
994 2064 99 30 court
1110 2059 110 34 under
1239 2059 90 34 Rule

113 2109 176 44 29(l)(p).

204 2184 148 41 Second,
364 2184 144 35 Martha
519 2184 89 34 Deal
618 2183 231 41 Huddleston,
860 2184 176 34 executrix
1045 2183 40 35 of
1091 2184 59 34 the
1159 2184 79 40 will,
1248 2183 80 34 filed

113 2245 20 23 a
151 2233 146 44 petition
315 2234 149 43 alleging
481 2234 77 34 that
576 2234 61 34 her
654 2239 68 29 two
740 2234 156 34 brothers
914 2233 70 35 had
1001 2233 207 44 wrongfully
1224 2233 105 34 taken

112 2284 138 34 various
264 2284 137 34 articles
414 2283 184 43 belonging
611 2288 35 30 to
659 2283 60 35 the
731 2288 121 36 estate,
864 2283 165 43 claiming
1042 2283 203 43 ownership.
1259 2282 71 34 She

114 2333 107 35 asked
237 2334 77 34 that
330 2333 59 35 the
405 2333 156 35 brothers
578 2333 43 34 be
636 2333 155 34 directed
807 2338 35 29 to
858 2338 118 29 return
992 2333 60 34 the
1068 2337 171 39 property.
1256 2332 75 34 The

114 2383 80 35 trial
211 2383 109 44 judge
339 2383 80 35 held
439 2383 77 35 that
536 2383 59 35 the
615 2383 145 44 probate
779 2388 99 29 court
898 2382 69 35 had
987 2393 45 24 no
1052 2382 279 43 subject-matter

110 2433 221 44 jurisdiction
363 2433 39 35 of
430 2433 77 35 that
538 2433 156 44 petition,
726 2433 113 34 which
870 2444 71 23 was
972 2432 183 35 dismissed
1186 2432 145 34 without
