1653 2688
422 414 65 23 one
496 403 76 34 that
581 403 68 34 will
659 413 103 24 cause
771 403 59 33 the
839 403 86 33 least
935 402 180 34 confusion
1125 401 28 34 is
1163 401 59 34 the
1230 411 65 24 one
1305 400 149 44 adopted
1464 400 45 42 by

422 453 59 33 the
491 452 161 43 majority
662 451 39 34 of
707 451 59 34 the
775 456 125 29 courts:
912 451 33 34 A
954 461 105 24 cause
1067 450 40 34 of
1113 451 115 33 action
1238 449 67 34 will
1316 455 59 28 not
1385 460 124 23 accrue

422 500 109 35 under
546 501 59 34 the
619 500 176 43 discovery
810 500 73 33 rule
897 500 87 33 until
999 500 59 33 the
1072 499 154 43 plaintiff
1237 498 170 34 discovers
1422 508 38 23 or
1475 498 34 33 in

422 550 59 34 the
490 550 150 34 exercise
649 549 39 34 of
694 549 202 35 reasonable
905 548 169 43 diligence
1083 548 122 34 should
1215 548 87 33 have
1311 546 197 35 discovered

423 604 59 30 not
496 600 80 43 only
591 599 76 35 that
683 598 43 35 he
741 599 62 34 has
818 598 87 35 been
921 597 135 44 injured
1071 597 62 34 but
1149 597 72 35 also
1236 597 77 34 that
1328 596 52 35 his
1396 596 113 43 injury

423 660 80 33 may
523 650 87 34 have
630 649 86 34 been
737 648 127 35 caused
884 648 45 43 by
949 648 59 35 the
1027 646 218 36 defendant’s
1265 646 159 35 conduct.

300 264 67 34 584

390 736 39 33 In
451 735 78 34 US.
548 746 30 22 v.
598 734 167 41 Kubrick,
785 735 69 33 444
873 733 83 35 U.S.
980 734 60 33 111
1066 732 137 43 (1979),
1223 743 20 23 a
1264 731 142 35 Federal
1425 733 83 33 Tort

300 784 132 35 Claims
448 787 70 31 Act
534 795 89 29 case,
640 783 59 34 the
714 783 166 34 claimant
897 782 133 43 alleged
1047 782 76 34 that
1139 781 181 44 neomycin
1337 781 68 35 had
1422 781 86 34 been

300 833 209 43 negligently
524 832 196 45 prescribed
736 844 37 23 as
789 844 20 23 a
825 832 140 44 remedy
981 832 53 34 for
1050 831 52 34 his
1118 831 151 35 infected
1285 831 54 42 leg
1355 831 69 34 and
1440 830 69 34 had

300 883 126 35 caused
436 883 72 34 him
518 887 35 30 to
562 883 71 34 lose
642 882 52 34 his
704 882 152 43 hearing.
867 881 74 35 The
950 882 170 43 Supreme
1129 881 111 34 Court
1249 880 80 34 held
1338 881 59 34 the
1406 891 103 23 cause

299 933 39 35 of
346 933 114 35 action
471 932 147 35 accrued
630 932 98 34 when
739 932 58 35 the
808 931 166 35 claimant
985 930 139 36 learned
1136 936 59 29 not
1202 930 72 44 just
1285 930 41 34 of
1332 931 52 34 his
1396 930 113 43 injury

299 983 68 35 and
380 983 43 34 its
435 993 114 30 cause,
562 982 62 35 but
635 982 99 34 when
747 982 43 34 he
801 981 134 35 further
947 992 69 24 was
1028 981 100 43 given
1141 991 121 24 reason
1275 985 35 29 to
1322 985 137 39 suspect
1471 991 37 23 or

300 1032 139 36 learned
450 1032 90 35 from
551 1032 144 35 another
705 1031 119 35 doctor
834 1032 76 34 that
921 1032 58 34 the
990 1030 211 45 prescribing
1212 1030 119 35 doctor
1342 1030 69 35 had
1422 1030 86 34 been

300 1083 183 42 negligent.
495 1083 74 33 The
581 1081 142 35 Federal
734 1083 84 33 Tort
829 1081 132 35 Claims
972 1082 69 33 Act
1052 1080 185 35 limitation
1248 1080 170 44 provision
1429 1080 79 34 thus

299 1142 80 33 may
407 1132 42 34 be
475 1131 105 35 tolled
608 1131 52 34 for
687 1142 20 23 a
735 1130 117 45 period
879 1141 83 24 even
990 1131 118 42 longer
1135 1131 84 33 than
1247 1129 108 35 Chief
1378 1129 131 35 Justice

300 1181 180 34 Kenison’s
500 1181 138 44 opinion
658 1180 162 44 provided
840 1180 82 34 with
942 1184 133 39 respect
1094 1184 35 29 to
1148 1191 21 23 a
1188 1180 89 33 New
1297 1179 212 43 Hampshire

299 1236 130 29 statute
448 1230 39 34 of
504 1230 212 34 limitations.

389 1316 104 34 None
506 1316 40 34 of
556 1316 97 34 these
667 1326 96 24 cases
777 1315 95 35 deals
887 1315 81 35 with
983 1315 60 34 the
1055 1314 164 35 situation
1235 1314 82 34 with
1332 1314 112 34 which
1458 1325 51 22 we

299 1376 59 23 are
374 1365 213 34 confronted.
607 1366 94 33 Here
717 1365 59 34 the
793 1364 186 44 appellant,
998 1365 183 42 Margaret
1198 1364 194 41 McEntire,
1410 1364 97 33 knew

299 1415 60 34 she
378 1414 68 35 had
466 1414 86 35 been
571 1414 168 35 battered.
760 1416 73 33 Her
851 1414 189 44 complaint
1058 1413 179 35 described
1256 1413 59 34 the
1334 1413 119 35 attack
1470 1423 38 24 as

300 1464 154 41 “willful,
479 1464 203 35 intentional
707 1464 67 34 and
799 1464 224 34 barbarous.”
1048 1463 71 34 She
1142 1463 177 43 obviously
1342 1464 98 33 knew
1464 1463 45 43 by

299 1514 112 34 whom
429 1513 61 35 she
506 1513 69 35 had
593 1514 86 34 been
696 1514 118 34 struck
831 1513 68 34 and
917 1514 76 33 that
1010 1513 61 34 she
1087 1523 70 24 was
1174 1512 145 44 injured.
1339 1514 73 33 Her
1429 1512 80 43 only

299 1563 133 44 alleged
451 1563 78 35 lack
545 1563 39 35 of
599 1563 200 44 knowledge
816 1574 69 23 was
904 1573 37 24 as
959 1568 35 29 to
1012 1563 59 34 the
1089 1567 116 30 extent
1223 1562 39 34 of
1277 1562 61 34 her
1356 1562 150 43 injuries.

389 1649 74 34 The
475 1649 202 44 appellants’
690 1648 82 35 final
783 1648 143 35 citation
939 1649 27 34 is
977 1647 172 35 Everhart
1159 1659 30 23 v.
1201 1647 131 39 Rich’s,
1345 1649 82 39 Inc.,
1440 1648 67 33 229

300 1698 66 35 Ga.
383 1699 79 40 798,
482 1699 64 33 194
561 1697 126 35 S.E.2d
703 1698 66 34 425
789 1697 137 43 (1972).
943 1699 39 33 In
997 1698 77 34 that
1089 1708 79 24 case
1183 1697 58 34 the
1257 1697 167 44 plaintiffs
1440 1696 68 35 had

299 1747 192 44 purchased
509 1747 177 44 fiberglass
704 1747 175 45 draperies
897 1747 111 35 which
1026 1746 249 44 disintegrated
1292 1757 80 24 over
1390 1758 20 23 a
1428 1747 79 42 long

299 1797 117 44 period
427 1797 136 44 placing
574 1797 178 43 fiberglass
763 1797 160 44 particles
935 1797 34 34 in
979 1796 90 35 their
1079 1796 103 35 home
1191 1796 238 35 environment
1439 1795 68 35 and

299 1848 142 42 causing
453 1847 123 34 illness.
588 1847 74 34 The
673 1847 152 43 Georgia
836 1847 169 43 Supreme
1016 1846 111 34 Court
1137 1846 79 35 held
1227 1846 87 40 that,
1326 1847 113 33 where
1450 1846 59 34 the

299 1896 133 43 alleged
443 1907 115 32 wrong
569 1897 28 34 is
608 1896 127 35 breach
746 1896 39 35 of
793 1907 20 24 a
823 1896 86 43 duty
919 1901 35 30 to
964 1907 94 23 warn
1069 1895 39 35 of
1115 1906 21 24 a
1147 1895 193 35 hazardous
1351 1895 156 45 product,

298 1947 59 33 the
365 1957 103 23 cause
476 1946 40 34 of
521 1946 114 34 action
644 1946 81 34 does
735 1951 59 29 not
803 1956 125 24 accrue
935 1946 88 34 until
1032 1956 44 23 an
1085 1945 114 43 injury
1208 1946 28 33 is
1245 1945 261 35 ascertainable.

298 1996 74 33 The
381 1995 137 43 opinion
529 1995 112 44 points
651 2000 60 29 out
721 1996 76 33 that
807 1995 34 34 in
851 1995 84 34 such
945 2006 21 23 a
975 2006 80 23 case
1064 1995 59 34 the
1132 2000 69 29 tort
1209 1995 68 33 will
1287 1995 43 33 be
1339 1994 168 43 regarded

299 2055 37 24 as
353 2044 200 43 continuing
571 2044 87 35 until
676 2043 211 41 eliminated,
906 2043 53 36 for
976 2044 169 43 example,
1163 2044 45 43 by
1225 2043 154 44 warning
1397 2043 38 35 of
1449 2044 59 33 the

299 2093 140 35 hazard.
455 2094 74 34 The
544 2094 192 43 appellants
751 2094 34 34 in
801 2094 59 34 the
874 2104 80 24 case
968 2104 75 24 now
1058 2092 119 36 before
1191 2104 40 23 us
1246 2093 63 34 ask
1322 2104 40 24 us
1377 2098 35 29 to
1427 2092 80 35 hold

298 2144 76 34 that
383 2143 59 34 the
450 2143 201 43 continuing
660 2143 144 44 leakage
813 2143 40 34 of
858 2143 59 34 the
927 2144 115 34 breast
1051 2143 146 43 implant
1206 2142 91 35 after
1305 2143 60 34 the
1374 2142 133 43 alleged

298 2192 136 44 battery
452 2193 27 34 is
497 2193 188 43 analogous
702 2197 36 30 to
755 2193 59 34 the
831 2192 261 44 disintegration
1110 2192 39 35 of
1163 2192 59 35 the
1239 2192 185 43 draperies.
1443 2193 65 33 We

298 2242 133 35 decline
442 2248 34 29 to
487 2242 44 36 do
542 2254 47 23 so.
601 2243 74 34 The
685 2243 201 42 continuing
897 2247 68 30 tort
976 2243 121 42 theory
1108 2242 34 35 in
1152 2241 172 35 Everhart
1333 2254 30 22 v.
1375 2241 130 40 Rich’s,

298 2293 82 40 Inc.,
394 2303 118 33 supra,
526 2303 70 24 was
609 2291 84 35 used
706 2297 36 30 to
755 2297 142 39 support
909 2292 121 43 tolling
1043 2292 59 34 the
1114 2297 130 29 statute
1256 2291 40 35 of
1306 2291 202 35 limitations

298 2342 87 34 until
411 2342 124 43 injury,
562 2353 37 24 as
625 2341 150 44 opposed
801 2347 35 29 to
863 2341 42 35 its
931 2347 128 35 extent,
1086 2352 69 24 was
1181 2341 226 35 ascertained.
1435 2341 73 34 The

298 2391 151 43 Georgia
459 2392 126 34 court’s
595 2391 139 44 opinion
744 2391 243 43 distinguishes
997 2391 90 35 facts
1097 2391 131 35 similar
1237 2396 36 29 to
1282 2391 99 35 those
1390 2390 118 35 before
