1632 2696
1259 276 61 32 155

201 415 30 33 It
242 414 27 34 is
280 414 59 34 the
349 415 181 43 appellees’
542 415 168 34 assertion
720 415 76 34 that
806 415 59 34 the
875 421 138 38 request
1023 415 54 34 for
1087 416 59 33 the
1156 415 121 35 review
1287 415 34 34 in

108 464 68 34 this
203 474 80 24 case
309 464 79 43 only
414 464 192 35 concerned
632 465 59 34 the
717 464 114 35 denial
858 464 39 35 of
921 465 194 34 Hillcrest’s
1143 465 94 41 beds;
1263 465 59 34 the

108 514 164 43 approval
289 513 39 34 of
341 514 58 34 the
415 514 183 44 appellees’
615 514 85 34 beds
716 525 69 23 was
802 519 59 30 not
877 520 78 38 part
971 514 39 35 of
1023 515 77 34 that
1116 520 137 39 request
1269 515 53 34 for

108 563 133 34 review.
261 563 58 40 So,
338 574 37 23 as
393 569 35 28 to
446 564 59 34 the
523 564 184 43 appellees,
725 564 59 34 the
802 569 183 38 argument
1003 564 28 35 is
1050 565 103 34 made
1171 565 76 34 that
1264 565 59 34 the

108 613 101 34 order
229 624 70 23 was
319 613 92 34 final.

293 691 91 34 That
405 690 105 35 raises
532 690 59 35 the
611 691 159 43 question
791 690 39 35 of
847 691 153 34 whether
1021 691 60 34 the
1101 702 131 33 agency
1253 703 69 23 was

109 740 92 43 right
211 740 34 34 in
254 740 149 43 treating
413 740 67 34 this
489 751 38 24 as
537 751 20 24 a
567 741 123 34 review
699 740 39 35 of
744 741 59 34 the
811 741 151 34 decision
972 741 103 34 made
1084 741 183 43 regarding
1277 742 45 34 all

109 790 228 43 applications
351 790 67 34 and
432 790 45 34 all
491 791 64 33 481
573 790 94 35 beds.
684 791 164 34 Hillcrest
860 791 238 44 immediately
1111 791 141 35 notified
1265 792 59 34 the

109 840 177 43 appellant
299 851 131 32 agency
443 840 76 34 that
532 840 26 35 it
572 840 202 35 considered
787 841 45 34 all
846 841 228 44 applications
1087 841 35 35 in
1135 842 100 34 issue.
1249 842 74 34 The

109 900 132 33 agency
269 889 136 44 agreed.
433 891 65 33 We
525 890 88 35 have
639 890 114 35 stated
780 891 76 34 that
883 891 167 44 although
1077 892 60 34 the
1163 892 159 44 agency’s

109 939 263 44 interpretation
383 940 39 34 of
430 940 42 34 its
483 951 76 23 own
571 940 91 35 rules
674 940 27 35 is
713 941 205 43 persuasive,
931 941 26 35 it
968 941 28 35 is
1007 947 60 29 not
1078 941 142 44 binding
1231 952 92 34 upon

109 989 59 34 the
186 995 109 29 court.
315 990 74 34 The
407 990 263 44 interpretation
689 991 68 34 will
777 991 42 34 be
837 991 205 43 controlling
1061 992 114 34 unless
1195 992 129 44 plainly

108 1050 185 24 erroneous
312 1050 38 24 or
370 1040 233 35 inconsistent.
626 1040 142 35 Clinton
785 1052 30 23 v.
835 1041 125 35 Rehab
978 1041 171 44 Hospital
1166 1042 157 35 Services

110 1090 117 43 Corp.,
240 1090 66 34 285
319 1090 83 34 Ark.
417 1091 156 40 393, 688
586 1090 144 35 S.W.2d
741 1092 68 33 272
822 1090 137 44 (1985).
972 1092 39 33 In
1022 1102 20 23 a
1053 1091 101 35 letter
1165 1091 90 35 from
1265 1092 59 35 the

109 1139 150 34 director
277 1139 39 34 of
330 1140 59 34 the
406 1151 132 33 agency
556 1145 35 30 to
609 1140 59 35 the
686 1146 158 38 attorney
861 1140 54 35 for
932 1141 60 34 the
1010 1142 155 43 appellee
1183 1142 140 43 nursing

109 1189 131 41 homes,
262 1189 26 35 it
308 1201 69 23 was
398 1190 123 35 stated:

325 1267 103 34 Since
441 1267 45 35 all
500 1267 83 35 beds
596 1279 91 23 were
699 1268 181 41 allocated,
894 1269 59 34 the
966 1269 148 34 reversal
1127 1269 39 34 of
1176 1280 20 24 a
1209 1269 114 36 denial

234 1316 113 35 would
358 1317 135 44 require
503 1317 59 35 the
573 1317 179 35 reduction
763 1329 37 24 or
811 1319 147 34 reversal
969 1319 39 34 of
1016 1330 45 23 an
1071 1320 174 43 approval:
1257 1319 65 42 i.e.,

234 1366 30 34 if
281 1367 70 33 Mr.
373 1367 123 34 Brown
521 1367 208 42 [Hillcrest’s
750 1368 171 43 attorney]
945 1369 164 34 succeeds
1129 1369 35 34 in
1183 1369 140 43 gaining

234 1415 84 34 beds
329 1415 52 34 for
392 1416 51 34 his
454 1416 105 34 client
569 1417 83 34 then
663 1417 144 34 another
817 1418 177 43 applicant
1004 1429 38 23 or
1053 1418 192 44 applicants
1255 1419 69 34 will

234 1465 71 34 lose
316 1465 93 34 beds.
422 1465 106 42 Thus,
540 1466 59 34 the
611 1467 124 43 appeal
746 1466 39 35 of
793 1478 68 33 any
871 1466 115 36 denial
998 1473 93 29 must
1103 1468 43 34 be
1156 1468 167 43 regarded

234 1526 38 23 as
293 1526 44 23 an
358 1516 122 43 appeal
501 1515 39 35 of
557 1516 53 34 all
629 1516 173 44 approved
822 1517 239 44 applications.

334 1592 74 34 The
424 1603 132 33 agency
572 1593 107 34 based
696 1593 43 35 its
755 1593 151 35 decision
923 1605 44 23 on
982 1594 193 35 Statewide
1189 1595 134 34 Health

111 1641 257 44 Coordinating
375 1642 148 35 Council
530 1654 30 23 v.
572 1643 152 34 General
731 1643 188 44 Hospitals
927 1643 46 44 of
973 1645 179 39 Humana,
1163 1646 82 39 Inc.,
1256 1646 67 33 280

108 1691 86 34 Ark.
216 1692 80 40 443,
319 1692 67 34 660
406 1692 144 34 S.W.2d
571 1693 67 34 906
662 1692 137 44 (1983).
822 1694 39 34 In
881 1694 77 34 that
977 1705 81 24 case
1077 1705 51 23 we
1148 1694 80 35 held
1248 1695 76 34 that

108 1741 170 34 AHPDA
294 1752 70 24 was
381 1742 144 34 without
541 1742 177 44 authority
734 1748 36 29 to
786 1743 90 35 issue
892 1744 206 34 certificates
1115 1744 40 34 of
1167 1744 87 35 need
1270 1744 54 35 for

109 1790 59 34 the
179 1791 234 34 construction
424 1791 39 34 of
472 1792 83 34 beds
568 1792 112 34 which
692 1792 126 35 exceed
830 1793 58 34 the
899 1793 147 34 number
1058 1794 209 34 established
1279 1794 44 44 by

108 1840 60 34 the
188 1845 90 30 state
298 1840 117 35 health
436 1841 91 44 plan.
548 1841 75 35 The
643 1853 143 33 agency,
806 1843 168 44 correctly
994 1843 35 34 in
1049 1854 63 24 our
1128 1843 194 44 judgment,

108 1889 146 36 decided
265 1891 77 35 that
352 1890 29 35 if
389 1891 165 36 Hillcrest
564 1903 90 24 were
664 1892 161 36 awarded
836 1904 68 33 any
913 1893 85 35 beds
1008 1893 83 45 they
1100 1893 69 36 had
1180 1899 35 30 to
1226 1905 98 24 come

109 1940 91 36 from
214 1941 60 35 the
288 1943 64 33 481
371 1942 153 35 allotted.
540 1943 58 41 So,
614 1943 59 35 the
687 1944 141 43 nursing
843 1944 119 35 homes
976 1944 147 44 granted
1137 1944 83 36 beds
1235 1956 89 24 were

108 1992 209 43 necessarily
339 1993 149 34 affected
511 1993 45 43 by
578 1994 60 34 the
659 1994 122 34 review
803 1994 224 44 proceedings
1050 1995 69 34 and
1140 1995 102 34 could
1264 2001 60 29 not

109 2041 133 34 receive
256 2042 89 33 their
360 2042 206 35 certificates
581 2043 40 34 of
634 2043 87 34 need
736 2044 88 34 until
840 2044 194 34 Hillcrest’s
1049 2045 189 43 complaint
1253 2056 70 23 was

108 2090 165 33 resolved.
296 2091 103 33 Since
419 2091 59 33 the
499 2092 123 33 review
642 2103 71 22 was
734 2092 35 33 in
790 2103 136 32 process
947 2093 100 33 when
1068 2093 68 33 this
1157 2094 76 33 writ
1253 2104 70 23 was

108 2138 158 42 granted,
295 2149 44 23 no
366 2139 92 34 clear
485 2139 86 44 duty
598 2140 132 34 existed
758 2140 53 34 for
839 2141 59 34 the
925 2151 132 33 agency
1084 2147 36 28 to
1147 2142 91 34 issue
1264 2142 60 34 the

108 2187 218 36 certificates.
340 2188 74 34 The
426 2189 221 43 appropriate
659 2189 141 44 remedy
813 2189 53 35 for
878 2190 59 34 the
949 2190 172 44 appellees
1134 2201 69 24 was
1216 2196 60 29 not
1288 2196 35 29 to

108 2237 82 34 seek
211 2237 219 42 mandamus;
452 2238 135 35 instead
609 2239 82 44 they
712 2244 93 30 must
826 2240 104 34 await
951 2240 59 34 the
1031 2240 123 35 review
1175 2251 147 34 process.

109 2287 216 35 Mandamus
345 2288 27 34 is
392 2288 173 45 improper
583 2289 100 34 when
702 2289 97 35 there
818 2289 27 35 is
865 2301 44 23 an
929 2290 173 44 adequate
1121 2290 203 36 alternative

108 2337 153 44 remedy,
282 2338 112 34 which
415 2338 34 35 in
469 2339 68 34 this
558 2350 80 24 case
657 2351 70 23 was
748 2339 275 36 administrative
1042 2341 133 34 review.

201 2415 173 34 Reversed
395 2415 68 34 and
483 2415 192 35 dismissed.
