<?xml version='1.0' encoding='utf-8'?>
<alto xmlns="http://www.loc.gov/standards/alto/ns-v3#">
  <!--Created by Innodata R.E.D. RLI tool: 2017-04-25 06:27:37.160030-->
  <Description>
    <MeasurementUnit>pixel</MeasurementUnit>
    <sourceImageInformation>
      <fileName>32044078577194_00291_0.tif</fileName>
    </sourceImageInformation>
    <OCRProcessing ID="OP_1">
      <ocrProcessingStep>
        <processingStepDescription>Alto coordinates refer to the deskewed TIFF file. 
		To convert point (x, y) to original image (TIFF or JP2) apply transformation matrix T=(m00, m01, m10, m11, b0, b1) using the rule:
			T * (x,y) = (m00 * x + m01 * y + b0), (m10 * x + m11 * y + b1)</processingStepDescription>
        <processingStepSettings>RED.transform=(0.9999875000260416, -0.004999979166692708, 0.004999979166692708, 0.9999875000260416, -0.2799999999999727, -8.62000000000011)</processingStepSettings>
      </ocrProcessingStep>
    </OCRProcessing>
  </Description>
  <Styles>
    <TextStyle FONTFAMILY="Times New Roman" FONTSIZE="11.00" FONTTYPE="serif" FONTWIDTH="proportional" ID="Style_4"/>
    <TextStyle FONTFAMILY="Times New Roman" FONTSIZE="11.00" FONTSTYLE="italics" FONTTYPE="serif" FONTWIDTH="proportional" ID="Style_5"/>
  </Styles>
  <Tags>
    <StructureTag ID="b580-13" LABEL="p"/>
    <StructureTag ID="b581-4" LABEL="pagelabel"/>
    <StructureTag ID="b581-6" LABEL="p"/>
    <StructureTag ID="b581-7" LABEL="p"/>
    <StructureTag ID="b581-8" LABEL="blockquote"/>
    <StructureTag ID="b581-9" LABEL="blockquote"/>
    <StructureTag ID="b581-10" LABEL="blockquote"/>
    <StructureTag ID="b581-11" LABEL="p"/>
    <StructureTag ID="b581-12" LABEL="blockquote"/>
  </Tags>
  <Layout>
    <Page HEIGHT="2697" ID="PG_581" PHYSICAL_IMG_NR="581" WIDTH="1662">
      <PrintSpace HEIGHT="2697" HPOS="0" ID="PS_581" VPOS="0" WIDTH="1662">
        <TextBlock HEIGHT="45.0" HPOS="117.0" ID="BL_581.1" TAGREFS="b580-13" VPOS="404.0" WIDTH="758.0">
          <TextLine HEIGHT="45" HPOS="117" ID="TL_581.1.1" VPOS="404" WIDTH="758">
            <String CONTENT="policy" HEIGHT="43" HPOS="117" ID="ST_581.1.1.1" STYLEREFS="Style_4" VPOS="405" WIDTH="112" WC="0.85" CC="000000" TAGREFS=""/>
            <SP HPOS="229" ID="SP_581.1.1.2" VPOS="404" WIDTH="21"/>
            <String CONTENT="limits" HEIGHT="35" HPOS="250" ID="ST_581.1.1.3" STYLEREFS="Style_4" VPOS="404" WIDTH="105" WC="1.00" CC="000000" TAGREFS=""/>
            <SP HPOS="355" ID="SP_581.1.1.4" VPOS="405" WIDTH="21"/>
            <String CONTENT="for" HEIGHT="34" HPOS="376" ID="ST_581.1.1.5" STYLEREFS="Style_4" VPOS="405" WIDTH="53" WC="1.00" CC="000" TAGREFS=""/>
            <SP HPOS="429" ID="SP_581.1.1.6" VPOS="404" WIDTH="20"/>
            <String CONTENT="bodily" HEIGHT="45" HPOS="449" ID="ST_581.1.1.7" STYLEREFS="Style_4" VPOS="404" WIDTH="116" WC="1.00" CC="000000" TAGREFS=""/>
            <SP HPOS="565" ID="SP_581.1.1.8" VPOS="405" WIDTH="21"/>
            <String CONTENT="injury" HEIGHT="44" HPOS="586" ID="ST_581.1.1.9" STYLEREFS="Style_4" VPOS="405" WIDTH="113" WC="0.87" CC="000000" TAGREFS=""/>
            <SP HPOS="699" ID="SP_581.1.1.10" VPOS="405" WIDTH="21"/>
            <String CONTENT="liability." HEIGHT="43" HPOS="720" ID="ST_581.1.1.11" STYLEREFS="Style_4" VPOS="405" WIDTH="155" WC="0.96" CC="0000000000" TAGREFS=""/>
          </TextLine>
        </TextBlock>
        <TextBlock HEIGHT="33.0" HPOS="1260.0" ID="BL_581.3" TAGREFS="b581-4" VPOS="264.0" WIDTH="64.0">
          <TextLine HEIGHT="33" HPOS="1260" ID="TL_581.3.1" VPOS="264" WIDTH="64">
            <String CONTENT="543" HEIGHT="33" HPOS="1260" ID="ST_581.3.1.1" STYLEREFS="Style_4" VPOS="264" WIDTH="64" WC="1.00" CC="000" TAGREFS=""/>
          </TextLine>
        </TextBlock>
        <TextBlock HEIGHT="439.0" HPOS="117.0" ID="BL_581.4" TAGREFS="b581-6" VPOS="480.0" WIDTH="1214.0">
          <TextLine HEIGHT="45" HPOS="209" ID="TL_581.4.1" VPOS="480" WIDTH="1119">
            <String CONTENT="Subsequently," HEIGHT="45" HPOS="209" ID="ST_581.4.1.1" STYLEREFS="Style_4" VPOS="480" WIDTH="265" WC="0.88" CC="0000000000000" TAGREFS=""/>
            <SP HPOS="474" ID="SP_581.4.1.2" VPOS="482" WIDTH="25"/>
            <String CONTENT="Mrs." HEIGHT="34" HPOS="499" ID="ST_581.4.1.3" STYLEREFS="Style_4" VPOS="482" WIDTH="87" WC="0.98" CC="0000" TAGREFS=""/>
            <SP HPOS="586" ID="SP_581.4.1.4" VPOS="481" WIDTH="25"/>
            <String CONTENT="Sims" HEIGHT="35" HPOS="611" ID="ST_581.4.1.5" STYLEREFS="Style_4" VPOS="481" WIDTH="93" WC="1.00" CC="0000" TAGREFS=""/>
            <SP HPOS="704" ID="SP_581.4.1.6" VPOS="481" WIDTH="23"/>
            <String CONTENT="and" HEIGHT="35" HPOS="727" ID="ST_581.4.1.7" STYLEREFS="Style_4" VPOS="481" WIDTH="68" WC="0.82" CC="000" TAGREFS=""/>
            <SP HPOS="795" ID="SP_581.4.1.8" VPOS="481" WIDTH="23"/>
            <String CONTENT="Cook" HEIGHT="35" HPOS="818" ID="ST_581.4.1.9" STYLEREFS="Style_4" VPOS="481" WIDTH="99" WC="1.00" CC="0000" TAGREFS=""/>
            <SP HPOS="917" ID="SP_581.4.1.10" VPOS="482" WIDTH="22"/>
            <String CONTENT="made" HEIGHT="34" HPOS="939" ID="ST_581.4.1.11" STYLEREFS="Style_4" VPOS="482" WIDTH="103" WC="0.93" CC="0000" TAGREFS=""/>
            <SP HPOS="1042" ID="SP_581.4.1.12" VPOS="481" WIDTH="22"/>
            <String CONTENT="demand" HEIGHT="35" HPOS="1064" ID="ST_581.4.1.13" STYLEREFS="Style_4" VPOS="481" WIDTH="150" WC="0.84" CC="000000" TAGREFS=""/>
            <SP HPOS="1214" ID="SP_581.4.1.14" VPOS="492" WIDTH="23"/>
            <String CONTENT="upon" HEIGHT="33" HPOS="1237" ID="ST_581.4.1.15" STYLEREFS="Style_4" VPOS="492" WIDTH="91" WC="0.84" CC="0000" TAGREFS=""/>
          </TextLine>
          <TextLine HEIGHT="45" HPOS="118" ID="TL_581.4.2" VPOS="530" WIDTH="1209">
            <String CONTENT="appellant" HEIGHT="43" HPOS="118" ID="ST_581.4.2.1" STYLEREFS="Style_4" VPOS="531" WIDTH="177" WC="0.96" CC="000000000" TAGREFS=""/>
            <SP HPOS="295" ID="SP_581.4.2.2" VPOS="530" WIDTH="17"/>
            <String CONTENT="for" HEIGHT="35" HPOS="312" ID="ST_581.4.2.3" STYLEREFS="Style_4" VPOS="530" WIDTH="53" WC="0.94" CC="000" TAGREFS=""/>
            <SP HPOS="365" ID="SP_581.4.2.4" VPOS="536" WIDTH="17"/>
            <String CONTENT="payment" HEIGHT="39" HPOS="382" ID="ST_581.4.2.5" STYLEREFS="Style_4" VPOS="536" WIDTH="163" WC="0.98" CC="0000000" TAGREFS=""/>
            <SP HPOS="545" ID="SP_581.4.2.6" VPOS="531" WIDTH="16"/>
            <String CONTENT="of" HEIGHT="34" HPOS="561" ID="ST_581.4.2.7" STYLEREFS="Style_4" VPOS="531" WIDTH="39" WC="1.00" CC="00" TAGREFS=""/>
            <SP HPOS="600" ID="SP_581.4.2.8" VPOS="531" WIDTH="27"/>
            <String CONTENT="$5,000" HEIGHT="41" HPOS="627" ID="ST_581.4.2.9" STYLEREFS="Style_4" VPOS="531" WIDTH="127" WC="0.88" CC="000000" TAGREFS=""/>
            <SP HPOS="754" ID="SP_581.4.2.10" VPOS="531" WIDTH="17"/>
            <String CONTENT="under" HEIGHT="35" HPOS="771" ID="ST_581.4.2.11" STYLEREFS="Style_4" VPOS="531" WIDTH="108" WC="0.93" CC="00000" TAGREFS=""/>
            <SP HPOS="879" ID="SP_581.4.2.12" VPOS="532" WIDTH="16"/>
            <String CONTENT="the" HEIGHT="33" HPOS="895" ID="ST_581.4.2.13" STYLEREFS="Style_4" VPOS="532" WIDTH="59" WC="1.00" CC="000" TAGREFS=""/>
            <SP HPOS="954" ID="SP_581.4.2.14" VPOS="531" WIDTH="17"/>
            <String CONTENT="medical" HEIGHT="35" HPOS="971" ID="ST_581.4.2.15" STYLEREFS="Style_4" VPOS="531" WIDTH="148" WC="0.91" CC="0000000" TAGREFS=""/>
            <SP HPOS="1119" ID="SP_581.4.2.16" VPOS="542" WIDTH="17"/>
            <String CONTENT="pay" HEIGHT="33" HPOS="1136" ID="ST_581.4.2.17" STYLEREFS="Style_4" VPOS="542" WIDTH="67" WC="1.00" CC="000" TAGREFS=""/>
            <SP HPOS="1203" ID="SP_581.4.2.18" VPOS="531" WIDTH="16"/>
            <String CONTENT="provi-" HEIGHT="44" HPOS="1219" ID="ST_581.4.2.19" STYLEREFS="Style_4" VPOS="531" WIDTH="108" WC="1.00" CC="000000" TAGREFS=""/>
          </TextLine>
          <TextLine HEIGHT="44" HPOS="117" ID="TL_581.4.3" VPOS="580" WIDTH="1211">
            <String CONTENT="sions" HEIGHT="35" HPOS="117" ID="ST_581.4.3.1" STYLEREFS="Style_4" VPOS="580" WIDTH="92" WC="1.00" CC="00000" TAGREFS=""/>
            <SP HPOS="209" ID="SP_581.4.3.2" VPOS="580" WIDTH="15"/>
            <String CONTENT="of" HEIGHT="35" HPOS="224" ID="ST_581.4.3.3" STYLEREFS="Style_4" VPOS="580" WIDTH="39" WC="1.00" CC="00" TAGREFS=""/>
            <SP HPOS="263" ID="SP_581.4.3.4" VPOS="580" WIDTH="11"/>
            <String CONTENT="the" HEIGHT="34" HPOS="274" ID="ST_581.4.3.5" STYLEREFS="Style_4" VPOS="580" WIDTH="59" WC="1.00" CC="000" TAGREFS=""/>
            <SP HPOS="333" ID="SP_581.4.3.6" VPOS="591" WIDTH="14"/>
            <String CONTENT="same" HEIGHT="24" HPOS="347" ID="ST_581.4.3.7" STYLEREFS="Style_4" VPOS="591" WIDTH="95" WC="0.92" CC="0000" TAGREFS=""/>
            <SP HPOS="442" ID="SP_581.4.3.8" VPOS="581" WIDTH="14"/>
            <String CONTENT="policy." HEIGHT="43" HPOS="456" ID="ST_581.4.3.9" STYLEREFS="Style_4" VPOS="581" WIDTH="122" WC="0.88" CC="0000000" TAGREFS=""/>
            <SP HPOS="578" ID="SP_581.4.3.10" VPOS="581" WIDTH="16"/>
            <String CONTENT="State" HEIGHT="35" HPOS="594" ID="ST_581.4.3.11" STYLEREFS="Style_4" VPOS="581" WIDTH="100" WC="1.00" CC="00000" TAGREFS=""/>
            <SP HPOS="694" ID="SP_581.4.3.12" VPOS="582" WIDTH="16"/>
            <String CONTENT="Farm" HEIGHT="33" HPOS="710" ID="ST_581.4.3.13" STYLEREFS="Style_4" VPOS="582" WIDTH="102" WC="1.00" CC="0000" TAGREFS=""/>
            <SP HPOS="812" ID="SP_581.4.3.14" VPOS="580" WIDTH="14"/>
            <String CONTENT="refused" HEIGHT="35" HPOS="826" ID="ST_581.4.3.15" STYLEREFS="Style_4" VPOS="580" WIDTH="138" WC="1.00" CC="0000000" TAGREFS=""/>
            <SP HPOS="964" ID="SP_581.4.3.16" VPOS="587" WIDTH="14"/>
            <String CONTENT="to" HEIGHT="29" HPOS="978" ID="ST_581.4.3.17" STYLEREFS="Style_4" VPOS="587" WIDTH="36" WC="1.00" CC="00" TAGREFS=""/>
            <SP HPOS="1014" ID="SP_581.4.3.18" VPOS="591" WIDTH="14"/>
            <String CONTENT="pay," HEIGHT="33" HPOS="1028" ID="ST_581.4.3.19" STYLEREFS="Style_4" VPOS="591" WIDTH="78" WC="0.90" CC="0000" TAGREFS=""/>
            <SP HPOS="1106" ID="SP_581.4.3.20" VPOS="581" WIDTH="16"/>
            <String CONTENT="contending" HEIGHT="43" HPOS="1122" ID="ST_581.4.3.21" STYLEREFS="Style_4" VPOS="581" WIDTH="206" WC="0.93" CC="0000000000" TAGREFS=""/>
          </TextLine>
          <TextLine HEIGHT="44" HPOS="118" ID="TL_581.4.4" VPOS="630" WIDTH="1211">
            <String CONTENT="the" HEIGHT="34" HPOS="118" ID="ST_581.4.4.1" STYLEREFS="Style_4" VPOS="630" WIDTH="59" WC="1.00" CC="000" TAGREFS=""/>
            <SP HPOS="177" ID="SP_581.4.4.2" VPOS="630" WIDTH="17"/>
            <String CONTENT="appellees" HEIGHT="44" HPOS="194" ID="ST_581.4.4.3" STYLEREFS="Style_4" VPOS="630" WIDTH="172" WC="1.00" CC="000000000" TAGREFS=""/>
            <SP HPOS="366" ID="SP_581.4.4.4" VPOS="641" WIDTH="18"/>
            <String CONTENT="are" HEIGHT="24" HPOS="384" ID="ST_581.4.4.5" STYLEREFS="Style_4" VPOS="641" WIDTH="58" WC="0.95" CC="000" TAGREFS=""/>
            <SP HPOS="442" ID="SP_581.4.4.6" VPOS="630" WIDTH="17"/>
            <String CONTENT="entitled" HEIGHT="35" HPOS="459" ID="ST_581.4.4.7" STYLEREFS="Style_4" VPOS="630" WIDTH="142" WC="0.96" CC="00000000" TAGREFS=""/>
            <SP HPOS="601" ID="SP_581.4.4.8" VPOS="636" WIDTH="18"/>
            <String CONTENT="to" HEIGHT="29" HPOS="619" ID="ST_581.4.4.9" STYLEREFS="Style_4" VPOS="636" WIDTH="35" WC="1.00" CC="00" TAGREFS=""/>
            <SP HPOS="654" ID="SP_581.4.4.10" VPOS="641" WIDTH="17"/>
            <String CONTENT="no" HEIGHT="24" HPOS="671" ID="ST_581.4.4.11" STYLEREFS="Style_4" VPOS="641" WIDTH="44" WC="0.93" CC="00" TAGREFS=""/>
            <SP HPOS="715" ID="SP_581.4.4.12" VPOS="630" WIDTH="17"/>
            <String CONTENT="further" HEIGHT="35" HPOS="732" ID="ST_581.4.4.13" STYLEREFS="Style_4" VPOS="630" WIDTH="133" WC="0.96" CC="0000000" TAGREFS=""/>
            <SP HPOS="865" ID="SP_581.4.4.14" VPOS="636" WIDTH="17"/>
            <String CONTENT="payment" HEIGHT="38" HPOS="882" ID="ST_581.4.4.15" STYLEREFS="Style_4" VPOS="636" WIDTH="165" WC="0.93" CC="0000000" TAGREFS=""/>
            <SP HPOS="1047" ID="SP_581.4.4.16" VPOS="631" WIDTH="17"/>
            <String CONTENT="in" HEIGHT="34" HPOS="1064" ID="ST_581.4.4.17" STYLEREFS="Style_4" VPOS="631" WIDTH="34" WC="0.82" CC="00" TAGREFS=""/>
            <SP HPOS="1098" ID="SP_581.4.4.18" VPOS="631" WIDTH="17"/>
            <String CONTENT="light" HEIGHT="43" HPOS="1115" ID="ST_581.4.4.19" STYLEREFS="Style_4" VPOS="631" WIDTH="87" WC="1.00" CC="00000" TAGREFS=""/>
            <SP HPOS="1202" ID="SP_581.4.4.20" VPOS="630" WIDTH="16"/>
            <String CONTENT="of" HEIGHT="34" HPOS="1218" ID="ST_581.4.4.21" STYLEREFS="Style_4" VPOS="630" WIDTH="39" WC="1.00" CC="00" TAGREFS=""/>
            <SP HPOS="1257" ID="SP_581.4.4.22" VPOS="631" WIDTH="13"/>
            <String CONTENT="the" HEIGHT="34" HPOS="1270" ID="ST_581.4.4.23" STYLEREFS="Style_4" VPOS="631" WIDTH="59" WC="0.87" CC="000" TAGREFS=""/>
          </TextLine>
          <TextLine HEIGHT="45" HPOS="120" ID="TL_581.4.5" VPOS="680" WIDTH="1209">
            <String CONTENT="$25,000" HEIGHT="40" HPOS="120" ID="ST_581.4.5.1" STYLEREFS="Style_4" VPOS="680" WIDTH="151" WC="0.85" CC="0000000" TAGREFS=""/>
            <SP HPOS="271" ID="SP_581.4.5.2" VPOS="680" WIDTH="27"/>
            <String CONTENT="already" HEIGHT="44" HPOS="298" ID="ST_581.4.5.3" STYLEREFS="Style_4" VPOS="680" WIDTH="140" WC="0.90" CC="0000000" TAGREFS=""/>
            <SP HPOS="438" ID="SP_581.4.5.4" VPOS="680" WIDTH="25"/>
            <String CONTENT="paid." HEIGHT="43" HPOS="463" ID="ST_581.4.5.5" STYLEREFS="Style_4" VPOS="680" WIDTH="91" WC="0.89" CC="00000" TAGREFS=""/>
            <SP HPOS="554" ID="SP_581.4.5.6" VPOS="680" WIDTH="27"/>
            <String CONTENT="This" HEIGHT="35" HPOS="581" ID="ST_581.4.5.7" STYLEREFS="Style_4" VPOS="680" WIDTH="84" WC="0.86" CC="0000" TAGREFS=""/>
            <SP HPOS="665" ID="SP_581.4.5.8" VPOS="680" WIDTH="25"/>
            <String CONTENT="suit" HEIGHT="34" HPOS="690" ID="ST_581.4.5.9" STYLEREFS="Style_4" VPOS="680" WIDTH="69" WC="1.00" CC="0000" TAGREFS=""/>
            <SP HPOS="759" ID="SP_581.4.5.10" VPOS="691" WIDTH="25"/>
            <String CONTENT="was" HEIGHT="24" HPOS="784" ID="ST_581.4.5.11" STYLEREFS="Style_4" VPOS="691" WIDTH="68" WC="1.00" CC="000" TAGREFS=""/>
            <SP HPOS="852" ID="SP_581.4.5.12" VPOS="680" WIDTH="26"/>
            <String CONTENT="then" HEIGHT="35" HPOS="878" ID="ST_581.4.5.13" STYLEREFS="Style_4" VPOS="680" WIDTH="82" WC="1.00" CC="0000" TAGREFS=""/>
            <SP HPOS="960" ID="SP_581.4.5.14" VPOS="680" WIDTH="27"/>
            <String CONTENT="filed." HEIGHT="35" HPOS="987" ID="ST_581.4.5.15" STYLEREFS="Style_4" VPOS="680" WIDTH="90" WC="0.96" CC="000000" TAGREFS=""/>
            <SP HPOS="1077" ID="SP_581.4.5.16" VPOS="681" WIDTH="27"/>
            <String CONTENT="The" HEIGHT="34" HPOS="1104" ID="ST_581.4.5.17" STYLEREFS="Style_4" VPOS="681" WIDTH="74" WC="0.97" CC="000" TAGREFS=""/>
            <SP HPOS="1178" ID="SP_581.4.5.18" VPOS="680" WIDTH="25"/>
            <String CONTENT="parties" HEIGHT="45" HPOS="1203" ID="ST_581.4.5.19" STYLEREFS="Style_4" VPOS="680" WIDTH="126" WC="1.00" CC="0000000" TAGREFS=""/>
          </TextLine>
          <TextLine HEIGHT="44" HPOS="119" ID="TL_581.4.6" VPOS="729" WIDTH="1211">
            <String CONTENT="submitted" HEIGHT="35" HPOS="119" ID="ST_581.4.6.1" STYLEREFS="Style_4" VPOS="729" WIDTH="190" WC="0.97" CC="000000000" TAGREFS=""/>
            <SP HPOS="309" ID="SP_581.4.6.2" VPOS="729" WIDTH="16"/>
            <String CONTENT="stipulated" HEIGHT="44" HPOS="325" ID="ST_581.4.6.3" STYLEREFS="Style_4" VPOS="729" WIDTH="186" WC="0.95" CC="0000000000" TAGREFS=""/>
            <SP HPOS="511" ID="SP_581.4.6.4" VPOS="729" WIDTH="16"/>
            <String CONTENT="facts" HEIGHT="35" HPOS="527" ID="ST_581.4.6.5" STYLEREFS="Style_4" VPOS="729" WIDTH="90" WC="1.00" CC="00000" TAGREFS=""/>
            <SP HPOS="617" ID="SP_581.4.6.6" VPOS="729" WIDTH="16"/>
            <String CONTENT="and" HEIGHT="35" HPOS="633" ID="ST_581.4.6.7" STYLEREFS="Style_4" VPOS="729" WIDTH="69" WC="0.94" CC="000" TAGREFS=""/>
            <SP HPOS="702" ID="SP_581.4.6.8" VPOS="730" WIDTH="17"/>
            <String CONTENT="briefs" HEIGHT="34" HPOS="719" ID="ST_581.4.6.9" STYLEREFS="Style_4" VPOS="730" WIDTH="104" WC="1.00" CC="000000" TAGREFS=""/>
            <SP HPOS="823" ID="SP_581.4.6.10" VPOS="735" WIDTH="16"/>
            <String CONTENT="to" HEIGHT="29" HPOS="839" ID="ST_581.4.6.11" STYLEREFS="Style_4" VPOS="735" WIDTH="35" WC="1.00" CC="00" TAGREFS=""/>
            <SP HPOS="874" ID="SP_581.4.6.12" VPOS="730" WIDTH="16"/>
            <String CONTENT="the" HEIGHT="34" HPOS="890" ID="ST_581.4.6.13" STYLEREFS="Style_4" VPOS="730" WIDTH="59" WC="0.95" CC="000" TAGREFS=""/>
            <SP HPOS="949" ID="SP_581.4.6.14" VPOS="730" WIDTH="15"/>
            <String CONTENT="trial" HEIGHT="35" HPOS="964" ID="ST_581.4.6.15" STYLEREFS="Style_4" VPOS="730" WIDTH="80" WC="1.00" CC="00000" TAGREFS=""/>
            <SP HPOS="1044" ID="SP_581.4.6.16" VPOS="736" WIDTH="16"/>
            <String CONTENT="court" HEIGHT="28" HPOS="1060" ID="ST_581.4.6.17" STYLEREFS="Style_4" VPOS="736" WIDTH="98" WC="0.91" CC="00000" TAGREFS=""/>
            <SP HPOS="1158" ID="SP_581.4.6.18" VPOS="729" WIDTH="16"/>
            <String CONTENT="and" HEIGHT="36" HPOS="1174" ID="ST_581.4.6.19" STYLEREFS="Style_4" VPOS="729" WIDTH="67" WC="0.84" CC="000" TAGREFS=""/>
            <SP HPOS="1241" ID="SP_581.4.6.20" VPOS="730" WIDTH="16"/>
            <String CONTENT="oral" HEIGHT="34" HPOS="1257" ID="ST_581.4.6.21" STYLEREFS="Style_4" VPOS="730" WIDTH="73" WC="0.95" CC="0000" TAGREFS=""/>
          </TextLine>
          <TextLine HEIGHT="44" HPOS="120" ID="TL_581.4.7" VPOS="779" WIDTH="1211">
            <String CONTENT="arguments" HEIGHT="38" HPOS="120" ID="ST_581.4.7.1" STYLEREFS="Style_4" VPOS="784" WIDTH="201" WC="0.93" CC="000000000" TAGREFS=""/>
            <SP HPOS="321" ID="SP_581.4.7.2" VPOS="790" WIDTH="15"/>
            <String CONTENT="were" HEIGHT="24" HPOS="336" ID="ST_581.4.7.3" STYLEREFS="Style_4" VPOS="790" WIDTH="88" WC="1.00" CC="0000" TAGREFS=""/>
            <SP HPOS="424" ID="SP_581.4.7.4" VPOS="779" WIDTH="15"/>
            <String CONTENT="held." HEIGHT="35" HPOS="439" ID="ST_581.4.7.5" STYLEREFS="Style_4" VPOS="779" WIDTH="89" WC="0.81" CC="00000" TAGREFS=""/>
            <SP HPOS="528" ID="SP_581.4.7.6" VPOS="780" WIDTH="16"/>
            <String CONTENT="The" HEIGHT="34" HPOS="544" ID="ST_581.4.7.7" STYLEREFS="Style_4" VPOS="780" WIDTH="75" WC="1.00" CC="000" TAGREFS=""/>
            <SP HPOS="619" ID="SP_581.4.7.8" VPOS="779" WIDTH="15"/>
            <String CONTENT="trial" HEIGHT="35" HPOS="634" ID="ST_581.4.7.9" STYLEREFS="Style_4" VPOS="779" WIDTH="79" WC="0.88" CC="00000" TAGREFS=""/>
            <SP HPOS="713" ID="SP_581.4.7.10" VPOS="785" WIDTH="15"/>
            <String CONTENT="court" HEIGHT="29" HPOS="728" ID="ST_581.4.7.11" STYLEREFS="Style_4" VPOS="785" WIDTH="97" WC="1.00" CC="00000" TAGREFS=""/>
            <SP HPOS="825" ID="SP_581.4.7.12" VPOS="779" WIDTH="16"/>
            <String CONTENT="found" HEIGHT="35" HPOS="841" ID="ST_581.4.7.13" STYLEREFS="Style_4" VPOS="779" WIDTH="107" WC="0.91" CC="00000" TAGREFS=""/>
            <SP HPOS="948" ID="SP_581.4.7.14" VPOS="780" WIDTH="15"/>
            <String CONTENT="the" HEIGHT="35" HPOS="963" ID="ST_581.4.7.15" STYLEREFS="Style_4" VPOS="780" WIDTH="59" WC="0.92" CC="000" TAGREFS=""/>
            <SP HPOS="1022" ID="SP_581.4.7.16" VPOS="780" WIDTH="15"/>
            <String CONTENT="provision" HEIGHT="43" HPOS="1037" ID="ST_581.4.7.17" STYLEREFS="Style_4" VPOS="780" WIDTH="170" WC="0.96" CC="000000000" TAGREFS=""/>
            <SP HPOS="1207" ID="SP_581.4.7.18" VPOS="779" WIDTH="14"/>
            <String CONTENT="of" HEIGHT="35" HPOS="1221" ID="ST_581.4.7.19" STYLEREFS="Style_4" VPOS="779" WIDTH="39" WC="1.00" CC="00" TAGREFS=""/>
            <SP HPOS="1260" ID="SP_581.4.7.20" VPOS="780" WIDTH="12"/>
            <String CONTENT="the" HEIGHT="34" HPOS="1272" ID="ST_581.4.7.21" STYLEREFS="Style_4" VPOS="780" WIDTH="59" WC="0.86" CC="000" TAGREFS=""/>
          </TextLine>
          <TextLine HEIGHT="44" HPOS="120" ID="TL_581.4.8" VPOS="829" WIDTH="1210">
            <String CONTENT="policy" HEIGHT="43" HPOS="120" ID="ST_581.4.8.1" STYLEREFS="Style_4" VPOS="829" WIDTH="112" WC="0.91" CC="000000" TAGREFS=""/>
            <SP HPOS="232" ID="SP_581.4.8.2" VPOS="829" WIDTH="20"/>
            <String CONTENT="authorizing" HEIGHT="42" HPOS="252" ID="ST_581.4.8.3" STYLEREFS="Style_4" VPOS="829" WIDTH="217" WC="0.98" CC="00000000000" TAGREFS=""/>
            <SP HPOS="469" ID="SP_581.4.8.4" VPOS="829" WIDTH="20"/>
            <String CONTENT="the" HEIGHT="34" HPOS="489" ID="ST_581.4.8.5" STYLEREFS="Style_4" VPOS="829" WIDTH="59" WC="0.97" CC="000" TAGREFS=""/>
            <SP HPOS="548" ID="SP_581.4.8.6" VPOS="829" WIDTH="19"/>
            <String CONTENT="set-off" HEIGHT="35" HPOS="567" ID="ST_581.4.8.7" STYLEREFS="Style_4" VPOS="829" WIDTH="121" WC="0.77" CC="0000000" TAGREFS=""/>
            <SP HPOS="688" ID="SP_581.4.8.8" VPOS="829" WIDTH="15"/>
            <String CONTENT="void," HEIGHT="42" HPOS="703" ID="ST_581.4.8.9" STYLEREFS="Style_4" VPOS="829" WIDTH="89" WC="1.00" CC="00000" TAGREFS=""/>
            <SP HPOS="792" ID="SP_581.4.8.10" VPOS="829" WIDTH="21"/>
            <String CONTENT="and" HEIGHT="35" HPOS="813" ID="ST_581.4.8.11" STYLEREFS="Style_4" VPOS="829" WIDTH="67" WC="0.87" CC="000" TAGREFS=""/>
            <SP HPOS="880" ID="SP_581.4.8.12" VPOS="829" WIDTH="20"/>
            <String CONTENT="awarded" HEIGHT="35" HPOS="900" ID="ST_581.4.8.13" STYLEREFS="Style_4" VPOS="829" WIDTH="162" WC="1.00" CC="0000000" TAGREFS=""/>
            <SP HPOS="1062" ID="SP_581.4.8.14" VPOS="830" WIDTH="20"/>
            <String CONTENT="appellees" HEIGHT="43" HPOS="1082" ID="ST_581.4.8.15" STYLEREFS="Style_4" VPOS="830" WIDTH="170" WC="0.98" CC="000000000" TAGREFS=""/>
            <SP HPOS="1252" ID="SP_581.4.8.16" VPOS="830" WIDTH="20"/>
            <String CONTENT="the" HEIGHT="34" HPOS="1272" ID="ST_581.4.8.17" STYLEREFS="Style_4" VPOS="830" WIDTH="58" WC="0.97" CC="000" TAGREFS=""/>
          </TextLine>
          <TextLine HEIGHT="40" HPOS="121" ID="TL_581.4.9" VPOS="879" WIDTH="138">
            <String CONTENT="$5,000." HEIGHT="40" HPOS="121" ID="ST_581.4.9.1" STYLEREFS="Style_4" VPOS="879" WIDTH="138" WC="0.75" CC="0000000" TAGREFS=""/>
          </TextLine>
        </TextBlock>
        <TextBlock HEIGHT="343.0" HPOS="120.0" ID="BL_581.5" TAGREFS="b581-7" VPOS="954.0" WIDTH="1213.0">
          <TextLine HEIGHT="45" HPOS="211" ID="TL_581.5.1" VPOS="954" WIDTH="1120">
            <String CONTENT="The" HEIGHT="34" HPOS="211" ID="ST_581.5.1.1" STYLEREFS="Style_4" VPOS="955" WIDTH="75" WC="0.78" CC="000" TAGREFS=""/>
            <SP HPOS="286" ID="SP_581.5.1.2" VPOS="954" WIDTH="17"/>
            <String CONTENT="front" HEIGHT="35" HPOS="303" ID="ST_581.5.1.3" STYLEREFS="Style_4" VPOS="954" WIDTH="93" WC="0.97" CC="00000" TAGREFS=""/>
            <SP HPOS="396" ID="SP_581.5.1.4" VPOS="955" WIDTH="16"/>
            <String CONTENT="of" HEIGHT="34" HPOS="412" ID="ST_581.5.1.5" STYLEREFS="Style_4" VPOS="955" WIDTH="38" WC="1.00" CC="00" TAGREFS=""/>
            <SP HPOS="450" ID="SP_581.5.1.6" VPOS="955" WIDTH="14"/>
            <String CONTENT="the" HEIGHT="34" HPOS="464" ID="ST_581.5.1.7" STYLEREFS="Style_4" VPOS="955" WIDTH="59" WC="1.00" CC="000" TAGREFS=""/>
            <SP HPOS="523" ID="SP_581.5.1.8" VPOS="955" WIDTH="16"/>
            <String CONTENT="insurance" HEIGHT="35" HPOS="539" ID="ST_581.5.1.9" STYLEREFS="Style_4" VPOS="955" WIDTH="183" WC="0.94" CC="000000000" TAGREFS=""/>
            <SP HPOS="722" ID="SP_581.5.1.10" VPOS="956" WIDTH="17"/>
            <String CONTENT="policy" HEIGHT="43" HPOS="739" ID="ST_581.5.1.11" STYLEREFS="Style_4" VPOS="956" WIDTH="111" WC="0.93" CC="000000" TAGREFS=""/>
            <SP HPOS="850" ID="SP_581.5.1.12" VPOS="960" WIDTH="16"/>
            <String CONTENT="states" HEIGHT="30" HPOS="866" ID="ST_581.5.1.13" STYLEREFS="Style_4" VPOS="960" WIDTH="107" WC="0.96" CC="000000" TAGREFS=""/>
            <SP HPOS="973" ID="SP_581.5.1.14" VPOS="956" WIDTH="17"/>
            <String CONTENT="that" HEIGHT="34" HPOS="990" ID="ST_581.5.1.15" STYLEREFS="Style_4" VPOS="956" WIDTH="77" WC="0.88" CC="0000" TAGREFS=""/>
            <SP HPOS="1067" ID="SP_581.5.1.16" VPOS="956" WIDTH="16"/>
            <String CONTENT="the" HEIGHT="34" HPOS="1083" ID="ST_581.5.1.17" STYLEREFS="Style_4" VPOS="956" WIDTH="59" WC="0.94" CC="000" TAGREFS=""/>
            <SP HPOS="1142" ID="SP_581.5.1.18" VPOS="955" WIDTH="16"/>
            <String CONTENT="following" HEIGHT="44" HPOS="1158" ID="ST_581.5.1.19" STYLEREFS="Style_4" VPOS="955" WIDTH="173" WC="0.93" CC="000000000" TAGREFS=""/>
          </TextLine>
          <TextLine HEIGHT="46" HPOS="120" ID="TL_581.5.2" VPOS="1004" WIDTH="1210">
            <String CONTENT="limits" HEIGHT="35" HPOS="120" ID="ST_581.5.2.1" STYLEREFS="Style_4" VPOS="1004" WIDTH="107" WC="1.00" CC="000000" TAGREFS=""/>
            <SP HPOS="227" ID="SP_581.5.2.2" VPOS="1004" WIDTH="16"/>
            <String CONTENT="of" HEIGHT="35" HPOS="243" ID="ST_581.5.2.3" STYLEREFS="Style_4" VPOS="1004" WIDTH="39" WC="1.00" CC="00" TAGREFS=""/>
            <SP HPOS="282" ID="SP_581.5.2.4" VPOS="1005" WIDTH="12"/>
            <String CONTENT="liability" HEIGHT="44" HPOS="294" ID="ST_581.5.2.5" STYLEREFS="Style_4" VPOS="1005" WIDTH="146" WC="0.93" CC="000000000" TAGREFS=""/>
            <SP HPOS="440" ID="SP_581.5.2.6" VPOS="1015" WIDTH="15"/>
            <String CONTENT="are" HEIGHT="24" HPOS="455" ID="ST_581.5.2.7" STYLEREFS="Style_4" VPOS="1015" WIDTH="59" WC="1.00" CC="000" TAGREFS=""/>
            <SP HPOS="514" ID="SP_581.5.2.8" VPOS="1004" WIDTH="14"/>
            <String CONTENT="provided:" HEIGHT="45" HPOS="528" ID="ST_581.5.2.9" STYLEREFS="Style_4" VPOS="1004" WIDTH="175" WC="0.95" CC="000000000" TAGREFS=""/>
            <SP HPOS="703" ID="SP_581.5.2.10" VPOS="1005" WIDTH="17"/>
            <String CONTENT="“A-LIABILITY," HEIGHT="41" HPOS="720" ID="ST_581.5.2.11" STYLEREFS="Style_4" VPOS="1005" WIDTH="328" WC="0.85" CC="9000900909000" TAGREFS=""/>
            <SP HPOS="1048" ID="SP_581.5.2.12" VPOS="1005" WIDTH="18"/>
            <String CONTENT="Bodily" HEIGHT="45" HPOS="1066" ID="ST_581.5.2.13" STYLEREFS="Style_4" VPOS="1005" WIDTH="121" WC="0.92" CC="000000" TAGREFS=""/>
            <SP HPOS="1187" ID="SP_581.5.2.14" VPOS="1005" WIDTH="16"/>
            <String CONTENT="Injury," HEIGHT="44" HPOS="1203" ID="ST_581.5.2.15" STYLEREFS="Style_4" VPOS="1005" WIDTH="127" WC="0.89" CC="0000000" TAGREFS=""/>
          </TextLine>
          <TextLine HEIGHT="41" HPOS="121" ID="TL_581.5.3" VPOS="1055" WIDTH="1211">
            <String CONTENT="Each" HEIGHT="34" HPOS="121" ID="ST_581.5.3.1" STYLEREFS="Style_4" VPOS="1055" WIDTH="97" WC="0.70" CC="0000" TAGREFS=""/>
            <SP HPOS="218" ID="SP_581.5.3.2" VPOS="1055" WIDTH="12"/>
            <String CONTENT="Person" HEIGHT="34" HPOS="230" ID="ST_581.5.3.3" STYLEREFS="Style_4" VPOS="1055" WIDTH="127" WC="0.84" CC="000000" TAGREFS=""/>
            <SP HPOS="357" ID="SP_581.5.3.4" VPOS="1055" WIDTH="13"/>
            <String CONTENT="$25,000”" HEIGHT="41" HPOS="370" ID="ST_581.5.3.5" STYLEREFS="Style_4" VPOS="1055" WIDTH="172" WC="0.51" CC="00000009" TAGREFS=""/>
            <SP HPOS="542" ID="SP_581.5.3.6" VPOS="1055" WIDTH="14"/>
            <String CONTENT="and" HEIGHT="35" HPOS="556" ID="ST_581.5.3.7" STYLEREFS="Style_4" VPOS="1055" WIDTH="69" WC="0.67" CC="000" TAGREFS=""/>
            <SP HPOS="625" ID="SP_581.5.3.8" VPOS="1055" WIDTH="12"/>
            <String CONTENT="“C-MEDICAL" HEIGHT="35" HPOS="637" ID="ST_581.5.3.9" STYLEREFS="Style_4" VPOS="1055" WIDTH="297" WC="0.77" CC="9000000000" TAGREFS=""/>
            <SP HPOS="934" ID="SP_581.5.3.10" VPOS="1056" WIDTH="11"/>
            <String CONTENT="PAYMENTS," HEIGHT="40" HPOS="945" ID="ST_581.5.3.11" STYLEREFS="Style_4" VPOS="1056" WIDTH="279" WC="0.85" CC="000000000" TAGREFS=""/>
            <SP HPOS="1224" ID="SP_581.5.3.12" VPOS="1056" WIDTH="13"/>
            <String CONTENT="Each" HEIGHT="34" HPOS="1237" ID="ST_581.5.3.13" STYLEREFS="Style_4" VPOS="1056" WIDTH="95" WC="0.70" CC="0000" TAGREFS=""/>
          </TextLine>
          <TextLine HEIGHT="45" HPOS="122" ID="TL_581.5.4" VPOS="1104" WIDTH="1210">
            <String CONTENT="Person" HEIGHT="34" HPOS="122" ID="ST_581.5.4.1" STYLEREFS="Style_4" VPOS="1105" WIDTH="127" WC="0.96" CC="000000" TAGREFS=""/>
            <SP HPOS="249" ID="SP_581.5.4.2" VPOS="1105" WIDTH="22"/>
            <String CONTENT="$5,000”." HEIGHT="40" HPOS="271" ID="ST_581.5.4.3" STYLEREFS="Style_4" VPOS="1105" WIDTH="160" WC="0.91" CC="00000000" TAGREFS=""/>
            <SP HPOS="431" ID="SP_581.5.4.4" VPOS="1104" WIDTH="24"/>
            <String CONTENT="Liability" HEIGHT="45" HPOS="455" ID="ST_581.5.4.5" STYLEREFS="Style_4" VPOS="1104" WIDTH="164" WC="0.97" CC="000000000" TAGREFS=""/>
            <SP HPOS="619" ID="SP_581.5.4.6" VPOS="1105" WIDTH="20"/>
            <String CONTENT="limits" HEIGHT="35" HPOS="639" ID="ST_581.5.4.7" STYLEREFS="Style_4" VPOS="1105" WIDTH="106" WC="0.97" CC="000000" TAGREFS=""/>
            <SP HPOS="745" ID="SP_581.5.4.8" VPOS="1105" WIDTH="21"/>
            <String CONTENT="for" HEIGHT="35" HPOS="766" ID="ST_581.5.4.9" STYLEREFS="Style_4" VPOS="1105" WIDTH="53" WC="1.00" CC="000" TAGREFS=""/>
            <SP HPOS="819" ID="SP_581.5.4.10" VPOS="1111" WIDTH="21"/>
            <String CONTENT="property" HEIGHT="38" HPOS="840" ID="ST_581.5.4.11" STYLEREFS="Style_4" VPOS="1111" WIDTH="161" WC="0.98" CC="00000000" TAGREFS=""/>
            <SP HPOS="1001" ID="SP_581.5.4.12" VPOS="1105" WIDTH="20"/>
            <String CONTENT="damage" HEIGHT="44" HPOS="1021" ID="ST_581.5.4.13" STYLEREFS="Style_4" VPOS="1105" WIDTH="149" WC="0.92" CC="000000" TAGREFS=""/>
            <SP HPOS="1170" ID="SP_581.5.4.14" VPOS="1105" WIDTH="21"/>
            <String CONTENT="and" HEIGHT="35" HPOS="1191" ID="ST_581.5.4.15" STYLEREFS="Style_4" VPOS="1105" WIDTH="67" WC="0.87" CC="000" TAGREFS=""/>
            <SP HPOS="1258" ID="SP_581.5.4.16" VPOS="1105" WIDTH="21"/>
            <String CONTENT="for" HEIGHT="35" HPOS="1279" ID="ST_581.5.4.17" STYLEREFS="Style_4" VPOS="1105" WIDTH="53" WC="0.96" CC="000" TAGREFS=""/>
          </TextLine>
          <TextLine HEIGHT="45" HPOS="121" ID="TL_581.5.5" VPOS="1154" WIDTH="1212">
            <String CONTENT="uninsured" HEIGHT="34" HPOS="121" ID="ST_581.5.5.1" STYLEREFS="Style_4" VPOS="1154" WIDTH="188" WC="0.96" CC="000000000" TAGREFS=""/>
            <SP HPOS="309" ID="SP_581.5.5.2" VPOS="1160" WIDTH="15"/>
            <String CONTENT="motor" HEIGHT="29" HPOS="324" ID="ST_581.5.5.3" STYLEREFS="Style_4" VPOS="1160" WIDTH="111" WC="0.97" CC="00000" TAGREFS=""/>
            <SP HPOS="435" ID="SP_581.5.5.4" VPOS="1154" WIDTH="12"/>
            <String CONTENT="vehicles" HEIGHT="35" HPOS="447" ID="ST_581.5.5.5" STYLEREFS="Style_4" VPOS="1154" WIDTH="147" WC="1.00" CC="00000000" TAGREFS=""/>
            <SP HPOS="594" ID="SP_581.5.5.6" VPOS="1166" WIDTH="15"/>
            <String CONTENT="are" HEIGHT="23" HPOS="609" ID="ST_581.5.5.7" STYLEREFS="Style_4" VPOS="1166" WIDTH="59" WC="1.00" CC="000" TAGREFS=""/>
            <SP HPOS="668" ID="SP_581.5.5.8" VPOS="1155" WIDTH="13"/>
            <String CONTENT="also" HEIGHT="34" HPOS="681" ID="ST_581.5.5.9" STYLEREFS="Style_4" VPOS="1155" WIDTH="72" WC="0.94" CC="0000" TAGREFS=""/>
            <SP HPOS="753" ID="SP_581.5.5.10" VPOS="1155" WIDTH="14"/>
            <String CONTENT="listed." HEIGHT="35" HPOS="767" ID="ST_581.5.5.11" STYLEREFS="Style_4" VPOS="1155" WIDTH="109" WC="0.96" CC="0000000" TAGREFS=""/>
            <SP HPOS="876" ID="SP_581.5.5.12" VPOS="1155" WIDTH="15"/>
            <String CONTENT="Separate" HEIGHT="44" HPOS="891" ID="ST_581.5.5.13" STYLEREFS="Style_4" VPOS="1155" WIDTH="169" WC="1.00" CC="00000000" TAGREFS=""/>
            <SP HPOS="1060" ID="SP_581.5.5.14" VPOS="1156" WIDTH="13"/>
            <String CONTENT="premiums" HEIGHT="43" HPOS="1073" ID="ST_581.5.5.15" STYLEREFS="Style_4" VPOS="1156" WIDTH="187" WC="0.96" CC="00000000" TAGREFS=""/>
            <SP HPOS="1260" ID="SP_581.5.5.16" VPOS="1166" WIDTH="14"/>
            <String CONTENT="are" HEIGHT="24" HPOS="1274" ID="ST_581.5.5.17" STYLEREFS="Style_4" VPOS="1166" WIDTH="59" WC="1.00" CC="000" TAGREFS=""/>
          </TextLine>
          <TextLine HEIGHT="45" HPOS="122" ID="TL_581.5.6" VPOS="1204" WIDTH="1211">
            <String CONTENT="paid" HEIGHT="43" HPOS="122" ID="ST_581.5.6.1" STYLEREFS="Style_4" VPOS="1204" WIDTH="81" WC="0.95" CC="0000" TAGREFS=""/>
            <SP HPOS="203" ID="SP_581.5.6.2" VPOS="1204" WIDTH="13"/>
            <String CONTENT="for" HEIGHT="35" HPOS="216" ID="ST_581.5.6.3" STYLEREFS="Style_4" VPOS="1204" WIDTH="53" WC="0.86" CC="000" TAGREFS=""/>
            <SP HPOS="269" ID="SP_581.5.6.4" VPOS="1204" WIDTH="12"/>
            <String CONTENT="each" HEIGHT="34" HPOS="281" ID="ST_581.5.6.5" STYLEREFS="Style_4" VPOS="1204" WIDTH="85" WC="1.00" CC="0000" TAGREFS=""/>
            <SP HPOS="366" ID="SP_581.5.6.6" VPOS="1209" WIDTH="13"/>
            <String CONTENT="type" HEIGHT="39" HPOS="379" ID="ST_581.5.6.7" STYLEREFS="Style_4" VPOS="1209" WIDTH="80" WC="0.82" CC="0000" TAGREFS=""/>
            <SP HPOS="459" ID="SP_581.5.6.8" VPOS="1204" WIDTH="11"/>
            <String CONTENT="of" HEIGHT="34" HPOS="470" ID="ST_581.5.6.9" STYLEREFS="Style_4" VPOS="1204" WIDTH="38" WC="1.00" CC="00" TAGREFS=""/>
            <SP HPOS="508" ID="SP_581.5.6.10" VPOS="1215" WIDTH="9"/>
            <String CONTENT="coverage." HEIGHT="32" HPOS="517" ID="ST_581.5.6.11" STYLEREFS="Style_4" VPOS="1215" WIDTH="177" WC="1.00" CC="000000000" TAGREFS=""/>
            <SP HPOS="694" ID="SP_581.5.6.12" VPOS="1205" WIDTH="12"/>
            <String CONTENT="The" HEIGHT="34" HPOS="706" ID="ST_581.5.6.13" STYLEREFS="Style_4" VPOS="1205" WIDTH="75" WC="1.00" CC="000" TAGREFS=""/>
            <SP HPOS="781" ID="SP_581.5.6.14" VPOS="1205" WIDTH="11"/>
            <String CONTENT="set-off" HEIGHT="35" HPOS="792" ID="ST_581.5.6.15" STYLEREFS="Style_4" VPOS="1205" WIDTH="120" WC="0.82" CC="0000000" TAGREFS=""/>
            <SP HPOS="912" ID="SP_581.5.6.16" VPOS="1205" WIDTH="8"/>
            <String CONTENT="provision" HEIGHT="44" HPOS="920" ID="ST_581.5.6.17" STYLEREFS="Style_4" VPOS="1205" WIDTH="171" WC="0.98" CC="000000000" TAGREFS=""/>
            <SP HPOS="1091" ID="SP_581.5.6.18" VPOS="1211" WIDTH="12"/>
            <String CONTENT="at" HEIGHT="29" HPOS="1103" ID="ST_581.5.6.19" STYLEREFS="Style_4" VPOS="1211" WIDTH="37" WC="1.00" CC="00" TAGREFS=""/>
            <SP HPOS="1140" ID="SP_581.5.6.20" VPOS="1206" WIDTH="11"/>
            <String CONTENT="issue" HEIGHT="34" HPOS="1151" ID="ST_581.5.6.21" STYLEREFS="Style_4" VPOS="1206" WIDTH="90" WC="1.00" CC="00000" TAGREFS=""/>
            <SP HPOS="1241" ID="SP_581.5.6.22" VPOS="1205" WIDTH="12"/>
            <String CONTENT="here" HEIGHT="35" HPOS="1253" ID="ST_581.5.6.23" STYLEREFS="Style_4" VPOS="1205" WIDTH="80" WC="0.90" CC="0000" TAGREFS=""/>
          </TextLine>
          <TextLine HEIGHT="43" HPOS="123" ID="TL_581.5.7" VPOS="1254" WIDTH="167">
            <String CONTENT="provides:" HEIGHT="43" HPOS="123" ID="ST_581.5.7.1" STYLEREFS="Style_4" VPOS="1254" WIDTH="167" WC="0.94" CC="000000000" TAGREFS=""/>
          </TextLine>
        </TextBlock>
        <TextBlock HEIGHT="35.0" HPOS="248.0" ID="BL_581.6" TAGREFS="b581-8" VPOS="1330.0" WIDTH="489.0">
          <TextLine HEIGHT="35" HPOS="248" ID="TL_581.6.1" VPOS="1330" WIDTH="489">
            <String CONTENT="MEDICAL" HEIGHT="35" HPOS="248" ID="ST_581.6.1.1" STYLEREFS="Style_4" VPOS="1330" WIDTH="224" WC="1.00" CC="0000000" TAGREFS=""/>
            <SP HPOS="472" ID="SP_581.6.1.2" VPOS="1331" WIDTH="20"/>
            <String CONTENT="EXPENSES" HEIGHT="34" HPOS="492" ID="ST_581.6.1.3" STYLEREFS="Style_4" VPOS="1331" WIDTH="245" WC="0.99" CC="00000000" TAGREFS=""/>
          </TextLine>
        </TextBlock>
        <TextBlock HEIGHT="135.0" HPOS="248.0" ID="BL_581.7" TAGREFS="b581-9" VPOS="1406.0" WIDTH="1085.0">
          <TextLine HEIGHT="44" HPOS="248" ID="TL_581.7.1" VPOS="1406" WIDTH="1085">
            <String CONTENT="We" HEIGHT="33" HPOS="248" ID="ST_581.7.1.1" STYLEREFS="Style_4" VPOS="1406" WIDTH="65" WC="1.00" CC="00" TAGREFS=""/>
            <SP HPOS="313" ID="SP_581.7.1.2" VPOS="1406" WIDTH="8"/>
            <String CONTENT="will" HEIGHT="34" HPOS="321" ID="ST_581.7.1.3" STYLEREFS="Style_4" VPOS="1406" WIDTH="67" WC="0.94" CC="0000" TAGREFS=""/>
            <SP HPOS="388" ID="SP_581.7.1.4" VPOS="1417" WIDTH="11"/>
            <String CONTENT="pay" HEIGHT="33" HPOS="399" ID="ST_581.7.1.5" STYLEREFS="Style_4" VPOS="1417" WIDTH="66" WC="1.00" CC="000" TAGREFS=""/>
            <SP HPOS="465" ID="SP_581.7.1.6" VPOS="1406" WIDTH="8"/>
            <String CONTENT="reasonable" HEIGHT="35" HPOS="473" ID="ST_581.7.1.7" STYLEREFS="Style_4" VPOS="1406" WIDTH="203" WC="0.97" CC="0000000000" TAGREFS=""/>
            <SP HPOS="676" ID="SP_581.7.1.8" VPOS="1406" WIDTH="9"/>
            <String CONTENT="medical" HEIGHT="35" HPOS="685" ID="ST_581.7.1.9" STYLEREFS="Style_4" VPOS="1406" WIDTH="147" WC="0.89" CC="0000000" TAGREFS=""/>
            <SP HPOS="832" ID="SP_581.7.1.10" VPOS="1417" WIDTH="9"/>
            <String CONTENT="expenses," HEIGHT="33" HPOS="841" ID="ST_581.7.1.11" STYLEREFS="Style_4" VPOS="1417" WIDTH="176" WC="0.93" CC="000000000" TAGREFS=""/>
            <SP HPOS="1017" ID="SP_581.7.1.12" VPOS="1406" WIDTH="10"/>
            <String CONTENT="for" HEIGHT="35" HPOS="1027" ID="ST_581.7.1.13" STYLEREFS="Style_4" VPOS="1406" WIDTH="53" WC="1.00" CC="000" TAGREFS=""/>
            <SP HPOS="1080" ID="SP_581.7.1.14" VPOS="1406" WIDTH="9"/>
            <String CONTENT="bodily" HEIGHT="44" HPOS="1089" ID="ST_581.7.1.15" STYLEREFS="Style_5" VPOS="1406" WIDTH="120" WC="0.95" CC="000000" TAGREFS=""/>
            <SP HPOS="1209" ID="SP_581.7.1.16" VPOS="1409" WIDTH="9"/>
            <String CONTENT="injury" HEIGHT="41" HPOS="1218" ID="ST_581.7.1.17" STYLEREFS="Style_5" VPOS="1409" WIDTH="115" WC="1.00" CC="000000" TAGREFS=""/>
          </TextLine>
          <TextLine HEIGHT="45" HPOS="249" ID="TL_581.7.2" VPOS="1455" WIDTH="1084">
            <String CONTENT="caused" HEIGHT="35" HPOS="249" ID="ST_581.7.2.1" STYLEREFS="Style_4" VPOS="1455" WIDTH="127" WC="1.00" CC="000000" TAGREFS=""/>
            <SP HPOS="376" ID="SP_581.7.2.2" VPOS="1456" WIDTH="10"/>
            <String CONTENT="by" HEIGHT="44" HPOS="386" ID="ST_581.7.2.3" STYLEREFS="Style_4" VPOS="1456" WIDTH="44" WC="0.88" CC="00" TAGREFS=""/>
            <SP HPOS="430" ID="SP_581.7.2.4" VPOS="1456" WIDTH="11"/>
            <String CONTENT="accident," HEIGHT="41" HPOS="441" ID="ST_581.7.2.5" STYLEREFS="Style_4" VPOS="1456" WIDTH="169" WC="0.80" CC="000000000" TAGREFS=""/>
            <SP HPOS="610" ID="SP_581.7.2.6" VPOS="1456" WIDTH="11"/>
            <String CONTENT="for" HEIGHT="35" HPOS="621" ID="ST_581.7.2.7" STYLEREFS="Style_4" VPOS="1456" WIDTH="54" WC="0.97" CC="000" TAGREFS=""/>
            <SP HPOS="675" ID="SP_581.7.2.8" VPOS="1456" WIDTH="10"/>
            <String CONTENT="services" HEIGHT="35" HPOS="685" ID="ST_581.7.2.9" STYLEREFS="Style_4" VPOS="1456" WIDTH="145" WC="0.95" CC="00000000" TAGREFS=""/>
            <SP HPOS="830" ID="SP_581.7.2.10" VPOS="1455" WIDTH="11"/>
            <String CONTENT="furnished" HEIGHT="36" HPOS="841" ID="ST_581.7.2.11" STYLEREFS="Style_4" VPOS="1455" WIDTH="178" WC="0.87" CC="000000000" TAGREFS=""/>
            <SP HPOS="1019" ID="SP_581.7.2.12" VPOS="1456" WIDTH="11"/>
            <String CONTENT="within" HEIGHT="35" HPOS="1030" ID="ST_581.7.2.13" STYLEREFS="Style_4" VPOS="1456" WIDTH="119" WC="0.87" CC="000000" TAGREFS=""/>
            <SP HPOS="1149" ID="SP_581.7.2.14" VPOS="1462" WIDTH="10"/>
            <String CONTENT="two" HEIGHT="29" HPOS="1159" ID="ST_581.7.2.15" STYLEREFS="Style_4" VPOS="1462" WIDTH="67" WC="1.00" CC="000" TAGREFS=""/>
            <SP HPOS="1226" ID="SP_581.7.2.16" VPOS="1468" WIDTH="10"/>
            <String CONTENT="years" HEIGHT="32" HPOS="1236" ID="ST_581.7.2.17" STYLEREFS="Style_4" VPOS="1468" WIDTH="97" WC="0.93" CC="00000" TAGREFS=""/>
          </TextLine>
          <TextLine HEIGHT="36" HPOS="248" ID="TL_581.7.3" VPOS="1505" WIDTH="607">
            <String CONTENT="of" HEIGHT="35" HPOS="248" ID="ST_581.7.3.1" STYLEREFS="Style_4" VPOS="1505" WIDTH="39" WC="1.00" CC="00" TAGREFS=""/>
            <SP HPOS="287" ID="SP_581.7.3.2" VPOS="1506" WIDTH="17"/>
            <String CONTENT="the" HEIGHT="34" HPOS="304" ID="ST_581.7.3.3" STYLEREFS="Style_4" VPOS="1506" WIDTH="59" WC="1.00" CC="000" TAGREFS=""/>
            <SP HPOS="363" ID="SP_581.7.3.4" VPOS="1506" WIDTH="19"/>
            <String CONTENT="date" HEIGHT="35" HPOS="382" ID="ST_581.7.3.5" STYLEREFS="Style_4" VPOS="1506" WIDTH="81" WC="0.90" CC="0000" TAGREFS=""/>
            <SP HPOS="463" ID="SP_581.7.3.6" VPOS="1505" WIDTH="19"/>
            <String CONTENT="of" HEIGHT="35" HPOS="482" ID="ST_581.7.3.7" STYLEREFS="Style_4" VPOS="1505" WIDTH="39" WC="1.00" CC="00" TAGREFS=""/>
            <SP HPOS="521" ID="SP_581.7.3.8" VPOS="1506" WIDTH="17"/>
            <String CONTENT="the" HEIGHT="35" HPOS="538" ID="ST_581.7.3.9" STYLEREFS="Style_4" VPOS="1506" WIDTH="59" WC="0.94" CC="000" TAGREFS=""/>
            <SP HPOS="597" ID="SP_581.7.3.10" VPOS="1506" WIDTH="20"/>
            <String CONTENT="accident." HEIGHT="35" HPOS="617" ID="ST_581.7.3.11" STYLEREFS="Style_4" VPOS="1506" WIDTH="169" WC="0.94" CC="000000000" TAGREFS=""/>
            <SP HPOS="786" ID="SP_581.7.3.12" VPOS="1534" WIDTH="28"/>
            <String CONTENT="." HEIGHT="7" HPOS="814" ID="ST_581.7.3.13" STYLEREFS="Style_4" VPOS="1534" WIDTH="6" WC="1.00" CC="9" TAGREFS=""/>
            <SP HPOS="820" ID="SP_581.7.3.14" VPOS="1533" WIDTH="28"/>
            <String CONTENT="." HEIGHT="7" HPOS="848" ID="ST_581.7.3.15" STYLEREFS="Style_4" VPOS="1533" WIDTH="7" WC="0.51" CC="9" TAGREFS=""/>
          </TextLine>
        </TextBlock>
        <TextBlock HEIGHT="142.0" HPOS="247.0" ID="BL_581.8" TAGREFS="b581-10" VPOS="1659.0" WIDTH="1088.0">
          <TextLine HEIGHT="44" HPOS="248" ID="TL_581.8.1" VPOS="1659" WIDTH="1087">
            <String CONTENT="Any" HEIGHT="43" HPOS="248" ID="ST_581.8.1.1" STYLEREFS="Style_4" VPOS="1659" WIDTH="80" WC="0.88" CC="000" TAGREFS=""/>
            <SP HPOS="328" ID="SP_581.8.1.2" VPOS="1663" WIDTH="15"/>
            <String CONTENT="payment" HEIGHT="39" HPOS="343" ID="ST_581.8.1.3" STYLEREFS="Style_4" VPOS="1663" WIDTH="163" WC="0.90" CC="0000000" TAGREFS=""/>
            <SP HPOS="506" ID="SP_581.8.1.4" VPOS="1659" WIDTH="15"/>
            <String CONTENT="shall" HEIGHT="34" HPOS="521" ID="ST_581.8.1.5" STYLEREFS="Style_4" VPOS="1659" WIDTH="88" WC="0.96" CC="00000" TAGREFS=""/>
            <SP HPOS="609" ID="SP_581.8.1.6" VPOS="1659" WIDTH="16"/>
            <String CONTENT="be" HEIGHT="35" HPOS="625" ID="ST_581.8.1.7" STYLEREFS="Style_4" VPOS="1659" WIDTH="43" WC="1.00" CC="00" TAGREFS=""/>
            <SP HPOS="668" ID="SP_581.8.1.8" VPOS="1659" WIDTH="14"/>
            <String CONTENT="applied" HEIGHT="44" HPOS="682" ID="ST_581.8.1.9" STYLEREFS="Style_4" VPOS="1659" WIDTH="137" WC="0.99" CC="0000000" TAGREFS=""/>
            <SP HPOS="819" ID="SP_581.8.1.10" VPOS="1659" WIDTH="15"/>
            <String CONTENT="toward" HEIGHT="35" HPOS="834" ID="ST_581.8.1.11" STYLEREFS="Style_4" VPOS="1659" WIDTH="131" WC="0.99" CC="000000" TAGREFS=""/>
            <SP HPOS="965" ID="SP_581.8.1.12" VPOS="1660" WIDTH="15"/>
            <String CONTENT="the" HEIGHT="34" HPOS="980" ID="ST_581.8.1.13" STYLEREFS="Style_4" VPOS="1660" WIDTH="59" WC="1.00" CC="000" TAGREFS=""/>
            <SP HPOS="1039" ID="SP_581.8.1.14" VPOS="1660" WIDTH="15"/>
            <String CONTENT="settlement" HEIGHT="34" HPOS="1054" ID="ST_581.8.1.15" STYLEREFS="Style_4" VPOS="1660" WIDTH="196" WC="0.97" CC="0000000000" TAGREFS=""/>
            <SP HPOS="1250" ID="SP_581.8.1.16" VPOS="1659" WIDTH="14"/>
            <String CONTENT="of" HEIGHT="34" HPOS="1264" ID="ST_581.8.1.17" STYLEREFS="Style_4" VPOS="1659" WIDTH="39" WC="1.00" CC="00" TAGREFS=""/>
            <SP HPOS="1303" ID="SP_581.8.1.18" VPOS="1671" WIDTH="12"/>
            <String CONTENT="a" HEIGHT="23" HPOS="1315" ID="ST_581.8.1.19" STYLEREFS="Style_4" VPOS="1671" WIDTH="20" WC="1.00" CC="0" TAGREFS=""/>
          </TextLine>
          <TextLine HEIGHT="44" HPOS="247" ID="TL_581.8.2" VPOS="1708" WIDTH="1088">
            <String CONTENT="claim" HEIGHT="34" HPOS="247" ID="ST_581.8.2.1" STYLEREFS="Style_4" VPOS="1708" WIDTH="104" WC="0.86" CC="00000" TAGREFS=""/>
            <SP HPOS="351" ID="SP_581.8.2.2" VPOS="1719" WIDTH="15"/>
            <String CONTENT="or" HEIGHT="24" HPOS="366" ID="ST_581.8.2.3" STYLEREFS="Style_4" VPOS="1719" WIDTH="38" WC="0.94" CC="00" TAGREFS=""/>
            <SP HPOS="404" ID="SP_581.8.2.4" VPOS="1714" WIDTH="14"/>
            <String CONTENT="payment" HEIGHT="38" HPOS="418" ID="ST_581.8.2.5" STYLEREFS="Style_4" VPOS="1714" WIDTH="165" WC="0.93" CC="0000000" TAGREFS=""/>
            <SP HPOS="583" ID="SP_581.8.2.6" VPOS="1709" WIDTH="14"/>
            <String CONTENT="of" HEIGHT="34" HPOS="597" ID="ST_581.8.2.7" STYLEREFS="Style_4" VPOS="1709" WIDTH="39" WC="1.00" CC="00" TAGREFS=""/>
            <SP HPOS="636" ID="SP_581.8.2.8" VPOS="1719" WIDTH="12"/>
            <String CONTENT="a" HEIGHT="23" HPOS="648" ID="ST_581.8.2.9" STYLEREFS="Style_4" VPOS="1719" WIDTH="20" WC="1.00" CC="0" TAGREFS=""/>
            <SP HPOS="668" ID="SP_581.8.2.10" VPOS="1719" WIDTH="15"/>
            <String CONTENT="money" HEIGHT="33" HPOS="683" ID="ST_581.8.2.11" STYLEREFS="Style_4" VPOS="1719" WIDTH="125" WC="0.89" CC="00000" TAGREFS=""/>
            <SP HPOS="808" ID="SP_581.8.2.12" VPOS="1708" WIDTH="10"/>
            <String CONTENT="judgment" HEIGHT="44" HPOS="818" ID="ST_581.8.2.13" STYLEREFS="Style_4" VPOS="1708" WIDTH="184" WC="0.91" CC="00000000" TAGREFS=""/>
            <SP HPOS="1002" ID="SP_581.8.2.14" VPOS="1708" WIDTH="15"/>
            <String CONTENT="for" HEIGHT="35" HPOS="1017" ID="ST_581.8.2.15" STYLEREFS="Style_4" VPOS="1708" WIDTH="54" WC="1.00" CC="000" TAGREFS=""/>
            <SP HPOS="1071" ID="SP_581.8.2.16" VPOS="1708" WIDTH="14"/>
            <String CONTENT="bodily" HEIGHT="43" HPOS="1085" ID="ST_581.8.2.17" STYLEREFS="Style_5" VPOS="1708" WIDTH="120" WC="0.98" CC="000000" TAGREFS=""/>
            <SP HPOS="1205" ID="SP_581.8.2.18" VPOS="1711" WIDTH="15"/>
            <String CONTENT="injury" HEIGHT="40" HPOS="1220" ID="ST_581.8.2.19" STYLEREFS="Style_5" VPOS="1711" WIDTH="115" WC="1.00" CC="000000" TAGREFS=""/>
          </TextLine>
          <TextLine HEIGHT="44" HPOS="248" ID="TL_581.8.3" VPOS="1757" WIDTH="956">
            <String CONTENT="against" HEIGHT="42" HPOS="248" ID="ST_581.8.3.1" STYLEREFS="Style_4" VPOS="1757" WIDTH="136" WC="0.99" CC="0000000" TAGREFS=""/>
            <SP HPOS="384" ID="SP_581.8.3.2" VPOS="1768" WIDTH="21"/>
            <String CONTENT="any" HEIGHT="32" HPOS="405" ID="ST_581.8.3.3" STYLEREFS="Style_4" VPOS="1768" WIDTH="67" WC="0.94" CC="000" TAGREFS=""/>
            <SP HPOS="472" ID="SP_581.8.3.4" VPOS="1757" WIDTH="20"/>
            <String CONTENT="insured" HEIGHT="35" HPOS="492" ID="ST_581.8.3.5" STYLEREFS="Style_5" VPOS="1757" WIDTH="145" WC="0.98" CC="0000000" TAGREFS=""/>
            <SP HPOS="637" ID="SP_581.8.3.6" VPOS="1757" WIDTH="17"/>
            <String CONTENT="under" HEIGHT="34" HPOS="654" ID="ST_581.8.3.7" STYLEREFS="Style_4" VPOS="1757" WIDTH="110" WC="0.88" CC="00000" TAGREFS=""/>
            <SP HPOS="764" ID="SP_581.8.3.8" VPOS="1758" WIDTH="20"/>
            <String CONTENT="the" HEIGHT="34" HPOS="784" ID="ST_581.8.3.9" STYLEREFS="Style_4" VPOS="1758" WIDTH="58" WC="0.77" CC="000" TAGREFS=""/>
            <SP HPOS="842" ID="SP_581.8.3.10" VPOS="1758" WIDTH="20"/>
            <String CONTENT="liability" HEIGHT="43" HPOS="862" ID="ST_581.8.3.11" STYLEREFS="Style_4" VPOS="1758" WIDTH="146" WC="0.97" CC="000000000" TAGREFS=""/>
            <SP HPOS="1008" ID="SP_581.8.3.12" VPOS="1768" WIDTH="20"/>
            <String CONTENT="coverage." HEIGHT="32" HPOS="1028" ID="ST_581.8.3.13" STYLEREFS="Style_4" VPOS="1768" WIDTH="176" WC="1.00" CC="000000000" TAGREFS=""/>
          </TextLine>
        </TextBlock>
        <TextBlock HEIGHT="493.0" HPOS="123.0" ID="BL_581.9" TAGREFS="b581-11" VPOS="1831.0" WIDTH="1215.0">
          <TextLine HEIGHT="46" HPOS="215" ID="TL_581.9.1" VPOS="1831" WIDTH="1120">
            <String CONTENT="The" HEIGHT="34" HPOS="215" ID="ST_581.9.1.1" STYLEREFS="Style_4" VPOS="1832" WIDTH="75" WC="0.81" CC="000" TAGREFS=""/>
            <SP HPOS="290" ID="SP_581.9.1.2" VPOS="1832" WIDTH="11"/>
            <String CONTENT="$25,000" HEIGHT="41" HPOS="301" ID="ST_581.9.1.3" STYLEREFS="Style_4" VPOS="1832" WIDTH="150" WC="0.83" CC="0000000" TAGREFS=""/>
            <SP HPOS="451" ID="SP_581.9.1.4" VPOS="1831" WIDTH="11"/>
            <String CONTENT="limit" HEIGHT="35" HPOS="462" ID="ST_581.9.1.5" STYLEREFS="Style_4" VPOS="1831" WIDTH="89" WC="0.89" CC="00000" TAGREFS=""/>
            <SP HPOS="551" ID="SP_581.9.1.6" VPOS="1843" WIDTH="9"/>
            <String CONTENT="on" HEIGHT="23" HPOS="560" ID="ST_581.9.1.7" STYLEREFS="Style_4" VPOS="1843" WIDTH="44" WC="0.96" CC="00" TAGREFS=""/>
            <SP HPOS="604" ID="SP_581.9.1.8" VPOS="1832" WIDTH="11"/>
            <String CONTENT="bodily" HEIGHT="44" HPOS="615" ID="ST_581.9.1.9" STYLEREFS="Style_4" VPOS="1832" WIDTH="117" WC="0.95" CC="000000" TAGREFS=""/>
            <SP HPOS="732" ID="SP_581.9.1.10" VPOS="1832" WIDTH="11"/>
            <String CONTENT="injury" HEIGHT="44" HPOS="743" ID="ST_581.9.1.11" STYLEREFS="Style_4" VPOS="1832" WIDTH="113" WC="0.94" CC="000000" TAGREFS=""/>
            <SP HPOS="856" ID="SP_581.9.1.12" VPOS="1832" WIDTH="10"/>
            <String CONTENT="liability" HEIGHT="45" HPOS="866" ID="ST_581.9.1.13" STYLEREFS="Style_4" VPOS="1832" WIDTH="147" WC="0.98" CC="000000000" TAGREFS=""/>
            <SP HPOS="1013" ID="SP_581.9.1.14" VPOS="1832" WIDTH="10"/>
            <String CONTENT="is" HEIGHT="35" HPOS="1023" ID="ST_581.9.1.15" STYLEREFS="Style_4" VPOS="1832" WIDTH="27" WC="0.93" CC="00" TAGREFS=""/>
            <SP HPOS="1050" ID="SP_581.9.1.16" VPOS="1832" WIDTH="12"/>
            <String CONTENT="mandated" HEIGHT="35" HPOS="1062" ID="ST_581.9.1.17" STYLEREFS="Style_4" VPOS="1832" WIDTH="187" WC="0.91" CC="00000000" TAGREFS=""/>
            <SP HPOS="1249" ID="SP_581.9.1.18" VPOS="1833" WIDTH="11"/>
            <String CONTENT="by" HEIGHT="43" HPOS="1260" ID="ST_581.9.1.19" STYLEREFS="Style_4" VPOS="1833" WIDTH="44" WC="0.82" CC="00" TAGREFS=""/>
            <SP HPOS="1304" ID="SP_581.9.1.20" VPOS="1844" WIDTH="11"/>
            <String CONTENT="a" HEIGHT="23" HPOS="1315" ID="ST_581.9.1.21" STYLEREFS="Style_4" VPOS="1844" WIDTH="20" WC="1.00" CC="0" TAGREFS=""/>
          </TextLine>
          <TextLine HEIGHT="45" HPOS="124" ID="TL_581.9.2" VPOS="1881" WIDTH="1210">
            <String CONTENT="provision" HEIGHT="43" HPOS="124" ID="ST_581.9.2.1" STYLEREFS="Style_4" VPOS="1882" WIDTH="171" WC="0.99" CC="000000000" TAGREFS=""/>
            <SP HPOS="295" ID="SP_581.9.2.2" VPOS="1881" WIDTH="17"/>
            <String CONTENT="of" HEIGHT="34" HPOS="312" ID="ST_581.9.2.3" STYLEREFS="Style_4" VPOS="1881" WIDTH="39" WC="1.00" CC="00" TAGREFS=""/>
            <SP HPOS="351" ID="SP_581.9.2.4" VPOS="1882" WIDTH="12"/>
            <String CONTENT="the" HEIGHT="34" HPOS="363" ID="ST_581.9.2.5" STYLEREFS="Style_4" VPOS="1882" WIDTH="58" WC="1.00" CC="000" TAGREFS=""/>
            <SP HPOS="421" ID="SP_581.9.2.6" VPOS="1882" WIDTH="17"/>
            <String CONTENT="Motor" HEIGHT="34" HPOS="438" ID="ST_581.9.2.7" STYLEREFS="Style_4" VPOS="1882" WIDTH="118" WC="0.95" CC="00000" TAGREFS=""/>
            <SP HPOS="556" ID="SP_581.9.2.8" VPOS="1882" WIDTH="16"/>
            <String CONTENT="Vehicle" HEIGHT="35" HPOS="572" ID="ST_581.9.2.9" STYLEREFS="Style_4" VPOS="1882" WIDTH="144" WC="0.97" CC="0000000" TAGREFS=""/>
            <SP HPOS="716" ID="SP_581.9.2.10" VPOS="1882" WIDTH="15"/>
            <String CONTENT="Safety" HEIGHT="43" HPOS="731" ID="ST_581.9.2.11" STYLEREFS="Style_4" VPOS="1882" WIDTH="122" WC="1.00" CC="000000" TAGREFS=""/>
            <SP HPOS="853" ID="SP_581.9.2.12" VPOS="1882" WIDTH="16"/>
            <String CONTENT="Responsibility" HEIGHT="44" HPOS="869" ID="ST_581.9.2.13" STYLEREFS="Style_4" VPOS="1882" WIDTH="270" WC="0.97" CC="00000000000000" TAGREFS=""/>
            <SP HPOS="1139" ID="SP_581.9.2.14" VPOS="1884" WIDTH="15"/>
            <String CONTENT="Act," HEIGHT="39" HPOS="1154" ID="ST_581.9.2.15" STYLEREFS="Style_4" VPOS="1884" WIDTH="79" WC="0.94" CC="0000" TAGREFS=""/>
            <SP HPOS="1233" ID="SP_581.9.2.16" VPOS="1883" WIDTH="17"/>
            <String CONTENT="Ark." HEIGHT="34" HPOS="1250" ID="ST_581.9.2.17" STYLEREFS="Style_4" VPOS="1883" WIDTH="84" WC="0.89" CC="0000" TAGREFS=""/>
          </TextLine>
          <TextLine HEIGHT="45" HPOS="123" ID="TL_581.9.3" VPOS="1931" WIDTH="1215">
            <String CONTENT="Stat." HEIGHT="35" HPOS="123" ID="ST_581.9.3.1" STYLEREFS="Style_4" VPOS="1931" WIDTH="91" WC="1.00" CC="00000" TAGREFS=""/>
            <SP HPOS="214" ID="SP_581.9.3.2" VPOS="1933" WIDTH="15"/>
            <String CONTENT="Ann." HEIGHT="33" HPOS="229" ID="ST_581.9.3.3" STYLEREFS="Style_4" VPOS="1933" WIDTH="92" WC="0.92" CC="0000" TAGREFS=""/>
            <SP HPOS="321" ID="SP_581.9.3.4" VPOS="1932" WIDTH="18"/>
            <String CONTENT="§" HEIGHT="42" HPOS="339" ID="ST_581.9.3.5" STYLEREFS="Style_4" VPOS="1932" WIDTH="17" WC="1.00" CC="0" TAGREFS=""/>
            <SP HPOS="356" ID="SP_581.9.3.6" VPOS="1932" WIDTH="16"/>
            <String CONTENT="75-1427" HEIGHT="34" HPOS="372" ID="ST_581.9.3.7" STYLEREFS="Style_4" VPOS="1932" WIDTH="152" WC="0.90" CC="0000000" TAGREFS=""/>
            <SP HPOS="524" ID="SP_581.9.3.8" VPOS="1932" WIDTH="17"/>
            <String CONTENT="(Supp." HEIGHT="44" HPOS="541" ID="ST_581.9.3.9" STYLEREFS="Style_4" VPOS="1932" WIDTH="125" WC="0.93" CC="000000" TAGREFS=""/>
            <SP HPOS="666" ID="SP_581.9.3.10" VPOS="1932" WIDTH="20"/>
            <String CONTENT="1985)" HEIGHT="43" HPOS="686" ID="ST_581.9.3.11" STYLEREFS="Style_4" VPOS="1932" WIDTH="103" WC="1.00" CC="00000" TAGREFS=""/>
            <SP HPOS="789" ID="SP_581.9.3.12" VPOS="1932" WIDTH="16"/>
            <String CONTENT="which" HEIGHT="34" HPOS="805" ID="ST_581.9.3.13" STYLEREFS="Style_4" VPOS="1932" WIDTH="111" WC="0.78" CC="00000" TAGREFS=""/>
            <SP HPOS="916" ID="SP_581.9.3.14" VPOS="1938" WIDTH="14"/>
            <String CONTENT="states" HEIGHT="29" HPOS="930" ID="ST_581.9.3.15" STYLEREFS="Style_4" VPOS="1938" WIDTH="107" WC="1.00" CC="000000" TAGREFS=""/>
            <SP HPOS="1037" ID="SP_581.9.3.16" VPOS="1932" WIDTH="14"/>
            <String CONTENT="that" HEIGHT="35" HPOS="1051" ID="ST_581.9.3.17" STYLEREFS="Style_4" VPOS="1932" WIDTH="76" WC="1.00" CC="0000" TAGREFS=""/>
            <SP HPOS="1127" ID="SP_581.9.3.18" VPOS="1944" WIDTH="14"/>
            <String CONTENT="a" HEIGHT="23" HPOS="1141" ID="ST_581.9.3.19" STYLEREFS="Style_4" VPOS="1944" WIDTH="20" WC="1.00" CC="0" TAGREFS=""/>
            <SP HPOS="1161" ID="SP_581.9.3.20" VPOS="1932" WIDTH="14"/>
            <String CONTENT="policy" HEIGHT="44" HPOS="1175" ID="ST_581.9.3.21" STYLEREFS="Style_4" VPOS="1932" WIDTH="112" WC="0.91" CC="000000" TAGREFS=""/>
            <SP HPOS="1287" ID="SP_581.9.3.22" VPOS="1932" WIDTH="12"/>
            <String CONTENT="of" HEIGHT="34" HPOS="1299" ID="ST_581.9.3.23" STYLEREFS="Style_4" VPOS="1932" WIDTH="39" WC="0.91" CC="00" TAGREFS=""/>
          </TextLine>
          <TextLine HEIGHT="44" HPOS="123" ID="TL_581.9.4" VPOS="1981" WIDTH="1213">
            <String CONTENT="insurance" HEIGHT="34" HPOS="123" ID="ST_581.9.4.1" STYLEREFS="Style_4" VPOS="1981" WIDTH="185" WC="0.88" CC="000000000" TAGREFS=""/>
            <SP HPOS="308" ID="SP_581.9.4.2" VPOS="1987" WIDTH="11"/>
            <String CONTENT="must" HEIGHT="28" HPOS="319" ID="ST_581.9.4.3" STYLEREFS="Style_4" VPOS="1987" WIDTH="92" WC="1.00" CC="0000" TAGREFS=""/>
            <SP HPOS="411" ID="SP_581.9.4.4" VPOS="1981" WIDTH="12"/>
            <String CONTENT="provide" HEIGHT="44" HPOS="423" ID="ST_581.9.4.5" STYLEREFS="Style_4" VPOS="1981" WIDTH="139" WC="0.96" CC="0000000" TAGREFS=""/>
            <SP HPOS="562" ID="SP_581.9.4.6" VPOS="1992" WIDTH="11"/>
            <String CONTENT="no" HEIGHT="24" HPOS="573" ID="ST_581.9.4.7" STYLEREFS="Style_4" VPOS="1992" WIDTH="44" WC="0.91" CC="00" TAGREFS=""/>
            <SP HPOS="617" ID="SP_581.9.4.8" VPOS="1982" WIDTH="11"/>
            <String CONTENT="less" HEIGHT="34" HPOS="628" ID="ST_581.9.4.9" STYLEREFS="Style_4" VPOS="1982" WIDTH="66" WC="0.96" CC="0000" TAGREFS=""/>
            <SP HPOS="694" ID="SP_581.9.4.10" VPOS="1981" WIDTH="12"/>
            <String CONTENT="than" HEIGHT="35" HPOS="706" ID="ST_581.9.4.11" STYLEREFS="Style_4" VPOS="1981" WIDTH="84" WC="0.80" CC="0000" TAGREFS=""/>
            <SP HPOS="790" ID="SP_581.9.4.12" VPOS="1982" WIDTH="13"/>
            <String CONTENT="$25,000" HEIGHT="40" HPOS="803" ID="ST_581.9.4.13" STYLEREFS="Style_4" VPOS="1982" WIDTH="150" WC="0.76" CC="0000000" TAGREFS=""/>
            <SP HPOS="953" ID="SP_581.9.4.14" VPOS="1982" WIDTH="12"/>
            <String CONTENT="in" HEIGHT="34" HPOS="965" ID="ST_581.9.4.15" STYLEREFS="Style_4" VPOS="1982" WIDTH="35" WC="0.99" CC="00" TAGREFS=""/>
            <SP HPOS="1000" ID="SP_581.9.4.16" VPOS="1992" WIDTH="11"/>
            <String CONTENT="coverage" HEIGHT="33" HPOS="1011" ID="ST_581.9.4.17" STYLEREFS="Style_4" VPOS="1992" WIDTH="167" WC="1.00" CC="00000000" TAGREFS=""/>
            <SP HPOS="1178" ID="SP_581.9.4.18" VPOS="1983" WIDTH="11"/>
            <String CONTENT="because" HEIGHT="33" HPOS="1189" ID="ST_581.9.4.19" STYLEREFS="Style_4" VPOS="1983" WIDTH="147" WC="0.94" CC="0000000" TAGREFS=""/>
          </TextLine>
          <TextLine HEIGHT="44" HPOS="124" ID="TL_581.9.5" VPOS="2030" WIDTH="1211">
            <String CONTENT="of" HEIGHT="34" HPOS="124" ID="ST_581.9.5.1" STYLEREFS="Style_4" VPOS="2030" WIDTH="40" WC="1.00" CC="00" TAGREFS=""/>
            <SP HPOS="164" ID="SP_581.9.5.2" VPOS="2031" WIDTH="5"/>
            <String CONTENT="bodily" HEIGHT="42" HPOS="169" ID="ST_581.9.5.3" STYLEREFS="Style_4" VPOS="2031" WIDTH="118" WC="0.96" CC="000000" TAGREFS=""/>
            <SP HPOS="287" ID="SP_581.9.5.4" VPOS="2031" WIDTH="9"/>
            <String CONTENT="injury" HEIGHT="43" HPOS="296" ID="ST_581.9.5.5" STYLEREFS="Style_4" VPOS="2031" WIDTH="113" WC="0.94" CC="000000" TAGREFS=""/>
            <SP HPOS="409" ID="SP_581.9.5.6" VPOS="2042" WIDTH="8"/>
            <String CONTENT="or" HEIGHT="23" HPOS="417" ID="ST_581.9.5.7" STYLEREFS="Style_4" VPOS="2042" WIDTH="38" WC="0.92" CC="00" TAGREFS=""/>
            <SP HPOS="455" ID="SP_581.9.5.8" VPOS="2030" WIDTH="9"/>
            <String CONTENT="death." HEIGHT="35" HPOS="464" ID="ST_581.9.5.9" STYLEREFS="Style_4" VPOS="2030" WIDTH="115" WC="0.98" CC="000000" TAGREFS=""/>
            <SP HPOS="579" ID="SP_581.9.5.10" VPOS="2033" WIDTH="11"/>
            <String CONTENT="A" HEIGHT="32" HPOS="590" ID="ST_581.9.5.11" STYLEREFS="Style_4" VPOS="2033" WIDTH="34" WC="0.83" CC="0" TAGREFS=""/>
            <SP HPOS="624" ID="SP_581.9.5.12" VPOS="2036" WIDTH="8"/>
            <String CONTENT="separate" HEIGHT="38" HPOS="632" ID="ST_581.9.5.13" STYLEREFS="Style_4" VPOS="2036" WIDTH="160" WC="1.00" CC="00000000" TAGREFS=""/>
            <SP HPOS="792" ID="SP_581.9.5.14" VPOS="2036" WIDTH="8"/>
            <String CONTENT="statute," HEIGHT="36" HPOS="800" ID="ST_581.9.5.15" STYLEREFS="Style_4" VPOS="2036" WIDTH="139" WC="1.00" CC="00000000" TAGREFS=""/>
            <SP HPOS="939" ID="SP_581.9.5.16" VPOS="2032" WIDTH="10"/>
            <String CONTENT="Ark." HEIGHT="34" HPOS="949" ID="ST_581.9.5.17" STYLEREFS="Style_4" VPOS="2032" WIDTH="85" WC="0.96" CC="0000" TAGREFS=""/>
            <SP HPOS="1034" ID="SP_581.9.5.18" VPOS="2031" WIDTH="11"/>
            <String CONTENT="Stat." HEIGHT="34" HPOS="1045" ID="ST_581.9.5.19" STYLEREFS="Style_4" VPOS="2031" WIDTH="89" WC="1.00" CC="00000" TAGREFS=""/>
            <SP HPOS="1134" ID="SP_581.9.5.20" VPOS="2033" WIDTH="10"/>
            <String CONTENT="Ann." HEIGHT="33" HPOS="1144" ID="ST_581.9.5.21" STYLEREFS="Style_4" VPOS="2033" WIDTH="91" WC="0.68" CC="0000" TAGREFS=""/>
            <SP HPOS="1235" ID="SP_581.9.5.22" VPOS="2031" WIDTH="13"/>
            <String CONTENT="§" HEIGHT="42" HPOS="1248" ID="ST_581.9.5.23" STYLEREFS="Style_4" VPOS="2031" WIDTH="17" WC="1.00" CC="0" TAGREFS=""/>
            <SP HPOS="1265" ID="SP_581.9.5.24" VPOS="2032" WIDTH="12"/>
            <String CONTENT="66-" HEIGHT="33" HPOS="1277" ID="ST_581.9.5.25" STYLEREFS="Style_4" VPOS="2032" WIDTH="58" WC="1.00" CC="000" TAGREFS=""/>
          </TextLine>
          <TextLine HEIGHT="44" HPOS="124" ID="TL_581.9.6" VPOS="2080" WIDTH="1213">
            <String CONTENT="40i4" HEIGHT="33" HPOS="124" ID="ST_581.9.6.1" STYLEREFS="Style_4" VPOS="2081" WIDTH="93" WC="0.81" CC="0000" TAGREFS=""/>
            <SP HPOS="217" ID="SP_581.9.6.2" VPOS="2080" WIDTH="14"/>
            <String CONTENT="(Supp." HEIGHT="43" HPOS="231" ID="ST_581.9.6.3" STYLEREFS="Style_4" VPOS="2080" WIDTH="124" WC="0.97" CC="000000" TAGREFS=""/>
            <SP HPOS="355" ID="SP_581.9.6.4" VPOS="2080" WIDTH="17"/>
            <String CONTENT="1985)," HEIGHT="42" HPOS="372" ID="ST_581.9.6.5" STYLEREFS="Style_4" VPOS="2080" WIDTH="116" WC="0.88" CC="000000" TAGREFS=""/>
            <SP HPOS="488" ID="SP_581.9.6.6" VPOS="2081" WIDTH="13"/>
            <String CONTENT="requires" HEIGHT="43" HPOS="501" ID="ST_581.9.6.7" STYLEREFS="Style_4" VPOS="2081" WIDTH="152" WC="0.90" CC="00000000" TAGREFS=""/>
            <SP HPOS="653" ID="SP_581.9.6.8" VPOS="2092" WIDTH="12"/>
            <String CONTENT="every" HEIGHT="32" HPOS="665" ID="ST_581.9.6.9" STYLEREFS="Style_4" VPOS="2092" WIDTH="100" WC="0.93" CC="00000" TAGREFS=""/>
            <SP HPOS="765" ID="SP_581.9.6.10" VPOS="2081" WIDTH="11"/>
            <String CONTENT="automobile" HEIGHT="35" HPOS="776" ID="ST_581.9.6.11" STYLEREFS="Style_4" VPOS="2081" WIDTH="212" WC="0.99" CC="0000000000" TAGREFS=""/>
            <SP HPOS="988" ID="SP_581.9.6.12" VPOS="2081" WIDTH="10"/>
            <String CONTENT="liability" HEIGHT="43" HPOS="998" ID="ST_581.9.6.13" STYLEREFS="Style_4" VPOS="2081" WIDTH="147" WC="0.98" CC="000000000" TAGREFS=""/>
            <SP HPOS="1145" ID="SP_581.9.6.14" VPOS="2081" WIDTH="11"/>
            <String CONTENT="insurance" HEIGHT="34" HPOS="1156" ID="ST_581.9.6.15" STYLEREFS="Style_4" VPOS="2081" WIDTH="181" WC="0.99" CC="000000000" TAGREFS=""/>
          </TextLine>
          <TextLine HEIGHT="45" HPOS="124" ID="TL_581.9.7" VPOS="2130" WIDTH="1212">
            <String CONTENT="policy" HEIGHT="43" HPOS="124" ID="ST_581.9.7.1" STYLEREFS="Style_4" VPOS="2130" WIDTH="113" WC="0.92" CC="000000" TAGREFS=""/>
            <SP HPOS="237" ID="SP_581.9.7.2" VPOS="2135" WIDTH="16"/>
            <String CONTENT="to" HEIGHT="30" HPOS="253" ID="ST_581.9.7.3" STYLEREFS="Style_4" VPOS="2135" WIDTH="36" WC="1.00" CC="00" TAGREFS=""/>
            <SP HPOS="289" ID="SP_581.9.7.4" VPOS="2130" WIDTH="15"/>
            <String CONTENT="offer" HEIGHT="34" HPOS="304" ID="ST_581.9.7.5" STYLEREFS="Style_4" VPOS="2130" WIDTH="87" WC="0.72" CC="00000" TAGREFS=""/>
            <SP HPOS="391" ID="SP_581.9.7.6" VPOS="2130" WIDTH="16"/>
            <String CONTENT="minimum" HEIGHT="35" HPOS="407" ID="ST_581.9.7.7" STYLEREFS="Style_4" VPOS="2130" WIDTH="184" WC="0.81" CC="0000000" TAGREFS=""/>
            <SP HPOS="591" ID="SP_581.9.7.8" VPOS="2130" WIDTH="15"/>
            <String CONTENT="medical" HEIGHT="35" HPOS="606" ID="ST_581.9.7.9" STYLEREFS="Style_4" VPOS="2130" WIDTH="149" WC="0.98" CC="0000000" TAGREFS=""/>
            <SP HPOS="755" ID="SP_581.9.7.10" VPOS="2130" WIDTH="16"/>
            <String CONTENT="and" HEIGHT="35" HPOS="771" ID="ST_581.9.7.11" STYLEREFS="Style_4" VPOS="2130" WIDTH="68" WC="1.00" CC="000" TAGREFS=""/>
            <SP HPOS="839" ID="SP_581.9.7.12" VPOS="2130" WIDTH="16"/>
            <String CONTENT="hospital" HEIGHT="44" HPOS="855" ID="ST_581.9.7.13" STYLEREFS="Style_4" VPOS="2130" WIDTH="149" WC="0.94" CC="00000000" TAGREFS=""/>
            <SP HPOS="1004" ID="SP_581.9.7.14" VPOS="2130" WIDTH="16"/>
            <String CONTENT="benefits" HEIGHT="36" HPOS="1020" ID="ST_581.9.7.15" STYLEREFS="Style_4" VPOS="2130" WIDTH="144" WC="0.92" CC="00000000" TAGREFS=""/>
            <SP HPOS="1164" ID="SP_581.9.7.16" VPOS="2141" WIDTH="16"/>
            <String CONTENT="up" HEIGHT="34" HPOS="1180" ID="ST_581.9.7.17" STYLEREFS="Style_4" VPOS="2141" WIDTH="46" WC="1.00" CC="00" TAGREFS=""/>
            <SP HPOS="1226" ID="SP_581.9.7.18" VPOS="2135" WIDTH="15"/>
            <String CONTENT="to" HEIGHT="30" HPOS="1241" ID="ST_581.9.7.19" STYLEREFS="Style_4" VPOS="2135" WIDTH="35" WC="1.00" CC="00" TAGREFS=""/>
            <SP HPOS="1276" ID="SP_581.9.7.20" VPOS="2141" WIDTH="16"/>
            <String CONTENT="an" HEIGHT="24" HPOS="1292" ID="ST_581.9.7.21" STYLEREFS="Style_4" VPOS="2141" WIDTH="44" WC="0.78" CC="00" TAGREFS=""/>
          </TextLine>
          <TextLine HEIGHT="45" HPOS="123" ID="TL_581.9.8" VPOS="2180" WIDTH="1214">
            <String CONTENT="aggregate" HEIGHT="38" HPOS="123" ID="ST_581.9.8.1" STYLEREFS="Style_4" VPOS="2185" WIDTH="190" WC="0.91" CC="000000000" TAGREFS=""/>
            <SP HPOS="313" ID="SP_581.9.8.2" VPOS="2180" WIDTH="9"/>
            <String CONTENT="of" HEIGHT="34" HPOS="322" ID="ST_581.9.8.3" STYLEREFS="Style_4" VPOS="2180" WIDTH="39" WC="0.72" CC="00" TAGREFS=""/>
            <SP HPOS="361" ID="SP_581.9.8.4" VPOS="2181" WIDTH="7"/>
            <String CONTENT="$5,000" HEIGHT="40" HPOS="368" ID="ST_581.9.8.5" STYLEREFS="Style_4" VPOS="2181" WIDTH="126" WC="0.69" CC="000000" TAGREFS=""/>
            <SP HPOS="494" ID="SP_581.9.8.6" VPOS="2191" WIDTH="11"/>
            <String CONTENT="per" HEIGHT="33" HPOS="505" ID="ST_581.9.8.7" STYLEREFS="Style_4" VPOS="2191" WIDTH="59" WC="0.87" CC="000" TAGREFS=""/>
            <SP HPOS="564" ID="SP_581.9.8.8" VPOS="2191" WIDTH="10"/>
            <String CONTENT="person" HEIGHT="33" HPOS="574" ID="ST_581.9.8.9" STYLEREFS="Style_4" VPOS="2191" WIDTH="124" WC="0.83" CC="000000" TAGREFS=""/>
            <SP HPOS="698" ID="SP_581.9.8.10" VPOS="2180" WIDTH="9"/>
            <String CONTENT="without" HEIGHT="35" HPOS="707" ID="ST_581.9.8.11" STYLEREFS="Style_4" VPOS="2180" WIDTH="145" WC="0.71" CC="0000000" TAGREFS=""/>
            <SP HPOS="852" ID="SP_581.9.8.12" VPOS="2181" WIDTH="9"/>
            <String CONTENT="regard" HEIGHT="43" HPOS="861" ID="ST_581.9.8.13" STYLEREFS="Style_4" VPOS="2181" WIDTH="124" WC="0.67" CC="000000" TAGREFS=""/>
            <SP HPOS="985" ID="SP_581.9.8.14" VPOS="2186" WIDTH="9"/>
            <String CONTENT="to" HEIGHT="29" HPOS="994" ID="ST_581.9.8.15" STYLEREFS="Style_4" VPOS="2186" WIDTH="36" WC="0.79" CC="00" TAGREFS=""/>
            <SP HPOS="1030" ID="SP_581.9.8.16" VPOS="2180" WIDTH="9"/>
            <String CONTENT="fault." HEIGHT="35" HPOS="1039" ID="ST_581.9.8.17" STYLEREFS="Style_4" VPOS="2180" WIDTH="100" WC="0.83" CC="000000" TAGREFS=""/>
            <SP HPOS="1139" ID="SP_581.9.8.18" VPOS="2180" WIDTH="10"/>
            <String CONTENT="Appellant" HEIGHT="45" HPOS="1149" ID="ST_581.9.8.19" STYLEREFS="Style_4" VPOS="2180" WIDTH="188" WC="0.69" CC="000000000" TAGREFS=""/>
          </TextLine>
          <TextLine HEIGHT="45" HPOS="124" ID="TL_581.9.9" VPOS="2229" WIDTH="1212">
            <String CONTENT="claims" HEIGHT="35" HPOS="124" ID="ST_581.9.9.1" STYLEREFS="Style_4" VPOS="2229" WIDTH="123" WC="0.95" CC="000000" TAGREFS=""/>
            <SP HPOS="247" ID="SP_581.9.9.2" VPOS="2229" WIDTH="15"/>
            <String CONTENT="its" HEIGHT="35" HPOS="262" ID="ST_581.9.9.3" STYLEREFS="Style_4" VPOS="2229" WIDTH="43" WC="0.94" CC="000" TAGREFS=""/>
            <SP HPOS="305" ID="SP_581.9.9.4" VPOS="2230" WIDTH="16"/>
            <String CONTENT="right" HEIGHT="43" HPOS="321" ID="ST_581.9.9.5" STYLEREFS="Style_4" VPOS="2230" WIDTH="91" WC="1.00" CC="00000" TAGREFS=""/>
            <SP HPOS="412" ID="SP_581.9.9.6" VPOS="2229" WIDTH="14"/>
            <String CONTENT="of" HEIGHT="36" HPOS="426" ID="ST_581.9.9.7" STYLEREFS="Style_4" VPOS="2229" WIDTH="39" WC="1.00" CC="00" TAGREFS=""/>
            <SP HPOS="465" ID="SP_581.9.9.8" VPOS="2230" WIDTH="11"/>
            <String CONTENT="set-off" HEIGHT="35" HPOS="476" ID="ST_581.9.9.9" STYLEREFS="Style_4" VPOS="2230" WIDTH="121" WC="1.00" CC="0000000" TAGREFS=""/>
            <SP HPOS="597" ID="SP_581.9.9.10" VPOS="2231" WIDTH="11"/>
            <String CONTENT="is" HEIGHT="34" HPOS="608" ID="ST_581.9.9.11" STYLEREFS="Style_4" VPOS="2231" WIDTH="28" WC="1.00" CC="00" TAGREFS=""/>
            <SP HPOS="636" ID="SP_581.9.9.12" VPOS="2230" WIDTH="15"/>
            <String CONTENT="authorized" HEIGHT="35" HPOS="651" ID="ST_581.9.9.13" STYLEREFS="Style_4" VPOS="2230" WIDTH="203" WC="0.92" CC="0000000000" TAGREFS=""/>
            <SP HPOS="854" ID="SP_581.9.9.14" VPOS="2230" WIDTH="15"/>
            <String CONTENT="by" HEIGHT="44" HPOS="869" ID="ST_581.9.9.15" STYLEREFS="Style_4" VPOS="2230" WIDTH="45" WC="1.00" CC="00" TAGREFS=""/>
            <SP HPOS="914" ID="SP_581.9.9.16" VPOS="2231" WIDTH="13"/>
            <String CONTENT="Ark." HEIGHT="34" HPOS="927" ID="ST_581.9.9.17" STYLEREFS="Style_4" VPOS="2231" WIDTH="85" WC="1.00" CC="0000" TAGREFS=""/>
            <SP HPOS="1012" ID="SP_581.9.9.18" VPOS="2230" WIDTH="17"/>
            <String CONTENT="Stat." HEIGHT="35" HPOS="1029" ID="ST_581.9.9.19" STYLEREFS="Style_4" VPOS="2230" WIDTH="89" WC="1.00" CC="00000" TAGREFS=""/>
            <SP HPOS="1118" ID="SP_581.9.9.20" VPOS="2232" WIDTH="15"/>
            <String CONTENT="Ann." HEIGHT="33" HPOS="1133" ID="ST_581.9.9.21" STYLEREFS="Style_4" VPOS="2232" WIDTH="92" WC="0.97" CC="0000" TAGREFS=""/>
            <SP HPOS="1225" ID="SP_581.9.9.22" VPOS="2230" WIDTH="18"/>
            <String CONTENT="§" HEIGHT="43" HPOS="1243" ID="ST_581.9.9.23" STYLEREFS="Style_4" VPOS="2230" WIDTH="17" WC="1.00" CC="0" TAGREFS=""/>
            <SP HPOS="1260" ID="SP_581.9.9.24" VPOS="2231" WIDTH="18"/>
            <String CONTENT="66-" HEIGHT="34" HPOS="1278" ID="ST_581.9.9.25" STYLEREFS="Style_4" VPOS="2231" WIDTH="58" WC="0.97" CC="000" TAGREFS=""/>
          </TextLine>
          <TextLine HEIGHT="45" HPOS="125" ID="TL_581.9.10" VPOS="2279" WIDTH="627">
            <String CONTENT="4019" HEIGHT="35" HPOS="125" ID="ST_581.9.10.1" STYLEREFS="Style_4" VPOS="2280" WIDTH="92" WC="0.95" CC="0000" TAGREFS=""/>
            <SP HPOS="217" ID="SP_581.9.10.2" VPOS="2280" WIDTH="24"/>
            <String CONTENT="(Repl." HEIGHT="44" HPOS="241" ID="ST_581.9.10.3" STYLEREFS="Style_4" VPOS="2280" WIDTH="116" WC="1.00" CC="000090" TAGREFS=""/>
            <SP HPOS="357" ID="SP_581.9.10.4" VPOS="2279" WIDTH="26"/>
            <String CONTENT="1980)" HEIGHT="44" HPOS="383" ID="ST_581.9.10.5" STYLEREFS="Style_4" VPOS="2279" WIDTH="103" WC="0.87" CC="00000" TAGREFS=""/>
            <SP HPOS="486" ID="SP_581.9.10.6" VPOS="2280" WIDTH="23"/>
            <String CONTENT="which" HEIGHT="35" HPOS="509" ID="ST_581.9.10.7" STYLEREFS="Style_4" VPOS="2280" WIDTH="112" WC="0.86" CC="00000" TAGREFS=""/>
            <SP HPOS="621" ID="SP_581.9.10.8" VPOS="2280" WIDTH="21"/>
            <String CONTENT="reads:" HEIGHT="35" HPOS="642" ID="ST_581.9.10.9" STYLEREFS="Style_4" VPOS="2280" WIDTH="110" WC="0.94" CC="000000" TAGREFS=""/>
          </TextLine>
        </TextBlock>
        <TextBlock HEIGHT="95.0" HPOS="250.0" ID="BL_581.10" TAGREFS="b581-12" VPOS="2356.0" WIDTH="1089.0">
          <TextLine HEIGHT="45" HPOS="250" ID="TL_581.10.1" VPOS="2356" WIDTH="1086">
            <String CONTENT="Whenever" HEIGHT="35" HPOS="250" ID="ST_581.10.1.1" STYLEREFS="Style_4" VPOS="2356" WIDTH="193" WC="0.83" CC="00000000" TAGREFS=""/>
            <SP HPOS="443" ID="SP_581.10.1.2" VPOS="2367" WIDTH="25"/>
            <String CONTENT="a" HEIGHT="24" HPOS="468" ID="ST_581.10.1.3" STYLEREFS="Style_4" VPOS="2367" WIDTH="20" WC="1.00" CC="0" TAGREFS=""/>
            <SP HPOS="488" ID="SP_581.10.1.4" VPOS="2357" WIDTH="26"/>
            <String CONTENT="recipient" HEIGHT="44" HPOS="514" ID="ST_581.10.1.5" STYLEREFS="Style_4" VPOS="2357" WIDTH="166" WC="0.95" CC="000000000" TAGREFS=""/>
            <SP HPOS="680" ID="SP_581.10.1.6" VPOS="2356" WIDTH="24"/>
            <String CONTENT="of" HEIGHT="35" HPOS="704" ID="ST_581.10.1.7" STYLEREFS="Style_4" VPOS="2356" WIDTH="40" WC="0.83" CC="00" TAGREFS=""/>
            <SP HPOS="744" ID="SP_581.10.1.8" VPOS="2357" WIDTH="22"/>
            <String CONTENT="Section" HEIGHT="35" HPOS="766" ID="ST_581.10.1.9" STYLEREFS="Style_4" VPOS="2357" WIDTH="139" WC="0.95" CC="0000000" TAGREFS=""/>
            <SP HPOS="905" ID="SP_581.10.1.10" VPOS="2357" WIDTH="30"/>
            <String CONTENT="1(a)" HEIGHT="43" HPOS="935" ID="ST_581.10.1.11" STYLEREFS="Style_4" VPOS="2357" WIDTH="73" WC="0.85" CC="9900" TAGREFS=""/>
            <SP HPOS="1008" ID="SP_581.10.1.12" VPOS="2357" WIDTH="28"/>
            <String CONTENT="and" HEIGHT="34" HPOS="1036" ID="ST_581.10.1.13" STYLEREFS="Style_4" VPOS="2357" WIDTH="69" WC="1.00" CC="000" TAGREFS=""/>
            <SP HPOS="1105" ID="SP_581.10.1.14" VPOS="2357" WIDTH="27"/>
            <String CONTENT="(b)" HEIGHT="43" HPOS="1132" ID="ST_581.10.1.15" STYLEREFS="Style_4" VPOS="2357" WIDTH="54" WC="0.89" CC="000" TAGREFS=""/>
            <SP HPOS="1186" ID="SP_581.10.1.16" VPOS="2356" WIDTH="31"/>
            <String CONTENT="[§" HEIGHT="43" HPOS="1217" ID="ST_581.10.1.17" STYLEREFS="Style_4" VPOS="2356" WIDTH="33" WC="0.85" CC="00" TAGREFS=""/>
            <SP HPOS="1250" ID="SP_581.10.1.18" VPOS="2358" WIDTH="28"/>
            <String CONTENT="66-" HEIGHT="33" HPOS="1278" ID="ST_581.10.1.19" STYLEREFS="Style_4" VPOS="2358" WIDTH="58" WC="1.00" CC="000" TAGREFS=""/>
          </TextLine>
          <TextLine HEIGHT="45" HPOS="251" ID="TL_581.10.2" VPOS="2406" WIDTH="1088">
            <String CONTENT="4014(a)" HEIGHT="42" HPOS="251" ID="ST_581.10.2.1" STYLEREFS="Style_4" VPOS="2407" WIDTH="149" WC="1.00" CC="0000000" TAGREFS=""/>
            <SP HPOS="400" ID="SP_581.10.2.2" VPOS="2406" WIDTH="14"/>
            <String CONTENT="and" HEIGHT="36" HPOS="414" ID="ST_581.10.2.3" STYLEREFS="Style_4" VPOS="2406" WIDTH="68" WC="0.78" CC="000" TAGREFS=""/>
            <SP HPOS="482" ID="SP_581.10.2.4" VPOS="2406" WIDTH="13"/>
            <String CONTENT="(b)]" HEIGHT="44" HPOS="495" ID="ST_581.10.2.5" STYLEREFS="Style_4" VPOS="2406" WIDTH="70" WC="0.95" CC="0099" TAGREFS=""/>
            <SP HPOS="565" ID="SP_581.10.2.6" VPOS="2407" WIDTH="17"/>
            <String CONTENT="benefits" HEIGHT="35" HPOS="582" ID="ST_581.10.2.7" STYLEREFS="Style_4" VPOS="2407" WIDTH="145" WC="1.00" CC="00000000" TAGREFS=""/>
            <SP HPOS="727" ID="SP_581.10.2.8" VPOS="2418" WIDTH="12"/>
            <String CONTENT="recovers" HEIGHT="24" HPOS="739" ID="ST_581.10.2.9" STYLEREFS="Style_4" VPOS="2418" WIDTH="153" WC="1.00" CC="00000000" TAGREFS=""/>
            <SP HPOS="892" ID="SP_581.10.2.10" VPOS="2407" WIDTH="12"/>
            <String CONTENT="in" HEIGHT="34" HPOS="904" ID="ST_581.10.2.11" STYLEREFS="Style_4" VPOS="2407" WIDTH="34" WC="0.88" CC="00" TAGREFS=""/>
            <SP HPOS="938" ID="SP_581.10.2.12" VPOS="2412" WIDTH="11"/>
            <String CONTENT="tort" HEIGHT="30" HPOS="949" ID="ST_581.10.2.13" STYLEREFS="Style_4" VPOS="2412" WIDTH="69" WC="1.00" CC="0000" TAGREFS=""/>
            <SP HPOS="1018" ID="SP_581.10.2.14" VPOS="2406" WIDTH="11"/>
            <String CONTENT="for" HEIGHT="35" HPOS="1029" ID="ST_581.10.2.15" STYLEREFS="Style_4" VPOS="2406" WIDTH="54" WC="1.00" CC="000" TAGREFS=""/>
            <SP HPOS="1083" ID="SP_581.10.2.16" VPOS="2407" WIDTH="11"/>
            <String CONTENT="injury," HEIGHT="44" HPOS="1094" ID="ST_581.10.2.17" STYLEREFS="Style_4" VPOS="2407" WIDTH="124" WC="0.86" CC="0000000" TAGREFS=""/>
            <SP HPOS="1218" ID="SP_581.10.2.18" VPOS="2406" WIDTH="12"/>
            <String CONTENT="either" HEIGHT="35" HPOS="1230" ID="ST_581.10.2.19" STYLEREFS="Style_4" VPOS="2406" WIDTH="109" WC="0.95" CC="000000" TAGREFS=""/>
          </TextLine>
        </TextBlock>
      </PrintSpace>
    </Page>
  </Layout>
</alto>
