1677 2704
152 411 228 42 Huchingson
396 409 126 36 caused
539 410 45 43 by
600 410 148 35 medical
765 411 199 42 negligence
980 410 69 34 and
1065 416 138 29 wanton
1219 410 145 35 miscon-

150 460 84 34 duct
263 460 180 51 occurrinjg
472 471 43 24 on
546 461 88 42 May
668 462 52 39 14,
753 461 98 33 1980.
882 460 57 35 On
969 460 128 34 March
1127 461 56 39 23,
1216 461 99 40 1981,
1345 471 20 24 a

151 510 250 43 guardianship
429 521 70 23 was
528 509 210 35 substituted
768 521 37 23 as
835 521 19 23 a
884 514 101 40 party
1014 509 154 44 plaintiff
1194 509 53 35 for
1277 510 87 34 Mrs.

153 559 239 43 Huchingson,
403 559 68 35 and
482 560 59 34 the
551 565 127 29 matter
689 559 190 44 proceeded
890 565 35 29 to
935 559 91 41 trial,
1038 560 165 42 resulting
1214 559 34 35 in
1258 570 20 23 a
1286 559 80 44 jury

150 609 133 35 verdict
299 609 34 34 in
349 609 96 35 favor
461 609 39 35 of
513 609 59 34 the
587 609 249 44 guardianship
851 620 44 24 on
911 609 205 44 September
1136 609 52 41 16,
1209 610 83 33 1981
1313 609 53 35 for

152 659 84 34 both
248 665 264 38 compensatory
523 658 69 35 and
605 659 153 43 punitive
770 659 165 43 damages
947 659 113 34 which
1071 670 70 24 was
1153 659 157 34 affirmed
1322 670 44 23 on

153 710 151 42 appeal.1
320 709 87 34 Mrs.
424 708 227 44 Huchingson
665 708 80 36 died
759 709 154 44 January
928 709 55 40 30,
1003 710 99 40 1982,
1117 708 68 35 and
1199 720 45 23 an
1258 714 110 30 estate

152 769 71 24 was
234 758 133 44 opened
380 759 126 34 March
522 759 168 40 18,1982.
703 759 57 35 On
771 759 59 34 the
842 759 60 34 5th
913 759 69 43 day
993 758 39 35 of
1041 760 98 43 May,
1156 759 98 41 1984,
1267 770 20 23 a
1298 759 69 35 suit

153 808 54 34 for
234 808 169 43 wrongful
431 808 105 35 death
564 809 200 42 containing
792 808 163 36 identical
983 809 204 43 allegations
1215 809 39 34 of
1278 809 89 35 fault

153 858 137 43 against
303 858 59 34 the
374 869 96 24 same
482 858 207 35 defendants
702 869 70 24 was
785 858 91 42 filed,
890 858 140 44 seeking
1043 859 80 44 only
1135 859 165 43 damages
1313 859 54 35 for

153 909 132 34 mental
297 908 146 43 anguish
455 908 38 35 of
501 908 61 35 the
572 914 82 29 next
666 908 38 35 of
713 908 69 35 kin.
795 908 187 44 Summary
991 908 185 44 judgment
1186 920 70 23 was
1268 909 99 43 given

153 958 60 35 the
224 958 207 35 defendants
443 958 45 44 by
500 958 59 35 the
571 958 79 34 trial
662 963 99 30 court
772 969 44 23 on
828 958 59 35 the
899 958 91 35 basis
1003 958 77 35 that
1092 959 59 34 the
1162 959 125 34 second
1299 959 68 35 suit

152 1019 71 23 was
244 1007 125 36 barred
390 1008 44 44 by
454 1019 52 24 res
523 1008 187 43 judicata.2

1298 270 65 33 305

246 1086 65 33 We
320 1095 59 24 are
388 1085 110 35 called
507 1095 93 33 upon
610 1090 35 29 to
654 1085 192 35 determine
854 1085 154 35 whether
1017 1096 21 23 a
1047 1085 69 35 suit
1125 1086 45 43 by
1179 1096 44 23 an
1232 1085 134 43 injured

154 1140 112 38 party,
292 1134 148 35 reduced
465 1140 35 30 to
524 1134 83 35 final
628 1135 195 44 judgment,
849 1135 234 43 extinguishes
1108 1146 67 34 any
1199 1135 169 44 wrongful

153 1184 106 36 death
286 1185 104 35 claim
416 1186 136 43 against
579 1185 163 36 identical
769 1185 206 36 defendants
1002 1186 106 35 based
1135 1197 44 24 on
1205 1186 162 36 identical

154 1235 204 43 allegations
379 1235 38 34 of
434 1235 99 35 fault.
556 1236 66 34 We
642 1236 81 34 hold
743 1236 77 34 that
840 1236 26 34 it
885 1236 93 35 does.

244 1313 50 33 At
313 1322 159 24 common
492 1312 77 40 law,
589 1312 59 34 the
668 1312 108 43 rights
796 1312 39 34 of
851 1324 20 23 a
891 1312 181 44 tortiously
1091 1312 135 44 injured
1245 1323 122 33 person

154 1372 90 23 were
262 1361 239 43 extinguished
520 1361 45 44 by
584 1362 52 34 his
654 1362 106 35 death
779 1362 67 34 and
864 1362 189 35 American
1072 1362 191 44 legislators
1282 1363 87 35 have

154 1410 155 36 rectified
326 1411 67 34 this
410 1411 159 44 injustice
585 1411 45 44 by
647 1411 172 44 enacting,
836 1412 34 34 in
885 1412 137 35 various
1039 1412 119 42 forms,
1175 1412 193 43 legislation

154 1461 202 43 permitting
377 1461 84 35 suits
483 1467 35 29 to
539 1461 44 35 be
603 1462 150 43 brought
774 1462 210 44 subsequent
1005 1467 36 30 to
1061 1463 60 34 the
1141 1462 105 35 death
1266 1462 40 35 of
1324 1474 44 23 an

154 1511 136 43 injured
311 1521 132 33 person.

387 1589 65 34 We
461 1593 93 30 must
563 1589 43 34 be
616 1600 114 23 aware
739 1589 68 34 and
817 1588 44 35 do
870 1600 139 24 assume
1018 1589 77 35 that
1103 1590 60 34 the
1172 1589 198 43 legislature

154 1638 151 35 realized
315 1638 76 34 that
400 1649 67 33 any
476 1643 131 30 statute
615 1639 113 34 which
737 1650 70 23 was
816 1639 34 34 in
860 1639 203 42 derogation
1072 1639 39 34 of
1117 1650 38 24 or
1164 1644 37 29 at
1208 1639 161 37 variance

154 1688 83 34 with
256 1688 59 34 the
333 1698 159 24 common
511 1689 66 33 law
595 1694 93 29 must
706 1689 43 34 be
767 1688 132 44 strictly
917 1689 196 41 construed,
1133 1689 187 34 Grimmett
1336 1701 30 23 v.

153 1737 114 41 State,
278 1738 64 33 251
355 1738 84 34 Ark.
451 1738 114 40 270A,
576 1737 298 35 476 S.W.2d 217
887 1737 138 44 (1972),
1040 1738 170 44 Wright v.
1225 1738 142 44 Wright,

155 1788 67 33 248
234 1787 85 34 Ark.
335 1788 153 40 105, 449
500 1787 144 35 S.W.2d
655 1789 68 33 952
736 1787 136 44 (1970).
884 1788 179 41 Likewise,
1074 1788 27 35 it
1110 1788 68 35 will
1189 1789 127 43 always
1326 1789 43 35 be

154 1836 184 45 presumed
350 1837 45 44 by
406 1837 58 35 the
476 1838 111 35 Court
598 1838 77 35 that
686 1838 59 35 the
756 1838 198 44 legislature
965 1838 164 36 intended
1140 1845 36 29 to
1187 1850 61 24 use
1258 1839 110 35 words

154 1887 34 35 in
206 1888 90 35 their
313 1888 99 35 usual
429 1888 69 35 and
516 1889 138 34 natural
672 1889 173 43 meaning,
862 1888 126 36 Heard
1002 1900 30 24 v.
1050 1891 128 42 Payne,
1197 1890 63 34 281
1282 1890 85 35 Ark.

154 1938 158 41 485, 665
323 1938 143 35 S.W.2d
477 1939 66 34 865
557 1938 315 43 (1984), ASHC v.
883 1938 142 44 Mabry,
1036 1941 67 33 229
1114 1940 85 34 Ark.
1210 1940 156 40 261, 315

154 1987 145 34 S.W.2d
320 1988 67 33 900
409 1987 138 43 (1958).

245 2062 75 34 The
332 2062 146 35 survival
491 2067 147 30 statutes
651 2063 69 34 and
732 2063 170 43 wrongful
914 2063 106 35 death
1032 2069 147 29 statutes
1191 2075 60 23 are
1262 2064 106 34 based

223 2214 8 14 1
249 2216 85 26 Airco,
343 2215 50 24 Inc.
401 2222 22 17 v.
429 2215 133 25 Simmons
569 2215 68 25 First
643 2214 128 27 National
776 2215 80 29 Bank,
865 2214 141 31 Guardian,
1015 2216 49 25 276
1072 2216 62 25 Ark.
1142 2216 115 29 486, 638
1265 2216 105 25 S.W.2.d

155 2256 50 25 600
221 2256 101 31 (1982).

221 2298 10 13 2
249 2298 55 25 The
315 2298 91 25 second
417 2298 50 26 suit
478 2306 51 18 was
541 2298 58 25 filed
611 2298 87 26 within
710 2299 43 25 the
764 2302 95 22 statute
869 2299 29 25 of
907 2298 148 26 limitations
1067 2299 69 26 since
1146 2300 43 25 the
1201 2300 169 31 incompetent

154 2339 62 25 died
221 2341 74 30 prior
303 2344 27 21 to
340 2339 42 25 the
391 2342 144 30 expiration
544 2339 34 33 of
582 2345 49 20 two
637 2348 77 24 years
717 2339 74 34 from
801 2340 42 25 the
852 2340 60 26 date
921 2340 34 33 of
958 2340 112 26 medical
1079 2343 85 30 injury
1173 2340 50 26 and
1232 2341 138 25 thereafter

154 2381 44 25 the
206 2381 72 25 three
286 2388 60 25 year
355 2381 85 32 period
449 2381 29 26 of
484 2385 96 22 statute
588 2381 29 26 of
624 2382 148 25 limitations
781 2389 72 18 came
862 2382 52 25 into
923 2383 66 31 play.
999 2382 49 25 See
1057 2382 139 26 Matthews
1204 2390 22 17 v.
1239 2382 131 26 Travelers

155 2422 144 33 Indemnity
315 2423 140 31 Company,
470 2424 49 24 245
535 2423 62 25 Ark.
613 2424 58 29 247,
686 2424 51 25 432
751 2423 104 25 S.W.2d
870 2424 49 25 485
937 2423 100 32 (1968).
