1677 2704
267 404 103 34 liable
381 409 35 29 to
427 415 44 23 an
482 403 115 35 action
609 403 54 35 for
674 404 176 42 damages,
863 403 307 44 notwithstanding
1181 403 58 34 the
1250 403 105 35 death

266 453 40 35 of
320 454 58 33 the
396 464 121 33 person
536 453 146 43 injured,
701 453 68 35 and
787 454 167 43 although
972 453 59 34 the
1048 453 105 35 death
1171 464 80 32 may
1269 453 87 34 have

268 504 86 33 been
365 503 126 34 caused
502 503 109 35 under
622 504 85 34 such
718 503 268 35 circumstances
997 514 38 23 as
1046 508 144 29 amount
1200 503 35 34 in
1245 503 65 34 law
1321 508 35 29 to

267 564 20 23 a
304 552 124 44 felony.
444 553 75 34 The
533 563 105 24 cause
652 553 39 34 of
704 553 114 34 action
833 553 118 34 herein
966 552 140 35 created
1121 552 87 35 shall
1224 553 133 34 survive

267 603 60 34 the
344 602 104 35 death
466 603 39 34 of
519 602 59 34 the
596 613 123 33 person
737 602 206 44 wrongfully
961 602 143 43 causing
1122 603 58 34 the
1198 602 104 34 death
1320 602 40 35 of

267 652 145 34 another
441 652 68 34 and
538 663 81 32 may
649 652 43 34 be
721 652 160 43 brought,
911 652 215 35 maintained
1154 662 38 23 or
1221 652 135 34 revived

268 701 136 44 against
416 702 58 34 the
486 702 159 43 personal
657 702 285 44 representatives
954 701 40 35 of
1003 702 59 34 the
1074 712 139 34 persons
1225 712 131 33 wrong-

268 751 87 43 fully
375 752 142 43 causing
537 751 60 34 the
616 751 106 35 death
743 751 39 34 of
799 751 178 35 another.”
1001 751 134 43 (Italics
1155 751 141 43 Added)

1288 262 65 33 307

234 838 75 34 The
325 838 69 34 Act
410 838 82 34 then
508 842 107 30 states
632 838 77 34 that
726 848 44 23 an
787 838 114 34 action
918 838 88 35 shall
1023 838 43 34 be
1082 837 150 44 brought
1247 838 35 34 in
1298 838 59 34 the

143 898 104 24 name
256 887 39 35 of
301 898 20 23 a
332 888 157 43 personal
498 888 269 43 representative
776 887 39 35 of
821 888 59 34 the
888 888 169 34 deceased
1067 899 123 33 person
1198 898 38 24 or
1245 888 45 44 by
1298 888 60 34 the

144 937 91 34 heirs
254 943 36 29 at
309 937 75 41 law,
403 938 68 34 and
490 938 34 34 in
543 937 192 44 discussing
753 937 165 44 damages
937 938 172 34 mentions
1127 948 160 34 recovery
1305 938 53 34 for

144 988 189 43 pecuniary
348 987 140 44 injuries
503 987 69 35 and
589 988 66 34 loss
672 988 39 34 of
723 988 221 35 consortium.
961 988 250 44 Additionally,
1228 989 130 34 mental

144 1038 147 43 anguish
302 1037 27 35 is
338 1038 100 34 listed
448 1049 37 23 as
495 1049 44 24 an
549 1038 150 35 element
707 1037 40 36 of
752 1037 149 44 damage
910 1043 35 30 to
954 1038 59 34 the
1022 1049 124 33 spouse
1155 1038 68 35 and
1232 1044 81 29 next
1322 1039 39 34 of

144 1088 69 34 kin.

237 1173 91 36 Lord
345 1174 212 44 Campbell’s
573 1180 57 29 act
645 1174 209 44 specifically
869 1174 113 35 stated
998 1175 76 34 that
1090 1180 59 30 not
1164 1185 96 24 more
1274 1175 84 35 than

144 1234 66 24 one
221 1224 115 34 action
348 1224 112 34 would
471 1225 45 34 lie
527 1224 54 34 for
592 1224 69 35 and
673 1225 34 34 in
719 1230 133 38 respect
862 1225 39 34 of
910 1225 59 34 the
980 1235 96 24 same
1087 1225 134 43 subject
1232 1230 127 29 matter

144 1273 40 34 of
195 1274 60 34 the
269 1274 199 43 complaint.
483 1274 84 34 This
582 1274 93 42 gives
690 1274 167 34 credence
870 1279 36 29 to
921 1275 59 34 the
994 1274 122 44 theory
1130 1275 77 34 that
1221 1274 30 34 if
1262 1274 97 35 there

145 1323 62 34 has
220 1323 89 34 been
321 1334 45 23 an
379 1324 115 34 action
506 1334 45 24 on
563 1324 60 34 the
635 1324 136 43 subject
783 1329 126 29 matter
922 1323 39 35 of
971 1324 59 34 the
1043 1324 200 44 complaint,
1256 1324 54 34 i.e.
1324 1324 35 34 in

145 1373 68 34 this
232 1384 81 23 case
330 1383 44 24 on
392 1373 59 34 the
468 1373 149 35 medical
636 1374 201 43 negligence
855 1374 68 34 and
941 1379 139 29 wanton
1099 1373 159 42 conduct,
1277 1374 82 34 then

145 1423 98 34 there
255 1428 126 29 cannot
394 1423 42 34 be
448 1434 20 23 a
480 1423 127 35 second
619 1424 69 34 suit
700 1423 184 44 regarding
896 1424 59 34 the
967 1434 97 24 same
1075 1424 134 43 subject
1221 1429 137 30 matter.

236 1509 75 34 The
327 1514 75 29 vast
420 1508 163 44 majority
600 1509 40 34 of
654 1509 99 35 other
767 1509 236 43 jurisdictions
1022 1510 126 43 having
1166 1509 193 43 legislation

146 1559 200 42 containing
359 1559 59 34 the
430 1558 163 35 identical
606 1559 173 43 language
791 1559 38 34 of
839 1559 59 35 the
910 1559 179 35 Arkansas
1102 1561 69 33 Act
1184 1559 175 44 including

145 1608 61 34 the
233 1609 125 43 phrase
387 1608 52 35 “if
463 1609 106 34 death
597 1609 69 34 had
695 1614 60 30 not
783 1609 162 41 ensued”,
975 1609 87 34 have
1090 1609 79 35 held
1197 1610 77 34 that
1301 1610 60 34 the

146 1658 198 34 settlement
362 1658 45 43 by
425 1659 59 33 the
502 1658 136 43 injured
656 1664 101 38 party
775 1669 38 23 or
831 1670 21 23 a
870 1659 68 34 suit
957 1659 150 34 reduced
1125 1664 36 29 to
1176 1659 184 42 judgment

145 1707 126 43 during
284 1707 59 35 the
356 1707 145 35 lifetime
513 1707 40 34 of
563 1708 59 34 the
635 1707 135 44 injured
784 1713 100 38 party
897 1708 125 35 barred
1036 1719 20 23 a
1069 1709 210 42 subsequent
1292 1708 68 35 suit

145 1756 46 44 by
205 1757 60 34 the
279 1762 81 29 next
373 1757 40 34 of
423 1757 59 34 kin
496 1768 38 24 or
548 1757 99 34 other
662 1757 237 35 beneficiaries
912 1758 151 34 because
1075 1758 40 34 of
1126 1768 54 25 res
1191 1757 168 44 judicata.

146 1806 68 35 See
226 1807 254 35 ALABAMA:
500 1807 208 35 Woodward
719 1809 82 33 Iron
816 1808 59 35 Co.
889 1819 31 23 v.
937 1808 117 44 Craig,
1069 1809 68 34 256
1151 1808 78 35 Ala.
1246 1809 54 40 37,
1316 1809 42 34 53

145 1856 58 35 So.
217 1857 45 34 2d
275 1858 67 33 586
356 1857 137 43 (1951);
505 1858 239 34 ARIZONA:
761 1858 180 34 Walrod v.
953 1858 180 35 Southern
1142 1858 131 43 Pacific
1286 1859 73 40 Co.,

145 1907 68 33 447
244 1906 73 34 F2d
346 1907 67 34 930
443 1907 78 42 (9th
549 1907 72 34 Cir.
655 1906 118 43 1971);
802 1908 365 34 CONNECTICUT:
1196 1908 108 43 Kling
1327 1919 31 23 v.

149 1956 151 40 Torello,
312 1957 43 32 87
366 1956 110 34 Conn.
489 1957 133 39 301, 87
633 1958 44 33 A.
688 1958 67 33 987
768 1956 138 43 (1913);
916 1957 287 34 DELAWARE:
1213 1959 106 41 Perry
1327 1969 31 22 v.

145 2004 260 44 Philadelphia,
423 2007 38 32 B.
483 2007 31 33 &
538 2006 46 33 W.
602 2007 43 33 R.
666 2007 73 40 Co.,
757 2006 45 33 24
819 2006 75 34 Del.
915 2006 78 40 399,
1012 2007 43 32 77
1072 2007 44 33 A.
1135 2007 66 33 725
1222 2006 137 43 (1910);

147 2054 224 35 FLORIDA:
391 2056 139 42 Variety
546 2054 199 36 Children’s
757 2056 171 43 Hospital
939 2066 31 24 v.
985 2055 158 42 Perkins,
1159 2056 66 34 445
1242 2056 57 34 So.
1315 2056 45 34 2d

149 2105 90 34 1010
252 2104 89 43 (Fla.
357 2104 118 43 1983);
487 2105 225 35 ILLINOIS:
724 2106 196 34 Fountas v.
932 2105 123 42 Breed,
1071 2107 63 33 118
1148 2105 51 35 Ill.­
1211 2106 91 44 App.­
1316 2106 44 34 3d

146 2155 80 40 669,
253 2156 44 33 74
323 2155 50 34 Ill.
400 2156 83 34 Dec.
514 2156 76 40 170,
616 2156 67 34 455
709 2155 139 35 N.E.2d
873 2157 68 34 200
968 2155 139 44 (1983);
1132 2156 226 35 INDIANA:

145 2205 315 44 Superintendents
473 2205 45 45 of
523 2206 94 34 Poor
627 2217 31 23 v.
671 2206 315 44 Superintendents
999 2205 45 45 of
1049 2208 103 40 Poor,
1169 2207 62 33 141
1248 2206 111 36 Mich.

147 2256 79 40 667,
252 2256 65 35 104
337 2256 105 34 N.W.
465 2256 65 35 978
555 2255 138 44 (1905);
714 2257 283 35 KENTUCKY:
1018 2257 137 43 Perry’s
1174 2256 133 36 Adm’r.
1329 2268 30 24 v.

146 2305 193 36 Louisville
352 2307 31 33 &
395 2308 44 33 N.
452 2308 42 33 R.
510 2307 73 40 Co.,
600 2307 63 34 199
676 2307 66 44 Ky.
756 2307 155 40 396, 251
927 2307 94 35 S.W.
1035 2308 79 40 202,
1128 2308 43 34 39
1182 2307 99 34 ALR
1293 2308 67 34 560

148 2355 139 43 (1923);
306 2356 289 35 MISSISSIPPI:
613 2358 129 33 Harris
757 2368 30 22 v.
805 2356 139 35 Illinois
963 2357 37 34 C.
1018 2358 42 33 R.
1082 2358 73 40 Co.,
1177 2358 61 33 111
1259 2357 100 34 Miss.

147 2406 80 40 623,
252 2407 41 33 71
320 2405 59 35 So.
404 2407 66 33 878
498 2406 138 43 (1916);
661 2406 251 36 MISSOURI:
935 2406 205 35 Schmelzer
1161 2417 31 23 v.
1219 2407 144 34 Central
