1632 2688
293 414 161 44 majority
470 414 122 34 wishes
608 419 36 29 to
660 425 61 33 say
737 425 62 23 our
816 414 174 34 historical
1007 414 161 35 embrace
1184 414 39 34 of
1236 414 59 34 the
1311 414 65 34 law
1392 413 39 35 of
1445 414 58 34 the

292 475 79 23 case
387 464 156 35 doctrine
559 464 27 35 is
604 464 198 44 unyielding
819 464 132 44 despite
967 466 179 41 Ferguson
1161 475 30 23 v.
1211 464 120 39 Green,
1349 475 119 32 supra,
1487 464 15 34 I

292 514 130 34 believe
448 525 51 23 we
524 514 122 35 should
673 514 44 34 do
744 525 36 23 as
808 514 58 34 the
894 514 135 34 Florida
1056 519 99 29 court
1181 514 33 34 in
1240 513 205 35 Strazzulla
1470 525 30 23 v.

292 564 191 40 Hendrick,
500 565 62 33 177
574 564 57 34 So.
645 564 45 34 2d
705 565 12 33 1
735 564 88 42 (Fla.
840 563 117 43 1965),
969 564 68 34 and
1049 564 196 43 “expressly
1255 563 144 34 recede”
1412 563 90 34 from

292 614 59 34 the
370 613 155 34 doctrine
543 619 35 28 to
598 613 59 34 the
676 619 116 28 extent
813 614 25 33 it
858 614 151 43 requires
1030 614 76 33 that
1125 624 51 23 we
1195 624 101 23 never
1315 619 132 28 correct
1468 613 33 34 in

292 663 125 34 second
438 663 140 43 appeals
599 674 62 23 our
681 674 110 23 errors
813 663 33 34 in
867 663 73 34 first
961 663 151 43 appeals.
1132 664 68 33 See
1221 663 78 34 also
1320 663 131 34 Greene
1470 674 29 22 v.

291 712 223 41 Rothschild,
533 714 42 33 68
595 713 118 34 Wash.
734 712 44 35 2d
797 714 31 39 5,
846 713 69 34 414
933 712 84 35 P.2d
1039 714 86 33 1013
1146 712 137 43 (1966),
1302 712 68 35 and
1390 714 111 33 Union

291 762 112 44 Light,
428 764 94 33 Heat
547 764 30 33 &
601 764 120 33 Power
744 764 59 33 Co.
827 774 29 23 v.
880 762 221 35 Blackwell’s
1122 762 287 41 Administrator,
1433 764 62 33 291

291 812 143 35 S.W.2d
451 814 66 33 539
537 813 81 43 (Ky.
640 812 116 43 1956).
773 814 50 33 As
840 812 175 35 Professor
1031 813 119 35 Vestal
1166 813 74 34 said
1257 813 34 34 in
1307 813 59 35 the
1381 813 121 34 article

291 863 90 35 cited
402 863 118 34 above:

298 276 62 33 146

504 938 56 32 An
586 937 233 34 examination
844 937 39 34 of
904 937 59 34 the
986 943 117 28 recent
1127 948 95 23 cases
1247 938 171 42 involving
1442 938 59 33 the

414 986 103 33 effect
543 986 39 33 of
606 997 43 22 an
677 986 122 34 earlier
825 986 173 43 appellate
1023 986 151 34 decision
1201 997 92 32 upon
1320 987 59 33 the
1405 997 96 23 same

413 1034 158 43 question
581 1034 119 34 before
709 1035 59 33 the
778 1046 96 22 same
883 1040 98 29 court
991 1040 36 29 at
1037 1046 20 23 a
1068 1035 86 34 later
1164 1035 84 34 time
1258 1040 156 37 suggests
1424 1035 76 34 that

413 1083 59 34 the
489 1083 88 34 “law
594 1083 39 34 of
647 1084 59 33 the
722 1084 101 34 case”
841 1084 155 34 doctrine
1013 1084 61 34 has
1092 1084 65 34 lost
1174 1089 90 29 most
1281 1084 39 34 of
1334 1084 43 34 its
1394 1084 104 34 force.

413 1133 185 43 Appellate
612 1138 115 29 courts
742 1133 122 34 should
879 1133 121 34 decide
1015 1144 95 24 cases
1125 1134 178 43 correctly;
1319 1144 68 33 any
1402 1134 97 34 other

413 1193 121 24 course
544 1182 112 35 would
668 1182 122 35 distort
801 1183 59 34 the
871 1183 65 34 law
947 1183 69 34 and
1027 1188 90 29 treat
1129 1183 153 43 litigants
1293 1183 161 43 unfairly.
1469 1184 30 33 It

413 1243 81 32 may
508 1232 42 34 be
564 1232 66 34 fair
644 1237 35 29 to
693 1243 61 33 say
767 1232 76 34 that
856 1233 59 33 the
929 1233 122 34 earlier
1065 1232 150 35 decision
1230 1233 27 34 is
1271 1238 60 29 not
1345 1233 153 43 binding,

413 1282 76 34 that
513 1282 87 34 “law
624 1282 39 34 of
683 1282 58 34 the
764 1282 101 34 case”
890 1282 81 34 does
995 1287 59 29 not
1077 1282 114 44 apply,
1215 1282 114 34 unless
1353 1283 26 33 it
1403 1283 27 33 is
1454 1293 44 23 an

413 1331 213 44 exceptional
640 1342 89 24 case.
744 1332 135 34 Absent
892 1332 84 34 such
990 1332 214 43 exceptional
1218 1332 279 41 circumstances,

413 1381 58 34 the
487 1381 172 44 appellate
675 1387 98 29 court
789 1381 123 35 should
928 1381 121 35 decide
1065 1382 45 34 all
1128 1382 89 43 legal
1233 1382 175 44 questions
1425 1393 72 23 cor-

412 1431 107 44 rectly
541 1431 144 35 without
707 1431 122 44 regard
851 1437 36 30 to
908 1432 122 35 earlier
1051 1431 169 36 decisions
1243 1432 45 44 by
1309 1432 59 35 the
1389 1437 108 30 court.

416 1481 104 43 [1967
543 1482 96 34 Utah
660 1482 38 34 L.
720 1483 83 33 Rev.
825 1487 36 30 at
885 1482 69 43 15].

379 1556 151 43 Leaving
543 1557 67 34 this
622 1567 79 24 case
713 1557 34 34 in
760 1557 42 34 its
815 1563 136 37 present
963 1563 140 38 posture
1114 1563 154 38 presents
1281 1569 20 23 a
1314 1558 184 43 precedent

288 1605 53 34 for
361 1606 120 43 saying
501 1617 51 23 we
571 1607 67 33 will
659 1612 58 29 not
737 1607 99 34 allow
856 1607 154 34 increase
1030 1607 34 34 in
1084 1607 59 34 the
1161 1607 101 34 value
1281 1607 40 34 of
1337 1613 161 37 property

289 1655 148 42 brought
456 1660 35 29 to
509 1666 20 23 a
548 1656 171 41 marriage
737 1656 44 42 by
799 1666 65 23 one
882 1656 39 34 of
936 1656 59 34 the
1013 1656 127 43 parties
1159 1661 35 29 to
1213 1656 43 34 be
1273 1656 168 42 regarded
1460 1668 37 22 as

288 1704 208 33 nonmarital
507 1709 169 38 property.
687 1704 126 42 Again,
823 1705 77 33 that
910 1705 27 33 is
947 1715 20 23 a
977 1705 93 33 clear
1078 1705 164 33 violation
1251 1705 39 33 of
1297 1715 62 23 our
1369 1710 129 29 statute

288 1752 68 34 and
370 1763 19 23 a
404 1752 183 43 precedent
599 1764 51 23 we
662 1763 65 24 can
740 1753 35 34 ill
789 1753 123 34 afford.
928 1754 65 33 We
1005 1753 123 34 should
1141 1759 59 28 not
1214 1759 203 38 perpetuate
1429 1754 68 34 and

288 1802 197 43 emphasize
501 1802 26 34 it
543 1802 44 43 by
603 1813 43 23 an
663 1813 229 33 unnecessary
908 1813 37 24 or
961 1803 256 43 unnecessarily
1232 1803 98 35 strict
1345 1804 151 43 applica-

287 1852 71 33 tion
379 1851 39 34 of
435 1852 64 34 law
519 1851 39 35 of
575 1852 59 34 the
653 1862 89 24 case.

378 1927 14 33 I
413 1926 221 44 respectfully
654 1926 139 35 dissent.

377 2001 120 40 Holt,
518 2001 74 34 C.J.
610 2001 91 42 joins
721 2001 34 34 in
776 2001 68 34 this
864 2001 189 43 dissenting
1074 2002 148 43 opinion.
