1632 2696
1275 259 43 33 59

338 404 102 33 More
464 408 35 29 to
524 403 59 34 the
608 402 107 44 point,
741 401 207 35 mandamus
974 401 27 34 is
1027 411 20 24 a
1072 400 248 43 discretionary

106 454 141 43 remedy
258 453 111 35 which
380 453 67 34 will
459 453 42 34 be
511 452 146 44 granted
668 452 80 43 only
758 452 98 34 when
867 451 59 35 the
936 451 183 44 petitioner
1130 450 61 35 has
1203 450 116 34 shown

106 504 44 34 “a
164 504 93 34 clear
272 503 68 36 and
354 503 131 34 certain
499 503 90 43 legal
603 502 93 43 right
709 507 36 29 to
758 502 59 34 the
831 501 101 35 relief
943 501 125 43 sought
1082 500 69 35 and
1165 511 44 24 no
1222 500 98 34 other

106 553 174 44 adequate
296 553 173 43 remedy.”
488 552 119 43 Girley
621 563 31 23 v.
673 551 119 41 Wood,
810 552 66 33 258
894 551 85 34 Ark.
996 551 80 40 408,
1095 552 64 33 525
1178 549 142 35 S.W.2d

107 605 68 32 454
189 603 138 42 (1975).
339 603 68 34 See
417 602 87 39 also,
516 602 178 43 Naylor v.
709 602 107 40 Goza,
829 602 68 33 232
908 601 85 34 Ark.
1008 602 78 39 515,
1100 601 65 33 338
1178 599 142 35 S.W.2d

107 654 67 33 923
197 652 138 43 (1961),
355 652 33 34 in
406 652 112 34 which
536 663 51 22 we
605 651 92 35 cited
715 651 82 34 with
816 650 163 44 approval
998 650 176 43 authority
1192 649 53 35 for
1263 649 59 35 the

107 703 97 43 point
224 703 77 33 that
321 702 59 34 the
400 702 120 34 “other
541 701 174 44 adequate
734 700 162 44 remedy”
918 711 81 32 may
1019 700 44 34 be
1083 711 44 23 an
1148 700 133 43 appeal.

200 780 307 35 Reconsideration
528 779 135 35 denied.

200 860 160 39 Purtle,
381 859 42 40 J.,
444 863 60 29 not
524 858 256 44 participating.

170 1141 54 33 IN
244 1141 98 33 THE
363 1140 203 35 MATTER
586 1140 63 34 OF
668 1140 98 34 THE
785 1139 253 34 ADOPTION
1059 1138 62 35 OF
1140 1138 126 34 Nicole

525 1190 169 34 Michelle
713 1189 197 35 GLOVER

111 1270 130 33 85-208

1028 1268 68 34 702
1117 1267 143 35 S.W.2d
1284 1268 41 33 12

440 1347 171 43 Supreme
631 1346 111 35 Court
762 1346 39 34 of
817 1346 179 34 Arkansas

364 1396 151 44 Opinion
536 1395 173 35 delivered
729 1396 154 43 January
904 1396 56 40 21,
985 1396 88 34 1986
