1624 2688
298 407 25 34 it
338 407 26 34 is
379 407 144 43 entirely
536 407 93 34 clear
642 407 76 34 that
732 407 59 34 the
804 412 144 29 amount
961 406 39 35 of
1011 406 71 35 fuel
1096 417 69 24 was
1180 412 59 29 not
1252 406 170 44 disputed.
1439 407 69 34 Mr.

298 458 101 42 Doug
411 458 120 40 Reese,
543 468 44 23 an
598 456 137 35 auditor
745 456 53 35 for
807 456 60 35 the
877 456 282 41 Commissioner,
1169 456 111 35 called
1291 456 44 44 by
1345 456 90 35 Gulf
1442 456 68 34 and

298 507 150 40 Collum,
480 506 148 35 testified
659 507 76 34 that
765 506 59 35 the
854 506 160 44 adjusted
1045 507 182 43 gallonage
1257 506 188 35 amounted
1475 512 36 30 to

299 558 150 40 370,000
468 557 68 34 and
556 557 133 34 neither
708 556 90 35 Gulf
814 567 61 24 nor
895 557 139 34 Collum
1053 556 160 45 disputed
1232 557 59 34 the
1310 557 146 34 number
1474 556 40 35 of

297 608 133 42 gallons
452 607 165 34 involved.
641 607 139 41 Indeed,
803 608 69 33 Mr.
896 607 84 34 Paul
1003 607 140 34 Collum
1164 606 267 44 acknowledged
1452 607 59 34 the

297 663 211 28 correctness
526 657 39 34 of
580 657 59 34 the
656 657 183 42 gallonage
857 662 36 29 at
911 657 130 35 several
1060 657 112 44 points
1190 657 35 34 in
1243 656 52 35 his
1313 657 195 43 testimony:

302 268 64 33 184

421 731 43 42 Q:
513 731 74 34 The
604 736 144 29 amount
764 731 39 34 of
817 730 70 35 fuel
905 731 34 34 in
956 736 219 38 controversy
1192 731 27 34 is
1236 731 274 43 approximately

513 780 97 34 three
629 780 156 34 hundred
805 780 68 34 and
891 785 140 38 seventy
1049 780 172 35 thousand
1240 780 143 43 gallons.
1403 781 107 34 What

513 830 58 34 did
592 841 67 32 you
680 829 44 35 do
744 830 82 34 with
847 830 45 34 all
913 830 68 34 this
1002 829 82 42 fuel,
1105 830 107 34 Paul?

421 906 43 33 A:
514 905 65 34 We
599 904 73 35 sold
694 905 52 34 it.1

422 979 42 42 Q:
514 979 107 33 What
648 984 81 38 type
754 978 39 34 of
816 979 122 43 people
963 990 89 23 were
1078 989 67 33 you
1172 979 121 42 selling
1319 979 68 34 this
1414 979 97 34 three

514 1027 156 35 hundred
680 1027 69 35 and
759 1038 95 24 some
863 1027 68 35 odd
941 1027 172 35 thousand
1122 1028 133 43 gallons
1265 1028 56 34 to?
1335 1029 32 33 Is
1376 1028 68 34 this
1454 1028 56 34 list

513 1082 77 38 part
610 1076 40 35 of
667 1077 116 34 them?

420 1152 44 34 A:
514 1152 81 40 Yes,
616 1151 81 44 they
718 1162 88 24 were
826 1151 130 44 largely
976 1152 101 34 small
1097 1151 227 35 consumers.2

389 1227 193 40 Moreover,
598 1226 26 35 it
639 1226 27 35 is
681 1226 92 35 clear
788 1226 91 35 from
893 1226 59 35 the
966 1226 178 45 pleadings
1159 1226 69 35 and
1242 1226 148 45 opening
1405 1231 104 30 state-

297 1282 112 29 ments
422 1276 76 35 that
511 1276 59 35 the
582 1276 90 35 issue
685 1287 69 25 was
767 1282 59 29 not
839 1277 59 34 the
910 1282 144 30 amount
1066 1276 39 35 of
1115 1276 82 42 fuel,
1211 1276 62 35 but
1285 1276 154 35 whether
1452 1277 58 35 the

297 1326 70 35 fuel
387 1337 70 24 was
477 1326 53 35 for
550 1326 83 35 road
653 1338 61 23 use
732 1337 38 24 or
789 1327 150 34 off-road
959 1338 71 30 use,
1050 1327 112 35 which
1181 1326 113 35 would
1315 1327 195 43 materially

297 1376 105 34 affect
427 1376 58 34 the
509 1382 144 29 amount
677 1376 39 34 of
737 1382 58 29 tax
820 1376 77 35 due.
923 1376 90 36 Gulf
1034 1377 68 34 and
1128 1377 168 34 Collum’s
1320 1377 190 44 complaint

296 1426 138 42 alleges:

422 1528 6 6 .
457 1528 6 6 .
491 1528 6 6 .
523 1500 75 34 The
612 1506 207 29 assessment
834 1500 39 35 of
884 1500 60 35 the
957 1506 59 29 tax
1031 1500 189 44 deficiency
1235 1500 68 35 and
1318 1501 142 36 interest
1474 1501 35 34 in

420 1550 59 34 the
489 1555 143 29 amount
643 1555 51 29 set
705 1550 92 34 forth
808 1550 229 35 hereinabove
1046 1561 70 23 was
1127 1550 206 44 wrongfully
1343 1550 165 41 assessed,

420 1599 34 34 in
464 1600 76 34 that
550 1610 43 24 no
603 1599 70 35 fuel
683 1610 70 24 was
762 1599 74 35 sold
845 1599 112 35 which
967 1610 69 24 was
1046 1599 84 35 used
1139 1610 92 33 upon
1241 1600 59 34 the
1309 1605 121 29 streets
1440 1600 68 34 and

420 1649 177 43 highways
614 1649 39 34 of
666 1649 189 41 Arkansas,
873 1649 79 41 and,
970 1649 250 44 alternatively,
1238 1650 59 34 the
1313 1655 143 31 amount
1472 1649 40 35 of

420 1698 70 35 fuel
505 1699 112 34 which
631 1710 69 23 was
715 1698 84 35 used
813 1709 91 33 upon
919 1699 59 34 the
990 1704 123 30 streets
1127 1699 68 34 and
1209 1699 177 44 highways
1400 1699 39 35 of
1450 1699 59 35 the

419 1749 100 34 State
531 1748 39 35 of
578 1749 178 34 Arkansas
768 1748 113 35 would
893 1749 137 43 require
1041 1749 156 34 taxation
1209 1749 35 34 in
1255 1760 21 23 a
1288 1749 104 35 much
1404 1749 105 35 lesser

419 1803 144 29 amount
583 1798 85 34 than
689 1798 61 34 has
771 1798 87 34 been
879 1798 165 35 assessed.

387 1873 39 33 In
442 1873 148 43 opening
606 1878 187 29 statement
809 1873 169 34 Collum’s
994 1873 140 35 counsel
1150 1873 72 35 told
1238 1873 58 35 the
1311 1873 197 36 chancellor

295 1922 59 35 the
368 1922 80 44 only
463 1922 91 35 issue
570 1922 112 43 (aside
696 1922 91 35 from
802 1934 20 23 a
838 1923 260 35 constitutional
1113 1928 182 38 argument
1310 1923 112 35 which
1437 1934 70 24 was

295 1978 59 29 not
367 1972 166 44 pursued)
549 1983 69 24 was
631 1973 154 34 whether
797 1973 60 34 the
869 1973 106 34 diesel
989 1973 71 34 fuel
1073 1984 69 24 was
1156 1973 53 34 for
1222 1973 84 35 road
1319 1984 61 24 use
1392 1984 38 24 or
1443 1973 63 35 off-

295 2022 84 35 road
393 2034 71 23 use.
479 2023 106 40 Thus,
600 2033 43 24 on
658 2023 59 34 the
731 2023 92 34 basis
837 2023 40 34 of
888 2023 59 34 the
961 2023 178 44 pleadings
1153 2023 68 34 and
1236 2023 59 35 the
1308 2023 150 35 conduct
1471 2023 40 34 of

295 2072 59 34 the
366 2072 154 43 hearing,
534 2072 59 35 the
606 2072 121 35 review
741 2072 44 44 by
798 2073 60 34 the
870 2073 196 34 chancellor
1078 2084 70 23 was
1161 2072 133 35 limited
1307 2078 35 29 to
1355 2073 60 34 the
1427 2078 81 39 type

295 2122 68 35 and
375 2127 144 29 amount
530 2122 39 34 of
577 2127 59 29 tax
647 2122 165 35 assessed.
825 2122 91 35 Gulf
923 2122 69 35 and
1004 2123 140 34 Collum
1154 2122 59 35 did
1225 2128 59 29 not
1295 2128 133 29 contest
1439 2134 68 32 any

294 2172 99 34 other
414 2177 118 38 aspect
553 2171 39 35 of
610 2172 59 34 the
690 2177 218 29 assessment.
930 2172 74 34 The
1025 2172 74 35 first
1120 2172 84 35 time
1224 2172 59 35 the
1304 2172 146 34 number
1471 2172 40 34 of

294 2221 133 43 gallons
447 2232 70 23 was
538 2226 61 39 put
619 2221 34 34 in
674 2221 91 35 issue
784 2232 70 24 was
875 2227 36 29 at
931 2221 59 35 the
1009 2222 92 34 close
1120 2221 39 35 of
1176 2222 59 34 the
1255 2221 108 44 proof.

361 2372 8 14 1
407 2372 106 29 Record,
529 2380 22 24 p.
568 2372 40 25 35.

360 2414 10 13 2
407 2413 106 30 Record,
529 2421 22 24 p.
568 2414 40 25 30.
