1641 2698
312 408 133 43 Dodge,
461 409 64 33 189
535 408 85 34 Ark.
633 407 364 41 592,
1012 407 323 43 74 S.W.2d 645 (1934); Missouri
1343 410 80 32 Pac.
1435 409 88 33 R.R.

311 468 30 23 v.
362 459 208 38 Hunnicutt,
596 457 62 34 193
680 457 85 34 Ark.
791 458 99 39 1128,
916 458 64 32 104
1001 456 142 34 S.W.2d
1169 457 87 34 1070
1279 456 137 42 (1937).

318 268 63 33 140

404 536 39 34 In
454 547 65 23 one
528 536 95 43 early
633 547 80 23 case
722 547 51 23 we
783 536 58 34 did
852 537 178 41 disregard
1041 536 59 34 the
1110 537 74 33 rule
1193 537 46 43 by
1249 536 104 43 doing
1363 536 93 34 what
1467 537 58 33 the

312 590 137 38 present
464 585 129 34 dissent
608 585 113 34 would
736 585 87 34 have
838 597 39 22 us
893 585 44 34 do
952 586 114 42 again;
1082 585 76 34 that
1174 586 38 40 is,
1228 596 51 23 we
1294 585 156 35 reversed
1466 586 59 34 the

312 635 78 34 trial
407 640 99 29 court
522 645 44 24 on
584 634 59 35 the
659 635 74 35 first
750 635 134 44 appeal,
902 634 69 35 and
988 635 99 35 when
1105 635 76 34 that
1198 640 98 30 court
1312 635 132 44 obeyed
1461 646 63 24 our

311 685 233 41 instructions,
563 696 52 24 we
634 685 157 44 changed
811 696 61 24 our
892 685 113 35 minds
1025 696 44 24 on
1088 685 60 35 the
1166 685 126 36 second
1312 685 123 45 appeal
1456 686 68 34 and

311 735 157 35 reversed
479 735 72 35 him
561 735 113 43 again.
685 734 229 45 Rutherford,
929 737 68 33 Use
1006 735 46 44 of
1056 735 124 35 Callen
1188 747 30 23 v.
1229 736 166 43 Lafferty,
1407 737 19 33 7
1437 737 85 33 Ark.

311 786 68 33 402
408 784 137 44 (1847).
573 785 65 34 We
664 785 139 44 quickly
829 785 172 44 regretted
1028 786 76 34 that
1130 797 94 23 error
1250 786 68 34 and
1345 786 178 34 overruled

311 835 221 43 Rutherford
540 835 35 34 in
585 836 162 33 Porter v.
759 837 74 32 Doe
843 847 44 23 ex
898 834 80 36 dem
988 835 151 43 Hanley,
1155 837 40 33 10
1206 836 85 34 Ark.
1307 837 63 33 186
1384 835 138 43 (1850).

310 885 217 43 Apparently
540 895 51 24 we
604 885 87 34 have
705 890 59 29 not
777 885 94 34 since
883 884 159 35 deviated
1056 884 91 35 from
1161 885 59 35 the
1232 885 65 34 law
1311 885 39 35 of
1361 886 59 34 the
1432 896 89 24 case.

493 966 113 34 There
624 977 70 30 are,
714 965 40 36 of
769 977 131 30 course,
921 971 67 29 two
1007 966 153 35 familiar
1179 966 202 35 limitations
1401 977 44 24 on
1464 967 60 34 the

311 1015 164 35 doctrine:
504 1016 88 40 One,
620 1026 45 24 an
692 1026 183 24 erroneous
903 1016 112 43 ruling
1043 1017 27 33 is
1097 1016 144 43 binding
1267 1017 81 43 only
1374 1017 35 34 in
1436 1017 88 34 later

310 1064 223 43 proceedings
549 1065 34 34 in
598 1065 59 34 the
671 1076 96 23 same
781 1065 171 43 litigation
968 1066 68 33 and
1051 1076 81 33 may
1147 1066 43 34 be
1204 1066 157 42 changed
1376 1067 35 33 in
1426 1077 96 23 cases

309 1114 171 42 involving
497 1114 98 34 other
612 1124 150 33 persons.
784 1114 197 44 Taliaferro
996 1126 30 22 v.
1043 1116 154 38 Barnett,
1215 1125 119 33 supra.
1352 1116 93 39 Two,
1463 1116 59 33 the

310 1163 74 34 rule
393 1163 82 34 does
486 1169 60 29 not
556 1163 103 43 apply
670 1163 30 34 if
707 1164 98 34 there
815 1164 28 33 is
854 1175 20 23 a
885 1164 160 34 material
1055 1164 135 42 change
1200 1165 35 33 in
1245 1164 61 34 the
1315 1164 90 35 facts
1417 1170 36 28 at
1463 1165 60 34 the

309 1212 126 34 second
453 1212 89 35 trial.
560 1212 178 44 Hartford
752 1214 79 33 Fire
847 1215 68 32 Ins.
937 1214 59 33 Co.
1014 1224 30 23 v.
1062 1213 133 41 Enoch,
1214 1214 43 34 79
1275 1214 85 34 Ark.
1379 1214 79 40 475,
1477 1215 44 33 96

309 1261 94 35 S.W.
423 1262 65 34 393
509 1261 136 43 (1906).
665 1262 82 43 (We
763 1262 43 34 do
823 1268 59 29 not
899 1262 123 43 regard
1039 1273 44 24 an
1100 1263 141 35 obvious
1258 1263 263 35 mathematical

309 1322 93 23 error
415 1322 38 23 as
466 1311 125 44 having
605 1322 68 33 any
686 1312 142 43 bearing
841 1323 44 23 on
898 1312 59 34 the
969 1312 143 44 validity
1125 1312 39 35 of
1174 1313 59 34 the
1246 1313 84 41 rule,
1345 1324 67 32 any
1426 1324 95 24 more

309 1361 84 35 than
412 1371 19 25 a
450 1361 195 44 misspelled
664 1372 102 24 name
783 1362 113 35 would
914 1362 106 35 affect
1037 1363 59 34 the
1114 1363 73 34 rule
1204 1362 40 36 of
1258 1374 56 23 res
1325 1362 193 45 judicata.)

400 1443 64 35 We
473 1444 107 43 really
589 1443 44 35 do
642 1449 59 29 not
711 1443 212 36 understand
932 1444 93 35 what
1034 1445 59 34 the
1103 1445 137 34 Florida
1249 1450 99 29 court
1357 1450 118 30 meant
1485 1450 35 30 to

308 1493 81 34 hold
402 1493 34 34 in
448 1493 60 34 the
520 1504 79 24 case
611 1493 91 35 cited
714 1494 35 34 in
761 1494 60 34 the
833 1494 139 34 dissent:
985 1494 205 34 Strazzulla
1200 1506 32 23 v.
1245 1494 192 41 Hendrick,
1455 1496 63 33 177

308 1542 57 35 So.
386 1542 45 35 2d
454 1544 12 32 1
492 1543 100 42 (Fla.,
617 1543 116 43 1965).
753 1544 216 43 Apparently
987 1544 59 34 the
1064 1549 99 29 court
1181 1544 130 44 merely
1329 1544 136 35 wanted
1484 1550 36 29 to

308 1592 121 35 recede
439 1592 91 35 from
541 1604 43 23 an
595 1593 123 34 earlier
728 1598 186 30 statement
924 1593 76 35 that
1011 1594 26 34 it
1047 1604 69 24 was
1127 1594 147 35 without
1284 1594 181 43 authority
1475 1605 44 24 on

307 1653 21 23 a
337 1642 127 35 second
474 1642 124 44 appeal
607 1647 35 30 to
653 1643 121 34 review
784 1654 37 23 or
831 1654 134 24 reverse
973 1643 94 35 what
1076 1643 70 35 had
1156 1644 87 34 been
1252 1643 145 35 decided
1405 1655 45 23 on
1460 1645 60 34 the

308 1692 73 34 first
393 1692 134 44 appeal.
539 1693 92 34 That
643 1703 110 24 seems
765 1698 34 29 to
811 1693 87 35 have
909 1693 87 34 been
1008 1693 59 35 the
1078 1693 71 35 sole
1160 1694 103 34 effect
1274 1694 39 34 of
1321 1694 59 35 the
1391 1695 127 34 courts

307 1741 201 42 discussion,
528 1742 53 35 for
600 1742 26 35 it
645 1743 156 34 affirmed
819 1743 59 34 the
896 1743 243 35 intermediate
1156 1749 98 29 court
1272 1743 151 35 decision
1442 1745 77 34 that

307 1802 70 24 was
398 1792 101 42 being
520 1792 176 34 reviewed.

398 1872 74 34 The
482 1872 136 35 Florida
628 1878 98 29 court
736 1873 88 34 tried
833 1873 87 34 hard
930 1878 35 29 to
975 1874 89 34 limit
1074 1873 42 34 its
1126 1873 150 35 decision
1287 1874 44 44 by
1340 1874 142 43 making
1492 1875 26 34 it

306 1921 92 35 clear
414 1921 76 35 that
505 1933 44 23 an
565 1922 172 43 appellate
752 1928 98 29 court
865 1923 123 34 should
1003 1923 195 35 reconsider
1212 1924 43 34 its
1270 1923 151 35 decision
1437 1934 44 24 on
1497 1935 20 23 a

306 1970 128 36 former
448 1972 123 43 appeal
582 1972 80 43 only
675 1983 38 24 as
726 1983 20 24 a
758 1977 127 30 matter
896 1972 40 34 of
946 1983 113 32 grace,
1072 1978 60 29 not
1144 1984 37 23 as
1194 1984 20 24 a
1226 1978 127 30 matter
1364 1973 40 35 of
1412 1973 104 43 right,

306 2021 68 34 and
384 2021 76 34 that
469 2032 44 23 an
523 2021 179 44 exception
711 2027 36 30 to
756 2022 81 34 the
847 2022 65 35 law
920 2022 40 34 of
965 2023 59 34 the
1032 2023 102 34 case
1144 2022 122 36 should
1275 2023 43 34 be
1326 2023 103 35 made
1437 2024 80 43 only

306 2070 34 34 in
359 2071 148 34 unusual
526 2072 279 40 circumstances,
825 2071 54 35 for
897 2072 59 34 the
975 2078 90 29 most
1083 2078 123 37 cogent
1225 2083 149 31 reasons,
1394 2072 68 35 and
1481 2078 36 30 to

305 2121 100 34 avoid
424 2131 20 24 a
464 2121 163 34 manifest
646 2121 169 43 injustice.
836 2123 94 33 Here
948 2122 97 35 there
1064 2133 59 23 are
1141 2133 44 24 no
1203 2123 149 34 unusual
1369 2123 146 34 circum-

306 2175 146 36 stances,
475 2181 44 23 no
540 2176 124 37 cogent
685 2181 139 25 reasons
846 2171 53 35 for
920 2172 174 43 changing
1115 2183 62 23 our
1198 2173 162 43 practice,
1383 2172 69 35 and
1473 2183 45 24 no

305 2220 164 34 manifest
478 2220 170 43 injustice,
658 2220 53 35 for
720 2222 117 33 Potter
845 2220 89 35 lived
943 2221 35 34 in
987 2221 59 35 the
1054 2222 102 34 home
1165 2221 53 35 for
1227 2232 104 33 many
1340 2232 98 33 years
1448 2222 69 34 and

305 2269 27 34 is
346 2269 132 43 getting
492 2269 89 35 back
594 2270 58 34 the
665 2281 124 32 money
802 2270 44 34 he
859 2275 62 39 put
934 2270 72 35 into
1019 2271 36 34 it.
1069 2270 103 35 After
1186 2272 76 34 that
1274 2271 186 35 deduction
1473 2272 44 34 he

305 2319 118 35 shares
444 2319 33 34 in
499 2320 58 34 the
577 2319 252 36 enhancement
849 2320 39 35 of
904 2321 101 34 value
1024 2321 166 43 resulting
1210 2321 91 35 from
1321 2321 167 35 inflation.

397 2400 143 44 Finally,
555 2401 58 34 the
627 2401 136 34 Florida
776 2407 98 29 court
887 2402 164 44 qualified
1064 2402 43 34 its
1120 2402 186 44 purported
1320 2402 196 44 exceptions
