<?xml version='1.0' encoding='utf-8'?>
<alto xmlns="http://www.loc.gov/standards/alto/ns-v3#">
  <!--Created by Innodata R.E.D. RLI tool: 2017-04-25 06:27:38.411030-->
  <Description>
    <MeasurementUnit>pixel</MeasurementUnit>
    <sourceImageInformation>
      <fileName>32044078577194_00297_0.tif</fileName>
    </sourceImageInformation>
    <OCRProcessing ID="OP_1">
      <ocrProcessingStep>
        <processingStepDescription>Alto coordinates refer to the deskewed TIFF file. 
		To convert point (x, y) to original image (TIFF or JP2) apply transformation matrix T=(m00, m01, m10, m11, b0, b1) using the rule:
			T * (x,y) = (m00 * x + m01 * y + b0), (m10 * x + m11 * y + b1)</processingStepDescription>
        <processingStepSettings>RED.transform=(0.9999595002733742, -0.008999878500492074, 0.008999878500492074, 0.9999595002733742, -0.40399999999999636, -14.916000000000059)</processingStepSettings>
      </ocrProcessingStep>
    </OCRProcessing>
  </Description>
  <Styles>
    <TextStyle FONTFAMILY="Times New Roman" FONTSIZE="11.00" FONTTYPE="serif" FONTWIDTH="proportional" ID="Style_3"/>
    <TextStyle FONTFAMILY="Times New Roman" FONTSIZE="11.00" FONTSTYLE="italics" FONTTYPE="serif" FONTWIDTH="proportional" ID="Style_4"/>
  </Styles>
  <Tags>
    <StructureTag ID="b592-19" LABEL="blockquote"/>
    <StructureTag ID="b593-4" LABEL="pagelabel"/>
    <StructureTag ID="b593-6" LABEL="p"/>
    <StructureTag ID="b593-7" LABEL="blockquote"/>
    <StructureTag ID="b593-8" LABEL="p"/>
    <StructureTag ID="b593-9" LABEL="p"/>
    <StructureTag ID="b593-10" LABEL="blockquote"/>
    <StructureTag ID="b593-11" LABEL="p"/>
  </Tags>
  <Layout>
    <Page HEIGHT="2703" ID="PG_593" PHYSICAL_IMG_NR="593" WIDTH="1673">
      <PrintSpace HEIGHT="2703" HPOS="0" ID="PS_593" VPOS="0" WIDTH="1673">
        <TextBlock HEIGHT="135.0" HPOS="266.0" ID="BL_593.1" TAGREFS="b592-19" VPOS="409.0" WIDTH="1090.0">
          <TextLine HEIGHT="45" HPOS="267" ID="TL_593.1.1" VPOS="409" WIDTH="1089">
            <String CONTENT="that" HEIGHT="34" HPOS="267" ID="ST_593.1.1.1" STYLEREFS="Style_3" VPOS="410" WIDTH="76" WC="1.00" CC="0000" TAGREFS=""/>
            <SP HPOS="343" ID="SP_593.1.1.2" VPOS="409" WIDTH="13"/>
            <String CONTENT="their" HEIGHT="35" HPOS="356" ID="ST_593.1.1.3" STYLEREFS="Style_3" VPOS="409" WIDTH="88" WC="0.81" CC="00000" TAGREFS=""/>
            <SP HPOS="444" ID="SP_593.1.1.4" VPOS="410" WIDTH="11"/>
            <String CONTENT="share" HEIGHT="34" HPOS="455" ID="ST_593.1.1.5" STYLEREFS="Style_3" VPOS="410" WIDTH="102" WC="0.99" CC="00000" TAGREFS=""/>
            <SP HPOS="557" ID="SP_593.1.1.6" VPOS="415" WIDTH="13"/>
            <String CONTENT="revert" HEIGHT="29" HPOS="570" ID="ST_593.1.1.7" STYLEREFS="Style_3" VPOS="415" WIDTH="111" WC="0.94" CC="000000" TAGREFS=""/>
            <SP HPOS="681" ID="SP_593.1.1.8" VPOS="410" WIDTH="13"/>
            <String CONTENT="back" HEIGHT="35" HPOS="694" ID="ST_593.1.1.9" STYLEREFS="Style_3" VPOS="410" WIDTH="89" WC="0.96" CC="0000" TAGREFS=""/>
            <SP HPOS="783" ID="SP_593.1.1.10" VPOS="410" WIDTH="12"/>
            <String CONTENT="into" HEIGHT="35" HPOS="795" ID="ST_593.1.1.11" STYLEREFS="Style_3" VPOS="410" WIDTH="71" WC="0.96" CC="0000" TAGREFS=""/>
            <SP HPOS="866" ID="SP_593.1.1.12" VPOS="421" WIDTH="13"/>
            <String CONTENT="my" HEIGHT="33" HPOS="879" ID="ST_593.1.1.13" STYLEREFS="Style_3" VPOS="421" WIDTH="58" WC="1.00" CC="00" TAGREFS=""/>
            <SP HPOS="937" ID="SP_593.1.1.14" VPOS="416" WIDTH="12"/>
            <String CONTENT="estate," HEIGHT="35" HPOS="949" ID="ST_593.1.1.15" STYLEREFS="Style_3" VPOS="416" WIDTH="121" WC="1.00" CC="0000000" TAGREFS=""/>
            <SP HPOS="1070" ID="SP_593.1.1.16" VPOS="410" WIDTH="14"/>
            <String CONTENT="and" HEIGHT="35" HPOS="1084" ID="ST_593.1.1.17" STYLEREFS="Style_3" VPOS="410" WIDTH="68" WC="0.78" CC="000" TAGREFS=""/>
            <SP HPOS="1152" ID="SP_593.1.1.18" VPOS="410" WIDTH="13"/>
            <String CONTENT="be" HEIGHT="34" HPOS="1165" ID="ST_593.1.1.19" STYLEREFS="Style_3" VPOS="410" WIDTH="43" WC="1.00" CC="00" TAGREFS=""/>
            <SP HPOS="1208" ID="SP_593.1.1.20" VPOS="410" WIDTH="11"/>
            <String CONTENT="divided" HEIGHT="35" HPOS="1219" ID="ST_593.1.1.21" STYLEREFS="Style_3" VPOS="410" WIDTH="137" WC="0.99" CC="0000000" TAGREFS=""/>
          </TextLine>
          <TextLine HEIGHT="45" HPOS="266" ID="TL_593.1.2" VPOS="459" WIDTH="1089">
            <String CONTENT="to" HEIGHT="29" HPOS="266" ID="ST_593.1.2.1" STYLEREFS="Style_3" VPOS="465" WIDTH="36" WC="1.00" CC="00" TAGREFS=""/>
            <SP HPOS="302" ID="SP_593.1.2.2" VPOS="460" WIDTH="20"/>
            <String CONTENT="the" HEIGHT="34" HPOS="322" ID="ST_593.1.2.3" STYLEREFS="Style_3" VPOS="460" WIDTH="59" WC="1.00" CC="000" TAGREFS=""/>
            <SP HPOS="381" ID="SP_593.1.2.4" VPOS="460" WIDTH="20"/>
            <String CONTENT="remaining" HEIGHT="43" HPOS="401" ID="ST_593.1.2.5" STYLEREFS="Style_3" VPOS="460" WIDTH="192" WC="0.99" CC="000000000" TAGREFS=""/>
            <SP HPOS="593" ID="SP_593.1.2.6" VPOS="460" WIDTH="21"/>
            <String CONTENT="legatees" HEIGHT="43" HPOS="614" ID="ST_593.1.2.7" STYLEREFS="Style_3" VPOS="460" WIDTH="151" WC="1.00" CC="00000000" TAGREFS=""/>
            <SP HPOS="765" ID="SP_593.1.2.8" VPOS="460" WIDTH="20"/>
            <String CONTENT="equivalent" HEIGHT="44" HPOS="785" ID="ST_593.1.2.9" STYLEREFS="Style_3" VPOS="460" WIDTH="196" WC="0.80" CC="0000000000" TAGREFS=""/>
            <SP HPOS="981" ID="SP_593.1.2.10" VPOS="465" WIDTH="20"/>
            <String CONTENT="to" HEIGHT="30" HPOS="1001" ID="ST_593.1.2.11" STYLEREFS="Style_3" VPOS="465" WIDTH="36" WC="1.00" CC="00" TAGREFS=""/>
            <SP HPOS="1037" ID="SP_593.1.2.12" VPOS="460" WIDTH="20"/>
            <String CONTENT="the" HEIGHT="34" HPOS="1057" ID="ST_593.1.2.13" STYLEREFS="Style_3" VPOS="460" WIDTH="59" WC="0.99" CC="000" TAGREFS=""/>
            <SP HPOS="1116" ID="SP_593.1.2.14" VPOS="459" WIDTH="19"/>
            <String CONTENT="distribution" HEIGHT="36" HPOS="1135" ID="ST_593.1.2.15" STYLEREFS="Style_3" VPOS="459" WIDTH="220" WC="0.98" CC="000000000000" TAGREFS=""/>
          </TextLine>
          <TextLine HEIGHT="35" HPOS="267" ID="TL_593.1.3" VPOS="509" WIDTH="303">
            <String CONTENT="above" HEIGHT="34" HPOS="267" ID="ST_593.1.3.1" STYLEREFS="Style_3" VPOS="510" WIDTH="109" WC="1.00" CC="00000" TAGREFS=""/>
            <SP HPOS="376" ID="SP_593.1.3.2" VPOS="515" WIDTH="19"/>
            <String CONTENT="set" HEIGHT="29" HPOS="395" ID="ST_593.1.3.3" STYLEREFS="Style_3" VPOS="515" WIDTH="51" WC="0.90" CC="000" TAGREFS=""/>
            <SP HPOS="446" ID="SP_593.1.3.4" VPOS="509" WIDTH="20"/>
            <String CONTENT="forth." HEIGHT="35" HPOS="466" ID="ST_593.1.3.5" STYLEREFS="Style_3" VPOS="509" WIDTH="104" WC="0.98" CC="000000" TAGREFS=""/>
          </TextLine>
        </TextBlock>
        <TextBlock HEIGHT="33.0" HPOS="1289.0" ID="BL_593.3" TAGREFS="b593-4" VPOS="269.0" WIDTH="65.0">
          <TextLine HEIGHT="33" HPOS="1289" ID="TL_593.3.1" VPOS="269" WIDTH="65">
            <String CONTENT="555" HEIGHT="33" HPOS="1289" ID="ST_593.3.1.1" STYLEREFS="Style_3" VPOS="269" WIDTH="65" WC="0.89" CC="000" TAGREFS=""/>
          </TextLine>
        </TextBlock>
        <TextBlock HEIGHT="93.0" HPOS="143.0" ID="BL_593.4" TAGREFS="b593-6" VPOS="586.0" WIDTH="1213.0">
          <TextLine HEIGHT="44" HPOS="234" ID="TL_593.4.1" VPOS="586" WIDTH="1122">
            <String CONTENT="Ark." HEIGHT="33" HPOS="328" ID="ST_593.4.1.3" STYLEREFS="Style_3" VPOS="587" WIDTH="84" WC="0.74" CC="0000" TAGREFS=""/>
            <SP HPOS="412" ID="SP_593.4.1.4" VPOS="586" WIDTH="21"/>
            <String CONTENT="Stat." HEIGHT="35" HPOS="433" ID="ST_593.4.1.5" STYLEREFS="Style_3" VPOS="586" WIDTH="90" WC="0.78" CC="00000" TAGREFS=""/>
            <SP HPOS="523" ID="SP_593.4.1.6" VPOS="587" WIDTH="22"/>
            <String CONTENT="Ann." HEIGHT="33" HPOS="545" ID="ST_593.4.1.7" STYLEREFS="Style_3" VPOS="587" WIDTH="92" WC="0.48" CC="0000" TAGREFS=""/>
            <SP HPOS="637" ID="SP_593.4.1.8" VPOS="586" WIDTH="24"/>
            <String CONTENT="§" HEIGHT="42" HPOS="661" ID="ST_593.4.1.9" STYLEREFS="Style_3" VPOS="586" WIDTH="18" WC="0.73" CC="0" TAGREFS=""/>
            <SP HPOS="679" ID="SP_593.4.1.10" VPOS="586" WIDTH="23"/>
            <String CONTENT="60-507(b)" HEIGHT="43" HPOS="702" ID="ST_593.4.1.11" STYLEREFS="Style_3" VPOS="586" WIDTH="189" WC="0.81" CC="000009900" TAGREFS=""/>
            <SP HPOS="891" ID="SP_593.4.1.12" VPOS="586" WIDTH="25"/>
            <String CONTENT="(Repl." HEIGHT="44" HPOS="916" ID="ST_593.4.1.13" STYLEREFS="Style_3" VPOS="586" WIDTH="117" WC="0.61" CC="000000" TAGREFS=""/>
            <SP HPOS="1033" ID="SP_593.4.1.14" VPOS="586" WIDTH="26"/>
            <String CONTENT="1971)" HEIGHT="44" HPOS="1059" ID="ST_593.4.1.15" STYLEREFS="Style_3" VPOS="586" WIDTH="105" WC="1.00" CC="00000" TAGREFS=""/>
            <SP HPOS="1164" ID="SP_593.4.1.16" VPOS="586" WIDTH="23"/>
            <String CONTENT="defines" HEIGHT="35" HPOS="1187" ID="ST_593.4.1.17" STYLEREFS="Style_3" VPOS="586" WIDTH="128" WC="0.89" CC="0000000" TAGREFS=""/>
            <SP HPOS="1315" ID="SP_593.4.1.18" VPOS="598" WIDTH="22"/>
            <String CONTENT="a" HEIGHT="23" HPOS="1337" ID="ST_593.4.1.19" STYLEREFS="Style_3" VPOS="598" WIDTH="19" WC="1.00" CC="0" TAGREFS=""/>
          </TextLine>
          <TextLine HEIGHT="44" HPOS="143" ID="TL_593.4.2" VPOS="635" WIDTH="343">
            <String CONTENT="pretermitted" HEIGHT="44" HPOS="143" ID="ST_593.4.2.1" STYLEREFS="Style_3" VPOS="635" WIDTH="239" WC="0.87" CC="000000000000" TAGREFS=""/>
            <SP HPOS="382" ID="SP_593.4.2.2" VPOS="635" WIDTH="21"/>
            <String CONTENT="heir:" HEIGHT="35" HPOS="403" ID="ST_593.4.2.3" STYLEREFS="Style_3" VPOS="635" WIDTH="83" WC="0.81" CC="00000" TAGREFS=""/>
          </TextLine>
        </TextBlock>
        <TextBlock HEIGHT="483.0" HPOS="267.0" ID="BL_593.5" TAGREFS="b593-7" VPOS="712.0" WIDTH="1091.0">
          <TextLine HEIGHT="44" HPOS="269" ID="TL_593.5.1" VPOS="712" WIDTH="1088">
            <String CONTENT="If" HEIGHT="34" HPOS="269" ID="ST_593.5.1.1" STYLEREFS="Style_3" VPOS="712" WIDTH="34" WC="1.00" CC="00" TAGREFS=""/>
            <SP HPOS="303" ID="SP_593.5.1.2" VPOS="717" WIDTH="14"/>
            <String CONTENT="at" HEIGHT="29" HPOS="317" ID="ST_593.5.1.3" STYLEREFS="Style_3" VPOS="717" WIDTH="36" WC="1.00" CC="00" TAGREFS=""/>
            <SP HPOS="353" ID="SP_593.5.1.4" VPOS="712" WIDTH="17"/>
            <String CONTENT="the" HEIGHT="34" HPOS="370" ID="ST_593.5.1.5" STYLEREFS="Style_3" VPOS="712" WIDTH="58" WC="0.97" CC="000" TAGREFS=""/>
            <SP HPOS="428" ID="SP_593.5.1.6" VPOS="712" WIDTH="16"/>
            <String CONTENT="time" HEIGHT="35" HPOS="444" ID="ST_593.5.1.7" STYLEREFS="Style_3" VPOS="712" WIDTH="84" WC="0.83" CC="0000" TAGREFS=""/>
            <SP HPOS="528" ID="SP_593.5.1.8" VPOS="712" WIDTH="16"/>
            <String CONTENT="of" HEIGHT="34" HPOS="544" ID="ST_593.5.1.9" STYLEREFS="Style_3" VPOS="712" WIDTH="40" WC="1.00" CC="00" TAGREFS=""/>
            <SP HPOS="584" ID="SP_593.5.1.10" VPOS="712" WIDTH="13"/>
            <String CONTENT="the" HEIGHT="35" HPOS="597" ID="ST_593.5.1.11" STYLEREFS="Style_3" VPOS="712" WIDTH="59" WC="0.85" CC="000" TAGREFS=""/>
            <SP HPOS="656" ID="SP_593.5.1.12" VPOS="713" WIDTH="16"/>
            <String CONTENT="execution" HEIGHT="34" HPOS="672" ID="ST_593.5.1.13" STYLEREFS="Style_3" VPOS="713" WIDTH="180" WC="0.92" CC="000000000" TAGREFS=""/>
            <SP HPOS="852" ID="SP_593.5.1.14" VPOS="712" WIDTH="17"/>
            <String CONTENT="of" HEIGHT="35" HPOS="869" ID="ST_593.5.1.15" STYLEREFS="Style_3" VPOS="712" WIDTH="39" WC="1.00" CC="00" TAGREFS=""/>
            <SP HPOS="908" ID="SP_593.5.1.16" VPOS="724" WIDTH="14"/>
            <String CONTENT="a" HEIGHT="23" HPOS="922" ID="ST_593.5.1.17" STYLEREFS="Style_3" VPOS="724" WIDTH="20" WC="1.00" CC="0" TAGREFS=""/>
            <SP HPOS="942" ID="SP_593.5.1.18" VPOS="713" WIDTH="17"/>
            <String CONTENT="will" HEIGHT="34" HPOS="959" ID="ST_593.5.1.19" STYLEREFS="Style_3" VPOS="713" WIDTH="68" WC="0.91" CC="0000" TAGREFS=""/>
            <SP HPOS="1027" ID="SP_593.5.1.20" VPOS="713" WIDTH="17"/>
            <String CONTENT="there" HEIGHT="34" HPOS="1044" ID="ST_593.5.1.21" STYLEREFS="Style_3" VPOS="713" WIDTH="98" WC="0.99" CC="00000" TAGREFS=""/>
            <SP HPOS="1142" ID="SP_593.5.1.22" VPOS="713" WIDTH="16"/>
            <String CONTENT="be" HEIGHT="34" HPOS="1158" ID="ST_593.5.1.23" STYLEREFS="Style_3" VPOS="713" WIDTH="43" WC="0.71" CC="00" TAGREFS=""/>
            <SP HPOS="1201" ID="SP_593.5.1.24" VPOS="724" WIDTH="16"/>
            <String CONTENT="a" HEIGHT="24" HPOS="1217" ID="ST_593.5.1.25" STYLEREFS="Style_3" VPOS="724" WIDTH="19" WC="1.00" CC="0" TAGREFS=""/>
            <SP HPOS="1236" ID="SP_593.5.1.26" VPOS="713" WIDTH="18"/>
            <String CONTENT="living" HEIGHT="43" HPOS="1254" ID="ST_593.5.1.27" STYLEREFS="Style_3" VPOS="713" WIDTH="103" WC="0.85" CC="000000" TAGREFS=""/>
          </TextLine>
          <TextLine HEIGHT="44" HPOS="267" ID="TL_593.5.2" VPOS="761" WIDTH="1089">
            <String CONTENT="child" HEIGHT="35" HPOS="267" ID="ST_593.5.2.1" STYLEREFS="Style_3" VPOS="761" WIDTH="93" WC="0.92" CC="00000" TAGREFS=""/>
            <SP HPOS="360" ID="SP_593.5.2.2" VPOS="761" WIDTH="14"/>
            <String CONTENT="of" HEIGHT="35" HPOS="374" ID="ST_593.5.2.3" STYLEREFS="Style_3" VPOS="761" WIDTH="39" WC="0.94" CC="00" TAGREFS=""/>
            <SP HPOS="413" ID="SP_593.5.2.4" VPOS="762" WIDTH="11"/>
            <String CONTENT="the" HEIGHT="34" HPOS="424" ID="ST_593.5.2.5" STYLEREFS="Style_3" VPOS="762" WIDTH="59" WC="0.94" CC="000" TAGREFS=""/>
            <SP HPOS="483" ID="SP_593.5.2.6" VPOS="767" WIDTH="14"/>
            <String CONTENT="testator," HEIGHT="35" HPOS="497" ID="ST_593.5.2.7" STYLEREFS="Style_3" VPOS="767" WIDTH="156" WC="0.99" CC="000000000" TAGREFS=""/>
            <SP HPOS="653" ID="SP_593.5.2.8" VPOS="773" WIDTH="16"/>
            <String CONTENT="or" HEIGHT="23" HPOS="669" ID="ST_593.5.2.9" STYLEREFS="Style_3" VPOS="773" WIDTH="38" WC="1.00" CC="00" TAGREFS=""/>
            <SP HPOS="707" ID="SP_593.5.2.10" VPOS="762" WIDTH="14"/>
            <String CONTENT="living" HEIGHT="43" HPOS="721" ID="ST_593.5.2.11" STYLEREFS="Style_3" VPOS="762" WIDTH="104" WC="0.97" CC="000000" TAGREFS=""/>
            <SP HPOS="825" ID="SP_593.5.2.12" VPOS="762" WIDTH="15"/>
            <String CONTENT="child" HEIGHT="34" HPOS="840" ID="ST_593.5.2.13" STYLEREFS="Style_3" VPOS="762" WIDTH="92" WC="0.92" CC="00000" TAGREFS=""/>
            <SP HPOS="932" ID="SP_593.5.2.14" VPOS="773" WIDTH="15"/>
            <String CONTENT="or" HEIGHT="23" HPOS="947" ID="ST_593.5.2.15" STYLEREFS="Style_3" VPOS="773" WIDTH="38" WC="1.00" CC="00" TAGREFS=""/>
            <SP HPOS="985" ID="SP_593.5.2.16" VPOS="763" WIDTH="14"/>
            <String CONTENT="issue" HEIGHT="34" HPOS="999" ID="ST_593.5.2.17" STYLEREFS="Style_3" VPOS="763" WIDTH="92" WC="0.92" CC="00000" TAGREFS=""/>
            <SP HPOS="1091" ID="SP_593.5.2.18" VPOS="763" WIDTH="13"/>
            <String CONTENT="of" HEIGHT="34" HPOS="1104" ID="ST_593.5.2.19" STYLEREFS="Style_3" VPOS="763" WIDTH="40" WC="1.00" CC="00" TAGREFS=""/>
            <SP HPOS="1144" ID="SP_593.5.2.20" VPOS="774" WIDTH="11"/>
            <String CONTENT="a" HEIGHT="23" HPOS="1155" ID="ST_593.5.2.21" STYLEREFS="Style_3" VPOS="774" WIDTH="20" WC="1.00" CC="0" TAGREFS=""/>
            <SP HPOS="1175" ID="SP_593.5.2.22" VPOS="763" WIDTH="15"/>
            <String CONTENT="deceased" HEIGHT="34" HPOS="1190" ID="ST_593.5.2.23" STYLEREFS="Style_3" VPOS="763" WIDTH="166" WC="1.00" CC="00000000" TAGREFS=""/>
          </TextLine>
          <TextLine HEIGHT="41" HPOS="268" ID="TL_593.5.3" VPOS="811" WIDTH="1090">
            <String CONTENT="child" HEIGHT="34" HPOS="268" ID="ST_593.5.3.1" STYLEREFS="Style_3" VPOS="811" WIDTH="93" WC="0.77" CC="00000" TAGREFS=""/>
            <SP HPOS="361" ID="SP_593.5.3.2" VPOS="811" WIDTH="24"/>
            <String CONTENT="of" HEIGHT="35" HPOS="385" ID="ST_593.5.3.3" STYLEREFS="Style_3" VPOS="811" WIDTH="38" WC="0.93" CC="00" TAGREFS=""/>
            <SP HPOS="423" ID="SP_593.5.3.4" VPOS="812" WIDTH="22"/>
            <String CONTENT="the" HEIGHT="34" HPOS="445" ID="ST_593.5.3.5" STYLEREFS="Style_3" VPOS="812" WIDTH="59" WC="0.96" CC="000" TAGREFS=""/>
            <SP HPOS="504" ID="SP_593.5.3.6" VPOS="816" WIDTH="24"/>
            <String CONTENT="testator," HEIGHT="36" HPOS="528" ID="ST_593.5.3.7" STYLEREFS="Style_3" VPOS="816" WIDTH="156" WC="1.00" CC="000000000" TAGREFS=""/>
            <SP HPOS="684" ID="SP_593.5.3.8" VPOS="812" WIDTH="26"/>
            <String CONTENT="whom" HEIGHT="34" HPOS="710" ID="ST_593.5.3.9" STYLEREFS="Style_3" VPOS="812" WIDTH="114" WC="0.87" CC="0000" TAGREFS=""/>
            <SP HPOS="824" ID="SP_593.5.3.10" VPOS="811" WIDTH="24"/>
            <String CONTENT="the" HEIGHT="35" HPOS="848" ID="ST_593.5.3.11" STYLEREFS="Style_3" VPOS="811" WIDTH="59" WC="0.97" CC="000" TAGREFS=""/>
            <SP HPOS="907" ID="SP_593.5.3.12" VPOS="817" WIDTH="24"/>
            <String CONTENT="testator" HEIGHT="29" HPOS="931" ID="ST_593.5.3.13" STYLEREFS="Style_3" VPOS="817" WIDTH="145" WC="0.95" CC="00000000" TAGREFS=""/>
            <SP HPOS="1076" ID="SP_593.5.3.14" VPOS="812" WIDTH="25"/>
            <String CONTENT="shall" HEIGHT="35" HPOS="1101" ID="ST_593.5.3.15" STYLEREFS="Style_3" VPOS="812" WIDTH="88" WC="0.93" CC="00000" TAGREFS=""/>
            <SP HPOS="1189" ID="SP_593.5.3.16" VPOS="812" WIDTH="24"/>
            <String CONTENT="omit" HEIGHT="35" HPOS="1213" ID="ST_593.5.3.17" STYLEREFS="Style_3" VPOS="812" WIDTH="85" WC="0.96" CC="0000" TAGREFS=""/>
            <SP HPOS="1298" ID="SP_593.5.3.18" VPOS="818" WIDTH="24"/>
            <String CONTENT="to" HEIGHT="29" HPOS="1322" ID="ST_593.5.3.19" STYLEREFS="Style_3" VPOS="818" WIDTH="36" WC="0.86" CC="00" TAGREFS=""/>
          </TextLine>
          <TextLine HEIGHT="44" HPOS="269" ID="TL_593.5.4" VPOS="861" WIDTH="1089">
            <String CONTENT="mention" HEIGHT="34" HPOS="269" ID="ST_593.5.4.1" STYLEREFS="Style_3" VPOS="861" WIDTH="152" WC="0.88" CC="0000000" TAGREFS=""/>
            <SP HPOS="421" ID="SP_593.5.4.2" VPOS="872" WIDTH="14"/>
            <String CONTENT="or" HEIGHT="23" HPOS="435" ID="ST_593.5.4.3" STYLEREFS="Style_3" VPOS="872" WIDTH="38" WC="1.00" CC="00" TAGREFS=""/>
            <SP HPOS="473" ID="SP_593.5.4.4" VPOS="861" WIDTH="13"/>
            <String CONTENT="provide" HEIGHT="44" HPOS="486" ID="ST_593.5.4.5" STYLEREFS="Style_3" VPOS="861" WIDTH="141" WC="0.92" CC="0000000" TAGREFS=""/>
            <SP HPOS="627" ID="SP_593.5.4.6" VPOS="861" WIDTH="13"/>
            <String CONTENT="for," HEIGHT="41" HPOS="640" ID="ST_593.5.4.7" STYLEREFS="Style_3" VPOS="861" WIDTH="64" WC="1.00" CC="0000" TAGREFS=""/>
            <SP HPOS="704" ID="SP_593.5.4.8" VPOS="861" WIDTH="16"/>
            <String CONTENT="either" HEIGHT="35" HPOS="720" ID="ST_593.5.4.9" STYLEREFS="Style_3" VPOS="861" WIDTH="109" WC="0.95" CC="000000" TAGREFS=""/>
            <SP HPOS="829" ID="SP_593.5.4.10" VPOS="861" WIDTH="13"/>
            <String CONTENT="specifically" HEIGHT="44" HPOS="842" ID="ST_593.5.4.11" STYLEREFS="Style_3" VPOS="861" WIDTH="210" WC="0.93" CC="000000000000" TAGREFS=""/>
            <SP HPOS="1052" ID="SP_593.5.4.12" VPOS="872" WIDTH="13"/>
            <String CONTENT="or" HEIGHT="23" HPOS="1065" ID="ST_593.5.4.13" STYLEREFS="Style_3" VPOS="872" WIDTH="38" WC="1.00" CC="00" TAGREFS=""/>
            <SP HPOS="1103" ID="SP_593.5.4.14" VPOS="873" WIDTH="14"/>
            <String CONTENT="as" HEIGHT="23" HPOS="1117" ID="ST_593.5.4.15" STYLEREFS="Style_3" VPOS="873" WIDTH="37" WC="1.00" CC="00" TAGREFS=""/>
            <SP HPOS="1154" ID="SP_593.5.4.16" VPOS="872" WIDTH="15"/>
            <String CONTENT="a" HEIGHT="24" HPOS="1169" ID="ST_593.5.4.17" STYLEREFS="Style_3" VPOS="872" WIDTH="20" WC="1.00" CC="0" TAGREFS=""/>
            <SP HPOS="1189" ID="SP_593.5.4.18" VPOS="862" WIDTH="14"/>
            <String CONTENT="member" HEIGHT="34" HPOS="1203" ID="ST_593.5.4.19" STYLEREFS="Style_3" VPOS="862" WIDTH="155" WC="0.92" CC="000000" TAGREFS=""/>
          </TextLine>
          <TextLine HEIGHT="42" HPOS="268" ID="TL_593.5.5" VPOS="910" WIDTH="1090">
            <String CONTENT="of" HEIGHT="35" HPOS="268" ID="ST_593.5.5.1" STYLEREFS="Style_3" VPOS="910" WIDTH="39" WC="0.91" CC="00" TAGREFS=""/>
            <SP HPOS="307" ID="SP_593.5.5.2" VPOS="921" WIDTH="22"/>
            <String CONTENT="a" HEIGHT="24" HPOS="329" ID="ST_593.5.5.3" STYLEREFS="Style_3" VPOS="921" WIDTH="21" WC="0.91" CC="0" TAGREFS=""/>
            <SP HPOS="350" ID="SP_593.5.5.4" VPOS="911" WIDTH="25"/>
            <String CONTENT="class," HEIGHT="41" HPOS="375" ID="ST_593.5.5.5" STYLEREFS="Style_3" VPOS="911" WIDTH="99" WC="0.84" CC="000000" TAGREFS=""/>
            <SP HPOS="474" ID="SP_593.5.5.6" VPOS="910" WIDTH="26"/>
            <String CONTENT="the" HEIGHT="36" HPOS="500" ID="ST_593.5.5.7" STYLEREFS="Style_3" VPOS="910" WIDTH="60" WC="0.88" CC="000" TAGREFS=""/>
            <SP HPOS="560" ID="SP_593.5.5.8" VPOS="916" WIDTH="24"/>
            <String CONTENT="testator" HEIGHT="30" HPOS="584" ID="ST_593.5.5.9" STYLEREFS="Style_3" VPOS="916" WIDTH="147" WC="0.94" CC="00000000" TAGREFS=""/>
            <SP HPOS="731" ID="SP_593.5.5.10" VPOS="911" WIDTH="24"/>
            <String CONTENT="shall" HEIGHT="35" HPOS="755" ID="ST_593.5.5.11" STYLEREFS="Style_3" VPOS="911" WIDTH="87" WC="0.76" CC="00000" TAGREFS=""/>
            <SP HPOS="842" ID="SP_593.5.5.12" VPOS="911" WIDTH="25"/>
            <String CONTENT="be" HEIGHT="35" HPOS="867" ID="ST_593.5.5.13" STYLEREFS="Style_3" VPOS="911" WIDTH="44" WC="0.78" CC="00" TAGREFS=""/>
            <SP HPOS="911" ID="SP_593.5.5.14" VPOS="910" WIDTH="24"/>
            <String CONTENT="deemed" HEIGHT="36" HPOS="935" ID="ST_593.5.5.15" STYLEREFS="Style_3" VPOS="910" WIDTH="146" WC="0.73" CC="000000" TAGREFS=""/>
            <SP HPOS="1081" ID="SP_593.5.5.16" VPOS="917" WIDTH="26"/>
            <String CONTENT="to" HEIGHT="29" HPOS="1107" ID="ST_593.5.5.17" STYLEREFS="Style_3" VPOS="917" WIDTH="36" WC="1.00" CC="00" TAGREFS=""/>
            <SP HPOS="1143" ID="SP_593.5.5.18" VPOS="911" WIDTH="24"/>
            <String CONTENT="have" HEIGHT="35" HPOS="1167" ID="ST_593.5.5.19" STYLEREFS="Style_3" VPOS="911" WIDTH="87" WC="1.00" CC="0000" TAGREFS=""/>
            <SP HPOS="1254" ID="SP_593.5.5.20" VPOS="911" WIDTH="25"/>
            <String CONTENT="died" HEIGHT="35" HPOS="1279" ID="ST_593.5.5.21" STYLEREFS="Style_3" VPOS="911" WIDTH="79" WC="0.87" CC="0000" TAGREFS=""/>
          </TextLine>
          <TextLine HEIGHT="45" HPOS="269" ID="TL_593.5.6" VPOS="960" WIDTH="1088">
            <String CONTENT="intestate" HEIGHT="35" HPOS="269" ID="ST_593.5.6.1" STYLEREFS="Style_3" VPOS="960" WIDTH="161" WC="0.94" CC="000000000" TAGREFS=""/>
            <SP HPOS="430" ID="SP_593.5.6.2" VPOS="961" WIDTH="11"/>
            <String CONTENT="with" HEIGHT="34" HPOS="441" ID="ST_593.5.6.3" STYLEREFS="Style_3" VPOS="961" WIDTH="82" WC="0.97" CC="0000" TAGREFS=""/>
            <SP HPOS="523" ID="SP_593.5.6.4" VPOS="966" WIDTH="12"/>
            <String CONTENT="respect" HEIGHT="39" HPOS="535" ID="ST_593.5.6.5" STYLEREFS="Style_3" VPOS="966" WIDTH="135" WC="1.00" CC="0000000" TAGREFS=""/>
            <SP HPOS="670" ID="SP_593.5.6.6" VPOS="966" WIDTH="11"/>
            <String CONTENT="to" HEIGHT="29" HPOS="681" ID="ST_593.5.6.7" STYLEREFS="Style_3" VPOS="966" WIDTH="35" WC="1.00" CC="00" TAGREFS=""/>
            <SP HPOS="716" ID="SP_593.5.6.8" VPOS="961" WIDTH="11"/>
            <String CONTENT="such" HEIGHT="35" HPOS="727" ID="ST_593.5.6.9" STYLEREFS="Style_3" VPOS="961" WIDTH="84" WC="0.81" CC="0000" TAGREFS=""/>
            <SP HPOS="811" ID="SP_593.5.6.10" VPOS="961" WIDTH="12"/>
            <String CONTENT="child" HEIGHT="35" HPOS="823" ID="ST_593.5.6.11" STYLEREFS="Style_3" VPOS="961" WIDTH="92" WC="0.92" CC="00000" TAGREFS=""/>
            <SP HPOS="915" ID="SP_593.5.6.12" VPOS="972" WIDTH="12"/>
            <String CONTENT="or" HEIGHT="24" HPOS="927" ID="ST_593.5.6.13" STYLEREFS="Style_3" VPOS="972" WIDTH="38" WC="1.00" CC="00" TAGREFS=""/>
            <SP HPOS="965" ID="SP_593.5.6.14" VPOS="961" WIDTH="11"/>
            <String CONTENT="issue," HEIGHT="41" HPOS="976" ID="ST_593.5.6.15" STYLEREFS="Style_3" VPOS="961" WIDTH="101" WC="0.88" CC="000000" TAGREFS=""/>
            <SP HPOS="1077" ID="SP_593.5.6.16" VPOS="961" WIDTH="12"/>
            <String CONTENT="and" HEIGHT="35" HPOS="1089" ID="ST_593.5.6.17" STYLEREFS="Style_3" VPOS="961" WIDTH="69" WC="0.85" CC="000" TAGREFS=""/>
            <SP HPOS="1158" ID="SP_593.5.6.18" VPOS="962" WIDTH="12"/>
            <String CONTENT="such" HEIGHT="34" HPOS="1170" ID="ST_593.5.6.19" STYLEREFS="Style_3" VPOS="962" WIDTH="84" WC="0.90" CC="0000" TAGREFS=""/>
            <SP HPOS="1254" ID="SP_593.5.6.20" VPOS="961" WIDTH="11"/>
            <String CONTENT="child" HEIGHT="35" HPOS="1265" ID="ST_593.5.6.21" STYLEREFS="Style_3" VPOS="961" WIDTH="92" WC="0.83" CC="00000" TAGREFS=""/>
          </TextLine>
          <TextLine HEIGHT="36" HPOS="268" ID="TL_593.5.7" VPOS="1010" WIDTH="1090">
            <String CONTENT="or" HEIGHT="23" HPOS="268" ID="ST_593.5.7.1" STYLEREFS="Style_3" VPOS="1021" WIDTH="38" WC="0.93" CC="00" TAGREFS=""/>
            <SP HPOS="306" ID="SP_593.5.7.2" VPOS="1010" WIDTH="18"/>
            <String CONTENT="issue" HEIGHT="35" HPOS="324" ID="ST_593.5.7.3" STYLEREFS="Style_3" VPOS="1010" WIDTH="91" WC="0.64" CC="00000" TAGREFS=""/>
            <SP HPOS="415" ID="SP_593.5.7.4" VPOS="1010" WIDTH="16"/>
            <String CONTENT="shall" HEIGHT="35" HPOS="431" ID="ST_593.5.7.5" STYLEREFS="Style_3" VPOS="1010" WIDTH="88" WC="0.77" CC="00000" TAGREFS=""/>
            <SP HPOS="519" ID="SP_593.5.7.6" VPOS="1010" WIDTH="18"/>
            <String CONTENT="be" HEIGHT="35" HPOS="537" ID="ST_593.5.7.7" STYLEREFS="Style_3" VPOS="1010" WIDTH="44" WC="0.56" CC="00" TAGREFS=""/>
            <SP HPOS="581" ID="SP_593.5.7.8" VPOS="1010" WIDTH="17"/>
            <String CONTENT="entitled" HEIGHT="35" HPOS="598" ID="ST_593.5.7.9" STYLEREFS="Style_3" VPOS="1010" WIDTH="145" WC="0.51" CC="00000000" TAGREFS=""/>
            <SP HPOS="743" ID="SP_593.5.7.10" VPOS="1016" WIDTH="17"/>
            <String CONTENT="to" HEIGHT="29" HPOS="760" ID="ST_593.5.7.11" STYLEREFS="Style_3" VPOS="1016" WIDTH="36" WC="0.48" CC="00" TAGREFS=""/>
            <SP HPOS="796" ID="SP_593.5.7.12" VPOS="1021" WIDTH="17"/>
            <String CONTENT="recover" HEIGHT="25" HPOS="813" ID="ST_593.5.7.13" STYLEREFS="Style_3" VPOS="1021" WIDTH="137" WC="0.61" CC="0000000" TAGREFS=""/>
            <SP HPOS="950" ID="SP_593.5.7.14" VPOS="1011" WIDTH="19"/>
            <String CONTENT="from" HEIGHT="35" HPOS="969" ID="ST_593.5.7.15" STYLEREFS="Style_3" VPOS="1011" WIDTH="91" WC="0.80" CC="0000" TAGREFS=""/>
            <SP HPOS="1060" ID="SP_593.5.7.16" VPOS="1011" WIDTH="17"/>
            <String CONTENT="the" HEIGHT="35" HPOS="1077" ID="ST_593.5.7.17" STYLEREFS="Style_3" VPOS="1011" WIDTH="60" WC="0.90" CC="000" TAGREFS=""/>
            <SP HPOS="1137" ID="SP_593.5.7.18" VPOS="1011" WIDTH="17"/>
            <String CONTENT="devisees" HEIGHT="35" HPOS="1154" ID="ST_593.5.7.19" STYLEREFS="Style_3" VPOS="1011" WIDTH="151" WC="0.79" CC="00000000" TAGREFS=""/>
            <SP HPOS="1305" ID="SP_593.5.7.20" VPOS="1012" WIDTH="18"/>
            <String CONTENT="in" HEIGHT="34" HPOS="1323" ID="ST_593.5.7.21" STYLEREFS="Style_3" VPOS="1012" WIDTH="35" WC="0.47" CC="00" TAGREFS=""/>
          </TextLine>
          <TextLine HEIGHT="46" HPOS="269" ID="TL_593.5.8" VPOS="1059" WIDTH="1089">
            <String CONTENT="proportion" HEIGHT="44" HPOS="269" ID="ST_593.5.8.1" STYLEREFS="Style_3" VPOS="1059" WIDTH="197" WC="0.98" CC="0000000000" TAGREFS=""/>
            <SP HPOS="466" ID="SP_593.5.8.2" VPOS="1065" WIDTH="15"/>
            <String CONTENT="to" HEIGHT="30" HPOS="481" ID="ST_593.5.8.3" STYLEREFS="Style_3" VPOS="1065" WIDTH="35" WC="1.00" CC="00" TAGREFS=""/>
            <SP HPOS="516" ID="SP_593.5.8.4" VPOS="1060" WIDTH="15"/>
            <String CONTENT="the" HEIGHT="35" HPOS="531" ID="ST_593.5.8.5" STYLEREFS="Style_3" VPOS="1060" WIDTH="60" WC="1.00" CC="000" TAGREFS=""/>
            <SP HPOS="591" ID="SP_593.5.8.6" VPOS="1065" WIDTH="14"/>
            <String CONTENT="amounts" HEIGHT="30" HPOS="605" ID="ST_593.5.8.7" STYLEREFS="Style_3" VPOS="1065" WIDTH="161" WC="0.91" CC="0000000" TAGREFS=""/>
            <SP HPOS="766" ID="SP_593.5.8.8" VPOS="1061" WIDTH="15"/>
            <String CONTENT="of" HEIGHT="34" HPOS="781" ID="ST_593.5.8.9" STYLEREFS="Style_3" VPOS="1061" WIDTH="39" WC="1.00" CC="00" TAGREFS=""/>
            <SP HPOS="820" ID="SP_593.5.8.10" VPOS="1060" WIDTH="11"/>
            <String CONTENT="their" HEIGHT="35" HPOS="831" ID="ST_593.5.8.11" STYLEREFS="Style_3" VPOS="1060" WIDTH="89" WC="0.88" CC="00000" TAGREFS=""/>
            <SP HPOS="920" ID="SP_593.5.8.12" VPOS="1061" WIDTH="15"/>
            <String CONTENT="respective" HEIGHT="44" HPOS="935" ID="ST_593.5.8.13" STYLEREFS="Style_3" VPOS="1061" WIDTH="189" WC="0.99" CC="0000000000" TAGREFS=""/>
            <SP HPOS="1124" ID="SP_593.5.8.14" VPOS="1061" WIDTH="14"/>
            <String CONTENT="shares," HEIGHT="42" HPOS="1138" ID="ST_593.5.8.15" STYLEREFS="Style_3" VPOS="1061" WIDTH="128" WC="0.91" CC="0000000" TAGREFS=""/>
            <SP HPOS="1266" ID="SP_593.5.8.16" VPOS="1061" WIDTH="16"/>
            <String CONTENT="that" HEIGHT="35" HPOS="1282" ID="ST_593.5.8.17" STYLEREFS="Style_3" VPOS="1061" WIDTH="76" WC="0.96" CC="0000" TAGREFS=""/>
          </TextLine>
          <TextLine HEIGHT="46" HPOS="268" ID="TL_593.5.9" VPOS="1109" WIDTH="1090">
            <String CONTENT="portion" HEIGHT="43" HPOS="268" ID="ST_593.5.9.1" STYLEREFS="Style_3" VPOS="1110" WIDTH="136" WC="0.77" CC="0000000" TAGREFS=""/>
            <SP HPOS="404" ID="SP_593.5.9.2" VPOS="1109" WIDTH="9"/>
            <String CONTENT="of" HEIGHT="35" HPOS="413" ID="ST_593.5.9.3" STYLEREFS="Style_3" VPOS="1109" WIDTH="39" WC="0.83" CC="00" TAGREFS=""/>
            <SP HPOS="452" ID="SP_593.5.9.4" VPOS="1110" WIDTH="8"/>
            <String CONTENT="the" HEIGHT="34" HPOS="460" ID="ST_593.5.9.5" STYLEREFS="Style_3" VPOS="1110" WIDTH="59" WC="1.00" CC="000" TAGREFS=""/>
            <SP HPOS="519" ID="SP_593.5.9.6" VPOS="1115" WIDTH="10"/>
            <String CONTENT="estate" HEIGHT="30" HPOS="529" ID="ST_593.5.9.7" STYLEREFS="Style_3" VPOS="1115" WIDTH="111" WC="0.99" CC="000000" TAGREFS=""/>
            <SP HPOS="640" ID="SP_593.5.9.8" VPOS="1110" WIDTH="10"/>
            <String CONTENT="which" HEIGHT="35" HPOS="650" ID="ST_593.5.9.9" STYLEREFS="Style_3" VPOS="1110" WIDTH="113" WC="0.88" CC="00000" TAGREFS=""/>
            <SP HPOS="763" ID="SP_593.5.9.10" VPOS="1111" WIDTH="11"/>
            <String CONTENT="he" HEIGHT="34" HPOS="774" ID="ST_593.5.9.11" STYLEREFS="Style_3" VPOS="1111" WIDTH="43" WC="0.72" CC="00" TAGREFS=""/>
            <SP HPOS="817" ID="SP_593.5.9.12" VPOS="1120" WIDTH="9"/>
            <String CONTENT="or" HEIGHT="25" HPOS="826" ID="ST_593.5.9.13" STYLEREFS="Style_3" VPOS="1120" WIDTH="38" WC="0.65" CC="00" TAGREFS=""/>
            <SP HPOS="864" ID="SP_593.5.9.14" VPOS="1111" WIDTH="10"/>
            <String CONTENT="they" HEIGHT="44" HPOS="874" ID="ST_593.5.9.15" STYLEREFS="Style_3" VPOS="1111" WIDTH="82" WC="0.88" CC="0000" TAGREFS=""/>
            <SP HPOS="956" ID="SP_593.5.9.16" VPOS="1110" WIDTH="10"/>
            <String CONTENT="would" HEIGHT="36" HPOS="966" ID="ST_593.5.9.17" STYLEREFS="Style_3" VPOS="1110" WIDTH="115" WC="0.52" CC="00000" TAGREFS=""/>
            <SP HPOS="1081" ID="SP_593.5.9.18" VPOS="1111" WIDTH="10"/>
            <String CONTENT="have" HEIGHT="35" HPOS="1091" ID="ST_593.5.9.19" STYLEREFS="Style_3" VPOS="1111" WIDTH="88" WC="0.81" CC="0000" TAGREFS=""/>
            <SP HPOS="1179" ID="SP_593.5.9.20" VPOS="1111" WIDTH="9"/>
            <String CONTENT="inherited" HEIGHT="35" HPOS="1188" ID="ST_593.5.9.21" STYLEREFS="Style_3" VPOS="1111" WIDTH="170" WC="0.65" CC="000000000" TAGREFS=""/>
          </TextLine>
          <TextLine HEIGHT="36" HPOS="269" ID="TL_593.5.10" VPOS="1159" WIDTH="456">
            <String CONTENT="had" HEIGHT="35" HPOS="269" ID="ST_593.5.10.1" STYLEREFS="Style_3" VPOS="1159" WIDTH="69" WC="0.92" CC="000" TAGREFS=""/>
            <SP HPOS="338" ID="SP_593.5.10.2" VPOS="1160" WIDTH="20"/>
            <String CONTENT="there" HEIGHT="34" HPOS="358" ID="ST_593.5.10.3" STYLEREFS="Style_3" VPOS="1160" WIDTH="97" WC="0.84" CC="00000" TAGREFS=""/>
            <SP HPOS="455" ID="SP_593.5.10.4" VPOS="1160" WIDTH="20"/>
            <String CONTENT="been" HEIGHT="34" HPOS="475" ID="ST_593.5.10.5" STYLEREFS="Style_3" VPOS="1160" WIDTH="86" WC="1.00" CC="0000" TAGREFS=""/>
            <SP HPOS="561" ID="SP_593.5.10.6" VPOS="1171" WIDTH="21"/>
            <String CONTENT="no" HEIGHT="23" HPOS="582" ID="ST_593.5.10.7" STYLEREFS="Style_3" VPOS="1171" WIDTH="44" WC="0.84" CC="00" TAGREFS=""/>
            <SP HPOS="626" ID="SP_593.5.10.8" VPOS="1160" WIDTH="20"/>
            <String CONTENT="will." HEIGHT="35" HPOS="646" ID="ST_593.5.10.9" STYLEREFS="Style_3" VPOS="1160" WIDTH="79" WC="0.91" CC="00000" TAGREFS=""/>
          </TextLine>
        </TextBlock>
        <TextBlock HEIGHT="393.0" HPOS="143.0" ID="BL_593.6" TAGREFS="b593-8" VPOS="1235.0" WIDTH="1217.0">
          <TextLine HEIGHT="45" HPOS="236" ID="TL_593.6.1" VPOS="1235" WIDTH="1124">
            <String CONTENT="The" HEIGHT="35" HPOS="328" ID="ST_593.6.1.3" STYLEREFS="Style_3" VPOS="1235" WIDTH="75" WC="0.96" CC="000" TAGREFS=""/>
            <SP HPOS="403" ID="SP_593.6.1.4" VPOS="1240" WIDTH="13"/>
            <String CONTENT="estate" HEIGHT="30" HPOS="416" ID="ST_593.6.1.5" STYLEREFS="Style_3" VPOS="1240" WIDTH="110" WC="0.90" CC="000000" TAGREFS=""/>
            <SP HPOS="526" ID="SP_593.6.1.6" VPOS="1236" WIDTH="12"/>
            <String CONTENT="claims" HEIGHT="34" HPOS="538" ID="ST_593.6.1.7" STYLEREFS="Style_3" VPOS="1236" WIDTH="122" WC="0.88" CC="000000" TAGREFS=""/>
            <SP HPOS="660" ID="SP_593.6.1.8" VPOS="1236" WIDTH="14"/>
            <String CONTENT="the" HEIGHT="35" HPOS="674" ID="ST_593.6.1.9" STYLEREFS="Style_3" VPOS="1236" WIDTH="60" WC="0.93" CC="000" TAGREFS=""/>
            <SP HPOS="734" ID="SP_593.6.1.10" VPOS="1236" WIDTH="12"/>
            <String CONTENT="appellees’" HEIGHT="44" HPOS="746" ID="ST_593.6.1.11" STYLEREFS="Style_3" VPOS="1236" WIDTH="182" WC="0.85" CC="0000000009" TAGREFS=""/>
            <SP HPOS="928" ID="SP_593.6.1.12" VPOS="1236" WIDTH="15"/>
            <String CONTENT="fathers" HEIGHT="35" HPOS="943" ID="ST_593.6.1.13" STYLEREFS="Style_3" VPOS="1236" WIDTH="132" WC="0.86" CC="0000000" TAGREFS=""/>
            <SP HPOS="1075" ID="SP_593.6.1.14" VPOS="1248" WIDTH="14"/>
            <String CONTENT="are" HEIGHT="24" HPOS="1089" ID="ST_593.6.1.15" STYLEREFS="Style_3" VPOS="1248" WIDTH="60" WC="1.00" CC="000" TAGREFS=""/>
            <SP HPOS="1149" ID="SP_593.6.1.16" VPOS="1242" WIDTH="12"/>
            <String CONTENT="part" HEIGHT="38" HPOS="1161" ID="ST_593.6.1.17" STYLEREFS="Style_3" VPOS="1242" WIDTH="78" WC="1.00" CC="0000" TAGREFS=""/>
            <SP HPOS="1239" ID="SP_593.6.1.18" VPOS="1236" WIDTH="13"/>
            <String CONTENT="of" HEIGHT="36" HPOS="1252" ID="ST_593.6.1.19" STYLEREFS="Style_3" VPOS="1236" WIDTH="38" WC="0.76" CC="00" TAGREFS=""/>
            <SP HPOS="1290" ID="SP_593.6.1.20" VPOS="1237" WIDTH="11"/>
            <String CONTENT="the" HEIGHT="35" HPOS="1301" ID="ST_593.6.1.21" STYLEREFS="Style_3" VPOS="1237" WIDTH="59" WC="0.86" CC="000" TAGREFS=""/>
          </TextLine>
          <TextLine HEIGHT="44" HPOS="143" ID="TL_593.6.2" VPOS="1285" WIDTH="1214">
            <String CONTENT="class" HEIGHT="34" HPOS="143" ID="ST_593.6.2.1" STYLEREFS="Style_3" VPOS="1285" WIDTH="90" WC="0.90" CC="00000" TAGREFS=""/>
            <SP HPOS="233" ID="SP_593.6.2.2" VPOS="1285" WIDTH="19"/>
            <String CONTENT="of" HEIGHT="34" HPOS="252" ID="ST_593.6.2.3" STYLEREFS="Style_3" VPOS="1285" WIDTH="40" WC="1.00" CC="00" TAGREFS=""/>
            <SP HPOS="292" ID="SP_593.6.2.4" VPOS="1285" WIDTH="16"/>
            <String CONTENT="“my" HEIGHT="44" HPOS="308" ID="ST_593.6.2.5" STYLEREFS="Style_3" VPOS="1285" WIDTH="81" WC="0.57" CC="900" TAGREFS=""/>
            <SP HPOS="389" ID="SP_593.6.2.6" VPOS="1285" WIDTH="19"/>
            <String CONTENT="children”" HEIGHT="36" HPOS="408" ID="ST_593.6.2.7" STYLEREFS="Style_3" VPOS="1285" WIDTH="177" WC="0.83" CC="000000009" TAGREFS=""/>
            <SP HPOS="585" ID="SP_593.6.2.8" VPOS="1286" WIDTH="21"/>
            <String CONTENT="in" HEIGHT="34" HPOS="606" ID="ST_593.6.2.9" STYLEREFS="Style_3" VPOS="1286" WIDTH="34" WC="0.69" CC="00" TAGREFS=""/>
            <SP HPOS="640" ID="SP_593.6.2.10" VPOS="1286" WIDTH="20"/>
            <String CONTENT="the" HEIGHT="34" HPOS="660" ID="ST_593.6.2.11" STYLEREFS="Style_3" VPOS="1286" WIDTH="60" WC="1.00" CC="000" TAGREFS=""/>
            <SP HPOS="720" ID="SP_593.6.2.12" VPOS="1286" WIDTH="18"/>
            <String CONTENT="last" HEIGHT="35" HPOS="738" ID="ST_593.6.2.13" STYLEREFS="Style_3" VPOS="1286" WIDTH="66" WC="0.91" CC="0000" TAGREFS=""/>
            <SP HPOS="804" ID="SP_593.6.2.14" VPOS="1291" WIDTH="19"/>
            <String CONTENT="sentence" HEIGHT="30" HPOS="823" ID="ST_593.6.2.15" STYLEREFS="Style_3" VPOS="1291" WIDTH="162" WC="0.96" CC="00000000" TAGREFS=""/>
            <SP HPOS="985" ID="SP_593.6.2.16" VPOS="1287" WIDTH="18"/>
            <String CONTENT="of" HEIGHT="34" HPOS="1003" ID="ST_593.6.2.17" STYLEREFS="Style_3" VPOS="1287" WIDTH="40" WC="0.92" CC="00" TAGREFS=""/>
            <SP HPOS="1043" ID="SP_593.6.2.18" VPOS="1287" WIDTH="15"/>
            <String CONTENT="the" HEIGHT="34" HPOS="1058" ID="ST_593.6.2.19" STYLEREFS="Style_3" VPOS="1287" WIDTH="60" WC="0.98" CC="000" TAGREFS=""/>
            <SP HPOS="1118" ID="SP_593.6.2.20" VPOS="1287" WIDTH="18"/>
            <String CONTENT="codicil" HEIGHT="35" HPOS="1136" ID="ST_593.6.2.21" STYLEREFS="Style_3" VPOS="1287" WIDTH="122" WC="1.00" CC="0000000" TAGREFS=""/>
            <SP HPOS="1258" ID="SP_593.6.2.22" VPOS="1287" WIDTH="20"/>
            <String CONTENT="and," HEIGHT="42" HPOS="1278" ID="ST_593.6.2.23" STYLEREFS="Style_3" VPOS="1287" WIDTH="79" WC="0.68" CC="0000" TAGREFS=""/>
          </TextLine>
          <TextLine HEIGHT="45" HPOS="143" ID="TL_593.6.3" VPOS="1334" WIDTH="1216">
            <String CONTENT="therefore," HEIGHT="41" HPOS="143" ID="ST_593.6.3.1" STYLEREFS="Style_3" VPOS="1334" WIDTH="186" WC="0.76" CC="0000000000" TAGREFS=""/>
            <SP HPOS="329" ID="SP_593.6.3.2" VPOS="1346" WIDTH="13"/>
            <String CONTENT="were" HEIGHT="23" HPOS="342" ID="ST_593.6.3.3" STYLEREFS="Style_3" VPOS="1346" WIDTH="90" WC="0.69" CC="0000" TAGREFS=""/>
            <SP HPOS="432" ID="SP_593.6.3.4" VPOS="1340" WIDTH="13"/>
            <String CONTENT="not" HEIGHT="30" HPOS="445" ID="ST_593.6.3.5" STYLEREFS="Style_3" VPOS="1340" WIDTH="60" WC="0.81" CC="000" TAGREFS=""/>
            <SP HPOS="505" ID="SP_593.6.3.6" VPOS="1335" WIDTH="13"/>
            <String CONTENT="omitted" HEIGHT="36" HPOS="518" ID="ST_593.6.3.7" STYLEREFS="Style_3" VPOS="1335" WIDTH="146" WC="0.74" CC="0000000" TAGREFS=""/>
            <SP HPOS="664" ID="SP_593.6.3.8" VPOS="1335" WIDTH="15"/>
            <String CONTENT="from" HEIGHT="35" HPOS="679" ID="ST_593.6.3.9" STYLEREFS="Style_3" VPOS="1335" WIDTH="90" WC="0.88" CC="0000" TAGREFS=""/>
            <SP HPOS="769" ID="SP_593.6.3.10" VPOS="1336" WIDTH="13"/>
            <String CONTENT="the" HEIGHT="35" HPOS="782" ID="ST_593.6.3.11" STYLEREFS="Style_3" VPOS="1336" WIDTH="60" WC="0.63" CC="000" TAGREFS=""/>
            <SP HPOS="842" ID="SP_593.6.3.12" VPOS="1336" WIDTH="12"/>
            <String CONTENT="will." HEIGHT="35" HPOS="854" ID="ST_593.6.3.13" STYLEREFS="Style_3" VPOS="1336" WIDTH="79" WC="0.82" CC="00000" TAGREFS=""/>
            <SP HPOS="933" ID="SP_593.6.3.14" VPOS="1337" WIDTH="16"/>
            <String CONTENT="As" HEIGHT="34" HPOS="949" ID="ST_593.6.3.15" STYLEREFS="Style_3" VPOS="1337" WIDTH="50" WC="0.71" CC="00" TAGREFS=""/>
            <SP HPOS="999" ID="SP_593.6.3.16" VPOS="1348" WIDTH="15"/>
            <String CONTENT="a" HEIGHT="23" HPOS="1014" ID="ST_593.6.3.17" STYLEREFS="Style_3" VPOS="1348" WIDTH="20" WC="1.00" CC="0" TAGREFS=""/>
            <SP HPOS="1034" ID="SP_593.6.3.18" VPOS="1337" WIDTH="13"/>
            <String CONTENT="general" HEIGHT="42" HPOS="1047" ID="ST_593.6.3.19" STYLEREFS="Style_3" VPOS="1337" WIDTH="141" WC="0.88" CC="0000000" TAGREFS=""/>
            <SP HPOS="1188" ID="SP_593.6.3.20" VPOS="1338" WIDTH="14"/>
            <String CONTENT="rule," HEIGHT="40" HPOS="1202" ID="ST_593.6.3.21" STYLEREFS="Style_3" VPOS="1338" WIDTH="84" WC="0.86" CC="00000" TAGREFS=""/>
            <SP HPOS="1286" ID="SP_593.6.3.22" VPOS="1338" WIDTH="14"/>
            <String CONTENT="the" HEIGHT="34" HPOS="1300" ID="ST_593.6.3.23" STYLEREFS="Style_3" VPOS="1338" WIDTH="59" WC="0.88" CC="000" TAGREFS=""/>
          </TextLine>
          <TextLine HEIGHT="45" HPOS="143" ID="TL_593.6.4" VPOS="1385" WIDTH="1214">
            <String CONTENT="testator’s" HEIGHT="34" HPOS="143" ID="ST_593.6.4.1" STYLEREFS="Style_3" VPOS="1385" WIDTH="175" WC="0.98" CC="0000000000" TAGREFS=""/>
            <SP HPOS="318" ID="SP_593.6.4.2" VPOS="1396" WIDTH="22"/>
            <String CONTENT="use" HEIGHT="24" HPOS="340" ID="ST_593.6.4.3" STYLEREFS="Style_3" VPOS="1396" WIDTH="60" WC="0.99" CC="000" TAGREFS=""/>
            <SP HPOS="400" ID="SP_593.6.4.4" VPOS="1385" WIDTH="20"/>
            <String CONTENT="of" HEIGHT="34" HPOS="420" ID="ST_593.6.4.5" STYLEREFS="Style_3" VPOS="1385" WIDTH="39" WC="0.96" CC="00" TAGREFS=""/>
            <SP HPOS="459" ID="SP_593.6.4.6" VPOS="1396" WIDTH="18"/>
            <String CONTENT="a" HEIGHT="24" HPOS="477" ID="ST_593.6.4.7" STYLEREFS="Style_3" VPOS="1396" WIDTH="20" WC="1.00" CC="0" TAGREFS=""/>
            <SP HPOS="497" ID="SP_593.6.4.8" VPOS="1385" WIDTH="21"/>
            <String CONTENT="word" HEIGHT="35" HPOS="518" ID="ST_593.6.4.9" STYLEREFS="Style_3" VPOS="1385" WIDTH="94" WC="0.94" CC="0000" TAGREFS=""/>
            <SP HPOS="612" ID="SP_593.6.4.10" VPOS="1386" WIDTH="21"/>
            <String CONTENT="which" HEIGHT="34" HPOS="633" ID="ST_593.6.4.11" STYLEREFS="Style_3" VPOS="1386" WIDTH="113" WC="0.88" CC="00000" TAGREFS=""/>
            <SP HPOS="746" ID="SP_593.6.4.12" VPOS="1386" WIDTH="21"/>
            <String CONTENT="describes" HEIGHT="35" HPOS="767" ID="ST_593.6.4.13" STYLEREFS="Style_3" VPOS="1386" WIDTH="172" WC="0.97" CC="000000000" TAGREFS=""/>
            <SP HPOS="939" ID="SP_593.6.4.14" VPOS="1397" WIDTH="22"/>
            <String CONTENT="a" HEIGHT="23" HPOS="961" ID="ST_593.6.4.15" STYLEREFS="Style_3" VPOS="1397" WIDTH="20" WC="1.00" CC="0" TAGREFS=""/>
            <SP HPOS="981" ID="SP_593.6.4.16" VPOS="1387" WIDTH="22"/>
            <String CONTENT="class" HEIGHT="34" HPOS="1003" ID="ST_593.6.4.17" STYLEREFS="Style_3" VPOS="1387" WIDTH="88" WC="0.89" CC="00000" TAGREFS=""/>
            <SP HPOS="1091" ID="SP_593.6.4.18" VPOS="1387" WIDTH="22"/>
            <String CONTENT="of" HEIGHT="34" HPOS="1113" ID="ST_593.6.4.19" STYLEREFS="Style_3" VPOS="1387" WIDTH="39" WC="1.00" CC="00" TAGREFS=""/>
            <SP HPOS="1152" ID="SP_593.6.4.20" VPOS="1397" WIDTH="18"/>
            <String CONTENT="persons" HEIGHT="33" HPOS="1170" ID="ST_593.6.4.21" STYLEREFS="Style_3" VPOS="1397" WIDTH="139" WC="0.90" CC="0000000" TAGREFS=""/>
            <SP HPOS="1309" ID="SP_593.6.4.22" VPOS="1387" WIDTH="21"/>
            <String CONTENT="is" HEIGHT="35" HPOS="1330" ID="ST_593.6.4.23" STYLEREFS="Style_3" VPOS="1387" WIDTH="27" WC="1.00" CC="00" TAGREFS=""/>
          </TextLine>
          <TextLine HEIGHT="37" HPOS="143" ID="TL_593.6.5" VPOS="1434" WIDTH="1216">
            <String CONTENT="considered" HEIGHT="35" HPOS="143" ID="ST_593.6.5.1" STYLEREFS="Style_3" VPOS="1434" WIDTH="203" WC="0.68" CC="0000000000" TAGREFS=""/>
            <SP HPOS="346" ID="SP_593.6.5.2" VPOS="1440" WIDTH="27"/>
            <String CONTENT="to" HEIGHT="29" HPOS="373" ID="ST_593.6.5.3" STYLEREFS="Style_3" VPOS="1440" WIDTH="36" WC="0.88" CC="00" TAGREFS=""/>
            <SP HPOS="409" ID="SP_593.6.5.4" VPOS="1435" WIDTH="26"/>
            <String CONTENT="be" HEIGHT="35" HPOS="435" ID="ST_593.6.5.5" STYLEREFS="Style_3" VPOS="1435" WIDTH="44" WC="0.67" CC="00" TAGREFS=""/>
            <SP HPOS="479" ID="SP_593.6.5.6" VPOS="1435" WIDTH="26"/>
            <String CONTENT="sufficient" HEIGHT="35" HPOS="505" ID="ST_593.6.5.7" STYLEREFS="Style_3" VPOS="1435" WIDTH="172" WC="0.72" CC="0000000000" TAGREFS=""/>
            <SP HPOS="677" ID="SP_593.6.5.8" VPOS="1435" WIDTH="27"/>
            <String CONTENT="identification" HEIGHT="35" HPOS="704" ID="ST_593.6.5.9" STYLEREFS="Style_3" VPOS="1435" WIDTH="250" WC="0.72" CC="00000000000000" TAGREFS=""/>
            <SP HPOS="954" ID="SP_593.6.5.10" VPOS="1436" WIDTH="26"/>
            <String CONTENT="of" HEIGHT="34" HPOS="980" ID="ST_593.6.5.11" STYLEREFS="Style_3" VPOS="1436" WIDTH="40" WC="1.00" CC="00" TAGREFS=""/>
            <SP HPOS="1020" ID="SP_593.6.5.12" VPOS="1436" WIDTH="23"/>
            <String CONTENT="the" HEIGHT="35" HPOS="1043" ID="ST_593.6.5.13" STYLEREFS="Style_3" VPOS="1436" WIDTH="61" WC="0.54" CC="000" TAGREFS=""/>
            <SP HPOS="1104" ID="SP_593.6.5.14" VPOS="1437" WIDTH="26"/>
            <String CONTENT="claimant" HEIGHT="34" HPOS="1130" ID="ST_593.6.5.15" STYLEREFS="Style_3" VPOS="1437" WIDTH="167" WC="0.62" CC="00000000" TAGREFS=""/>
            <SP HPOS="1297" ID="SP_593.6.5.16" VPOS="1442" WIDTH="25"/>
            <String CONTENT="to" HEIGHT="29" HPOS="1322" ID="ST_593.6.5.17" STYLEREFS="Style_3" VPOS="1442" WIDTH="37" WC="1.00" CC="00" TAGREFS=""/>
          </TextLine>
          <TextLine HEIGHT="46" HPOS="144" ID="TL_593.6.6" VPOS="1484" WIDTH="1213">
            <String CONTENT="preclude" HEIGHT="44" HPOS="144" ID="ST_593.6.6.1" STYLEREFS="Style_3" VPOS="1484" WIDTH="164" WC="0.92" CC="00000000" TAGREFS=""/>
            <SP HPOS="308" ID="SP_593.6.6.2" VPOS="1485" WIDTH="11"/>
            <String CONTENT="the" HEIGHT="34" HPOS="319" ID="ST_593.6.6.3" STYLEREFS="Style_3" VPOS="1485" WIDTH="59" WC="0.87" CC="000" TAGREFS=""/>
            <SP HPOS="378" ID="SP_593.6.6.4" VPOS="1485" WIDTH="11"/>
            <String CONTENT="application" HEIGHT="43" HPOS="389" ID="ST_593.6.6.5" STYLEREFS="Style_3" VPOS="1485" WIDTH="210" WC="0.99" CC="00000000000" TAGREFS=""/>
            <SP HPOS="599" ID="SP_593.6.6.6" VPOS="1485" WIDTH="11"/>
            <String CONTENT="of" HEIGHT="35" HPOS="610" ID="ST_593.6.6.7" STYLEREFS="Style_3" VPOS="1485" WIDTH="40" WC="1.00" CC="00" TAGREFS=""/>
            <SP HPOS="650" ID="SP_593.6.6.8" VPOS="1485" WIDTH="8"/>
            <String CONTENT="the" HEIGHT="35" HPOS="658" ID="ST_593.6.6.9" STYLEREFS="Style_3" VPOS="1485" WIDTH="60" WC="0.91" CC="000" TAGREFS=""/>
            <SP HPOS="718" ID="SP_593.6.6.10" VPOS="1485" WIDTH="11"/>
            <String CONTENT="pretermitted" HEIGHT="45" HPOS="729" ID="ST_593.6.6.11" STYLEREFS="Style_3" VPOS="1485" WIDTH="238" WC="0.97" CC="000000000000" TAGREFS=""/>
            <SP HPOS="967" ID="SP_593.6.6.12" VPOS="1486" WIDTH="12"/>
            <String CONTENT="heir" HEIGHT="34" HPOS="979" ID="ST_593.6.6.13" STYLEREFS="Style_3" VPOS="1486" WIDTH="74" WC="1.00" CC="0000" TAGREFS=""/>
            <SP HPOS="1053" ID="SP_593.6.6.14" VPOS="1491" WIDTH="11"/>
            <String CONTENT="statute." HEIGHT="30" HPOS="1064" ID="ST_593.6.6.15" STYLEREFS="Style_3" VPOS="1491" WIDTH="140" WC="0.96" CC="00000000" TAGREFS=""/>
            <SP HPOS="1204" ID="SP_593.6.6.16" VPOS="1487" WIDTH="12"/>
            <String CONTENT="Annot.," HEIGHT="40" HPOS="1216" ID="ST_593.6.6.17" STYLEREFS="Style_3" VPOS="1487" WIDTH="141" WC="0.88" CC="0000099" TAGREFS=""/>
          </TextLine>
          <TextLine HEIGHT="43" HPOS="148" ID="TL_593.6.7" VPOS="1535" WIDTH="1209">
            <String CONTENT="152" HEIGHT="34" HPOS="148" ID="ST_593.6.7.1" STYLEREFS="Style_3" VPOS="1535" WIDTH="65" WC="0.85" CC="000" TAGREFS=""/>
            <SP HPOS="213" ID="SP_593.6.7.2" VPOS="1535" WIDTH="22"/>
            <String CONTENT="A.L.R." HEIGHT="34" HPOS="235" ID="ST_593.6.7.3" STYLEREFS="Style_3" VPOS="1535" WIDTH="133" WC="0.81" CC="000000" TAGREFS=""/>
            <SP HPOS="368" ID="SP_593.6.7.4" VPOS="1536" WIDTH="24"/>
            <String CONTENT="723" HEIGHT="33" HPOS="392" ID="ST_593.6.7.5" STYLEREFS="Style_3" VPOS="1536" WIDTH="66" WC="0.66" CC="000" TAGREFS=""/>
            <SP HPOS="458" ID="SP_593.6.7.6" VPOS="1535" WIDTH="26"/>
            <String CONTENT="(1944);" HEIGHT="43" HPOS="484" ID="ST_593.6.7.7" STYLEREFS="Style_3" VPOS="1535" WIDTH="140" WC="0.78" CC="0000000" TAGREFS=""/>
            <SP HPOS="624" ID="SP_593.6.7.8" VPOS="1537" WIDTH="26"/>
            <String CONTENT="Yeates" HEIGHT="33" HPOS="650" ID="ST_593.6.7.9" STYLEREFS="Style_4" VPOS="1537" WIDTH="124" WC="0.75" CC="000000" TAGREFS=""/>
            <SP HPOS="774" ID="SP_593.6.7.10" VPOS="1547" WIDTH="20"/>
            <String CONTENT="v." HEIGHT="23" HPOS="794" ID="ST_593.6.7.11" STYLEREFS="Style_3" VPOS="1547" WIDTH="32" WC="0.53" CC="00" TAGREFS=""/>
            <SP HPOS="826" ID="SP_593.6.7.12" VPOS="1537" WIDTH="26"/>
            <String CONTENT="Yeates," HEIGHT="39" HPOS="852" ID="ST_593.6.7.13" STYLEREFS="Style_4" VPOS="1537" WIDTH="135" WC="0.70" CC="0000000" TAGREFS=""/>
            <SP HPOS="987" ID="SP_593.6.7.14" VPOS="1536" WIDTH="27"/>
            <String CONTENT="179" HEIGHT="34" HPOS="1014" ID="ST_593.6.7.15" STYLEREFS="Style_3" VPOS="1536" WIDTH="64" WC="0.95" CC="000" TAGREFS=""/>
            <SP HPOS="1078" ID="SP_593.6.7.16" VPOS="1536" WIDTH="24"/>
            <String CONTENT="Ark." HEIGHT="35" HPOS="1102" ID="ST_593.6.7.17" STYLEREFS="Style_3" VPOS="1536" WIDTH="85" WC="0.58" CC="0000" TAGREFS=""/>
            <SP HPOS="1187" ID="SP_593.6.7.18" VPOS="1537" WIDTH="26"/>
            <String CONTENT="543," HEIGHT="40" HPOS="1213" ID="ST_593.6.7.19" STYLEREFS="Style_3" VPOS="1537" WIDTH="77" WC="0.69" CC="0000" TAGREFS=""/>
            <SP HPOS="1290" ID="SP_593.6.7.20" VPOS="1538" WIDTH="27"/>
            <String CONTENT="16" HEIGHT="33" HPOS="1317" ID="ST_593.6.7.21" STYLEREFS="Style_3" VPOS="1538" WIDTH="40" WC="0.84" CC="00" TAGREFS=""/>
          </TextLine>
          <TextLine HEIGHT="44" HPOS="143" ID="TL_593.6.8" VPOS="1584" WIDTH="394">
            <String CONTENT="S.W.2d" HEIGHT="35" HPOS="143" ID="ST_593.6.8.1" STYLEREFS="Style_3" VPOS="1584" WIDTH="145" WC="1.00" CC="000000" TAGREFS=""/>
            <SP HPOS="288" ID="SP_593.6.8.2" VPOS="1585" WIDTH="21"/>
            <String CONTENT="996" HEIGHT="34" HPOS="309" ID="ST_593.6.8.3" STYLEREFS="Style_3" VPOS="1585" WIDTH="68" WC="1.00" CC="000" TAGREFS=""/>
            <SP HPOS="377" ID="SP_593.6.8.4" VPOS="1584" WIDTH="23"/>
            <String CONTENT="(1929)." HEIGHT="44" HPOS="400" ID="ST_593.6.8.5" STYLEREFS="Style_3" VPOS="1584" WIDTH="137" WC="0.88" CC="0000000" TAGREFS=""/>
          </TextLine>
        </TextBlock>
        <TextBlock HEIGHT="233.0" HPOS="142.0" ID="BL_593.7" TAGREFS="b593-9" VPOS="1661.0" WIDTH="1217.0">
          <TextLine HEIGHT="44" HPOS="236" ID="TL_593.7.1" VPOS="1661" WIDTH="1122">
            <String CONTENT="In" HEIGHT="34" HPOS="330" ID="ST_593.7.1.3" STYLEREFS="Style_3" VPOS="1662" WIDTH="39" WC="0.67" CC="00" TAGREFS=""/>
            <SP HPOS="369" ID="SP_593.7.1.4" VPOS="1661" WIDTH="10"/>
            <String CONTENT="construing" HEIGHT="44" HPOS="379" ID="ST_593.7.1.5" STYLEREFS="Style_3" VPOS="1661" WIDTH="200" WC="0.90" CC="0000000000" TAGREFS=""/>
            <SP HPOS="579" ID="SP_593.7.1.6" VPOS="1662" WIDTH="10"/>
            <String CONTENT="this" HEIGHT="35" HPOS="589" ID="ST_593.7.1.7" STYLEREFS="Style_3" VPOS="1662" WIDTH="68" WC="0.88" CC="0000" TAGREFS=""/>
            <SP HPOS="657" ID="SP_593.7.1.8" VPOS="1662" WIDTH="10"/>
            <String CONTENT="will," HEIGHT="41" HPOS="667" ID="ST_593.7.1.9" STYLEREFS="Style_3" VPOS="1662" WIDTH="79" WC="0.78" CC="00000" TAGREFS=""/>
            <SP HPOS="746" ID="SP_593.7.1.10" VPOS="1674" WIDTH="11"/>
            <String CONTENT="we" HEIGHT="23" HPOS="757" ID="ST_593.7.1.11" STYLEREFS="Style_3" VPOS="1674" WIDTH="51" WC="1.00" CC="00" TAGREFS=""/>
            <SP HPOS="808" ID="SP_593.7.1.12" VPOS="1668" WIDTH="10"/>
            <String CONTENT="must" HEIGHT="29" HPOS="818" ID="ST_593.7.1.13" STYLEREFS="Style_3" VPOS="1668" WIDTH="92" WC="1.00" CC="0000" TAGREFS=""/>
            <SP HPOS="910" ID="SP_593.7.1.14" VPOS="1663" WIDTH="10"/>
            <String CONTENT="determine" HEIGHT="35" HPOS="920" ID="ST_593.7.1.15" STYLEREFS="Style_3" VPOS="1663" WIDTH="193" WC="0.89" CC="000000000" TAGREFS=""/>
            <SP HPOS="1113" ID="SP_593.7.1.16" VPOS="1664" WIDTH="9"/>
            <String CONTENT="the" HEIGHT="34" HPOS="1122" ID="ST_593.7.1.17" STYLEREFS="Style_3" VPOS="1664" WIDTH="59" WC="0.98" CC="000" TAGREFS=""/>
            <SP HPOS="1181" ID="SP_593.7.1.18" VPOS="1663" WIDTH="9"/>
            <String CONTENT="intention" HEIGHT="36" HPOS="1190" ID="ST_593.7.1.19" STYLEREFS="Style_3" VPOS="1663" WIDTH="168" WC="0.87" CC="000000000" TAGREFS=""/>
          </TextLine>
          <TextLine HEIGHT="44" HPOS="143" ID="TL_593.7.2" VPOS="1711" WIDTH="1214">
            <String CONTENT="of" HEIGHT="34" HPOS="143" ID="ST_593.7.2.1" STYLEREFS="Style_3" VPOS="1711" WIDTH="40" WC="1.00" CC="00" TAGREFS=""/>
            <SP HPOS="183" ID="SP_593.7.2.2" VPOS="1711" WIDTH="6"/>
            <String CONTENT="the" HEIGHT="35" HPOS="189" ID="ST_593.7.2.3" STYLEREFS="Style_3" VPOS="1711" WIDTH="60" WC="0.86" CC="000" TAGREFS=""/>
            <SP HPOS="249" ID="SP_593.7.2.4" VPOS="1712" WIDTH="10"/>
            <String CONTENT="testatrix" HEIGHT="34" HPOS="259" ID="ST_593.7.2.5" STYLEREFS="Style_3" VPOS="1712" WIDTH="158" WC="0.92" CC="000000000" TAGREFS=""/>
            <SP HPOS="417" ID="SP_593.7.2.6" VPOS="1712" WIDTH="9"/>
            <String CONTENT="and" HEIGHT="34" HPOS="426" ID="ST_593.7.2.7" STYLEREFS="Style_3" VPOS="1712" WIDTH="69" WC="0.90" CC="000" TAGREFS=""/>
            <SP HPOS="495" ID="SP_593.7.2.8" VPOS="1711" WIDTH="9"/>
            <String CONTENT="give" HEIGHT="44" HPOS="504" ID="ST_593.7.2.9" STYLEREFS="Style_3" VPOS="1711" WIDTH="77" WC="1.00" CC="0000" TAGREFS=""/>
            <SP HPOS="581" ID="SP_593.7.2.10" VPOS="1712" WIDTH="9"/>
            <String CONTENT="that" HEIGHT="35" HPOS="590" ID="ST_593.7.2.11" STYLEREFS="Style_3" VPOS="1712" WIDTH="77" WC="0.88" CC="0000" TAGREFS=""/>
            <SP HPOS="667" ID="SP_593.7.2.12" VPOS="1712" WIDTH="10"/>
            <String CONTENT="intention" HEIGHT="35" HPOS="677" ID="ST_593.7.2.13" STYLEREFS="Style_3" VPOS="1712" WIDTH="168" WC="0.85" CC="000000000" TAGREFS=""/>
            <SP HPOS="845" ID="SP_593.7.2.14" VPOS="1713" WIDTH="11"/>
            <String CONTENT="effect." HEIGHT="35" HPOS="856" ID="ST_593.7.2.15" STYLEREFS="Style_3" VPOS="1713" WIDTH="113" WC="1.00" CC="0000000" TAGREFS=""/>
            <SP HPOS="969" ID="SP_593.7.2.16" VPOS="1713" WIDTH="11"/>
            <String CONTENT="Deal v." HEIGHT="35" HPOS="980" ID="ST_593.7.2.17" STYLEREFS="Style_4" VPOS="1713" WIDTH="130" WC="1.0" CC="0000000" TAGREFS=""/>
            <SP HPOS="1110" ID="SP_593.7.2.18" VPOS="1713" WIDTH="10"/>
            <String CONTENT="Huddleston," HEIGHT="42" HPOS="1120" ID="ST_593.7.2.19" STYLEREFS="Style_4" VPOS="1713" WIDTH="237" WC="0.92" CC="00000000000" TAGREFS=""/>
          </TextLine>
          <TextLine HEIGHT="46" HPOS="144" ID="TL_593.7.3" VPOS="1761" WIDTH="1214">
            <String CONTENT="288" HEIGHT="34" HPOS="144" ID="ST_593.7.3.1" STYLEREFS="Style_3" VPOS="1761" WIDTH="67" WC="0.65" CC="000" TAGREFS=""/>
            <SP HPOS="211" ID="SP_593.7.3.2" VPOS="1761" WIDTH="13"/>
            <String CONTENT="Ark." HEIGHT="34" HPOS="224" ID="ST_593.7.3.3" STYLEREFS="Style_3" VPOS="1761" WIDTH="85" WC="0.69" CC="0000" TAGREFS=""/>
            <SP HPOS="309" ID="SP_593.7.3.4" VPOS="1761" WIDTH="13"/>
            <String CONTENT="96, 702" HEIGHT="40" HPOS="322" ID="ST_593.7.3.5" STYLEREFS="Style_3" VPOS="1761" WIDTH="136" WC="1.0" CC="0000000" TAGREFS=""/>
            <SP HPOS="458" ID="SP_593.7.3.6" VPOS="1761" WIDTH="12"/>
            <String CONTENT="S.W.2d" HEIGHT="35" HPOS="470" ID="ST_593.7.3.7" STYLEREFS="Style_3" VPOS="1761" WIDTH="144" WC="0.94" CC="000990" TAGREFS=""/>
            <SP HPOS="614" ID="SP_593.7.3.8" VPOS="1762" WIDTH="11"/>
            <String CONTENT="404" HEIGHT="34" HPOS="625" ID="ST_593.7.3.9" STYLEREFS="Style_3" VPOS="1762" WIDTH="70" WC="0.92" CC="000" TAGREFS=""/>
            <SP HPOS="695" ID="SP_593.7.3.10" VPOS="1762" WIDTH="12"/>
            <String CONTENT="(1986);" HEIGHT="43" HPOS="707" ID="ST_593.7.3.11" STYLEREFS="Style_3" VPOS="1762" WIDTH="138" WC="0.73" CC="0000000" TAGREFS=""/>
            <SP HPOS="845" ID="SP_593.7.3.12" VPOS="1764" WIDTH="15"/>
            <String CONTENT="Yeates" HEIGHT="33" HPOS="860" ID="ST_593.7.3.13" STYLEREFS="Style_4" VPOS="1764" WIDTH="125" WC="0.94" CC="000000" TAGREFS=""/>
            <SP HPOS="985" ID="SP_593.7.3.14" VPOS="1774" WIDTH="9"/>
            <String CONTENT="v." HEIGHT="23" HPOS="994" ID="ST_593.7.3.15" STYLEREFS="Style_3" VPOS="1774" WIDTH="31" WC="0.95" CC="00" TAGREFS=""/>
            <SP HPOS="1025" ID="SP_593.7.3.16" VPOS="1764" WIDTH="16"/>
            <String CONTENT="Yeates," HEIGHT="38" HPOS="1041" ID="ST_593.7.3.17" STYLEREFS="Style_4" VPOS="1764" WIDTH="134" WC="0.94" CC="0000000" TAGREFS=""/>
            <SP HPOS="1175" ID="SP_593.7.3.18" VPOS="1774" WIDTH="12"/>
            <String CONTENT="supra." HEIGHT="33" HPOS="1187" ID="ST_593.7.3.19" STYLEREFS="Style_4" VPOS="1774" WIDTH="118" WC="0.94" CC="000000" TAGREFS=""/>
            <SP HPOS="1305" ID="SP_593.7.3.20" VPOS="1764" WIDTH="13"/>
            <String CONTENT="In" HEIGHT="34" HPOS="1318" ID="ST_593.7.3.21" STYLEREFS="Style_3" VPOS="1764" WIDTH="40" WC="0.72" CC="00" TAGREFS=""/>
          </TextLine>
          <TextLine HEIGHT="44" HPOS="142" ID="TL_593.7.4" VPOS="1811" WIDTH="1217">
            <String CONTENT="Armstrong" HEIGHT="41" HPOS="142" ID="ST_593.7.4.1" STYLEREFS="Style_4" VPOS="1812" WIDTH="214" WC="0.93" CC="000000000" TAGREFS=""/>
            <SP HPOS="356" ID="SP_593.7.4.2" VPOS="1822" WIDTH="11"/>
            <String CONTENT="v." HEIGHT="23" HPOS="367" ID="ST_593.7.4.3" STYLEREFS="Style_4" VPOS="1822" WIDTH="30" WC="0.38" CC="00" TAGREFS=""/>
            <SP HPOS="397" ID="SP_593.7.4.4" VPOS="1811" WIDTH="16"/>
            <String CONTENT="Butler," HEIGHT="40" HPOS="413" ID="ST_593.7.4.5" STYLEREFS="Style_4" VPOS="1811" WIDTH="133" WC="0.97" CC="0000000" TAGREFS=""/>
            <SP HPOS="546" ID="SP_593.7.4.6" VPOS="1812" WIDTH="17"/>
            <String CONTENT="262" HEIGHT="33" HPOS="563" ID="ST_593.7.4.7" STYLEREFS="Style_3" VPOS="1812" WIDTH="69" WC="0.99" CC="000" TAGREFS=""/>
            <SP HPOS="632" ID="SP_593.7.4.8" VPOS="1812" WIDTH="15"/>
            <String CONTENT="Ark." HEIGHT="34" HPOS="647" ID="ST_593.7.4.9" STYLEREFS="Style_3" VPOS="1812" WIDTH="86" WC="1.00" CC="0000" TAGREFS=""/>
            <SP HPOS="733" ID="SP_593.7.4.10" VPOS="1812" WIDTH="19"/>
            <String CONTENT="31," HEIGHT="40" HPOS="752" ID="ST_593.7.4.11" STYLEREFS="Style_3" VPOS="1812" WIDTH="54" WC="0.93" CC="000" TAGREFS=""/>
            <SP HPOS="806" ID="SP_593.7.4.12" VPOS="1812" WIDTH="18"/>
            <String CONTENT="553" HEIGHT="34" HPOS="824" ID="ST_593.7.4.13" STYLEREFS="Style_3" VPOS="1812" WIDTH="65" WC="0.77" CC="000" TAGREFS=""/>
            <SP HPOS="889" ID="SP_593.7.4.14" VPOS="1812" WIDTH="18"/>
            <String CONTENT="S.W.2d" HEIGHT="34" HPOS="907" ID="ST_593.7.4.15" STYLEREFS="Style_3" VPOS="1812" WIDTH="144" WC="1.00" CC="000000" TAGREFS=""/>
            <SP HPOS="1051" ID="SP_593.7.4.16" VPOS="1813" WIDTH="16"/>
            <String CONTENT="453" HEIGHT="34" HPOS="1067" ID="ST_593.7.4.17" STYLEREFS="Style_3" VPOS="1813" WIDTH="67" WC="1.00" CC="000" TAGREFS=""/>
            <SP HPOS="1134" ID="SP_593.7.4.18" VPOS="1811" WIDTH="20"/>
            <String CONTENT="(1977)," HEIGHT="44" HPOS="1154" ID="ST_593.7.4.19" STYLEREFS="Style_3" VPOS="1811" WIDTH="137" WC="0.96" CC="0000000" TAGREFS=""/>
            <SP HPOS="1291" ID="SP_593.7.4.20" VPOS="1824" WIDTH="17"/>
            <String CONTENT="we" HEIGHT="23" HPOS="1308" ID="ST_593.7.4.21" STYLEREFS="Style_3" VPOS="1824" WIDTH="51" WC="1.00" CC="00" TAGREFS=""/>
          </TextLine>
          <TextLine HEIGHT="35" HPOS="142" ID="TL_593.7.5" VPOS="1859" WIDTH="87">
            <String CONTENT="said:" HEIGHT="35" HPOS="142" ID="ST_593.7.5.1" STYLEREFS="Style_3" VPOS="1859" WIDTH="87" WC="0.80" CC="00000" TAGREFS=""/>
          </TextLine>
        </TextBlock>
        <TextBlock HEIGHT="283.0" HPOS="268.0" ID="BL_593.8" TAGREFS="b593-10" VPOS="1936.0" WIDTH="1094.0">
          <TextLine HEIGHT="46" HPOS="359" ID="TL_593.8.1" VPOS="1936" WIDTH="1000">
            <String CONTENT="The" HEIGHT="34" HPOS="359" ID="ST_593.8.1.1" STYLEREFS="Style_3" VPOS="1937" WIDTH="74" WC="0.84" CC="000" TAGREFS=""/>
            <SP HPOS="433" ID="SP_593.8.1.2" VPOS="1936" WIDTH="12"/>
            <String CONTENT="intention" HEIGHT="36" HPOS="445" ID="ST_593.8.1.3" STYLEREFS="Style_3" VPOS="1936" WIDTH="170" WC="0.92" CC="000000000" TAGREFS=""/>
            <SP HPOS="615" ID="SP_593.8.1.4" VPOS="1937" WIDTH="13"/>
            <String CONTENT="of" HEIGHT="35" HPOS="628" ID="ST_593.8.1.5" STYLEREFS="Style_3" VPOS="1937" WIDTH="40" WC="1.00" CC="00" TAGREFS=""/>
            <SP HPOS="668" ID="SP_593.8.1.6" VPOS="1949" WIDTH="10"/>
            <String CONTENT="a" HEIGHT="23" HPOS="678" ID="ST_593.8.1.7" STYLEREFS="Style_3" VPOS="1949" WIDTH="20" WC="1.00" CC="0" TAGREFS=""/>
            <SP HPOS="698" ID="SP_593.8.1.8" VPOS="1942" WIDTH="14"/>
            <String CONTENT="testator" HEIGHT="31" HPOS="712" ID="ST_593.8.1.9" STYLEREFS="Style_3" VPOS="1942" WIDTH="145" WC="1.00" CC="00000000" TAGREFS=""/>
            <SP HPOS="857" ID="SP_593.8.1.10" VPOS="1938" WIDTH="12"/>
            <String CONTENT="is" HEIGHT="35" HPOS="869" ID="ST_593.8.1.11" STYLEREFS="Style_3" VPOS="1938" WIDTH="28" WC="0.89" CC="00" TAGREFS=""/>
            <SP HPOS="897" ID="SP_593.8.1.12" VPOS="1943" WIDTH="13"/>
            <String CONTENT="to" HEIGHT="30" HPOS="910" ID="ST_593.8.1.13" STYLEREFS="Style_3" VPOS="1943" WIDTH="36" WC="1.00" CC="00" TAGREFS=""/>
            <SP HPOS="946" ID="SP_593.8.1.14" VPOS="1938" WIDTH="14"/>
            <String CONTENT="be" HEIGHT="35" HPOS="960" ID="ST_593.8.1.15" STYLEREFS="Style_3" VPOS="1938" WIDTH="43" WC="1.00" CC="00" TAGREFS=""/>
            <SP HPOS="1003" ID="SP_593.8.1.16" VPOS="1938" WIDTH="12"/>
            <String CONTENT="gathered" HEIGHT="44" HPOS="1015" ID="ST_593.8.1.17" STYLEREFS="Style_3" VPOS="1938" WIDTH="168" WC="0.92" CC="00000000" TAGREFS=""/>
            <SP HPOS="1183" ID="SP_593.8.1.18" VPOS="1938" WIDTH="13"/>
            <String CONTENT="from" HEIGHT="36" HPOS="1196" ID="ST_593.8.1.19" STYLEREFS="Style_3" VPOS="1938" WIDTH="90" WC="0.83" CC="0000" TAGREFS=""/>
            <SP HPOS="1286" ID="SP_593.8.1.20" VPOS="1939" WIDTH="14"/>
            <String CONTENT="the" HEIGHT="34" HPOS="1300" ID="ST_593.8.1.21" STYLEREFS="Style_3" VPOS="1939" WIDTH="59" WC="0.95" CC="000" TAGREFS=""/>
          </TextLine>
          <TextLine HEIGHT="47" HPOS="269" ID="TL_593.8.2" VPOS="1986" WIDTH="1090">
            <String CONTENT="four" HEIGHT="35" HPOS="269" ID="ST_593.8.2.1" STYLEREFS="Style_3" VPOS="1986" WIDTH="78" WC="1.00" CC="0000" TAGREFS=""/>
            <SP HPOS="347" ID="SP_593.8.2.2" VPOS="1997" WIDTH="27"/>
            <String CONTENT="corners" HEIGHT="25" HPOS="374" ID="ST_593.8.2.3" STYLEREFS="Style_3" VPOS="1997" WIDTH="137" WC="0.97" CC="0000000" TAGREFS=""/>
            <SP HPOS="511" ID="SP_593.8.2.4" VPOS="1987" WIDTH="28"/>
            <String CONTENT="of" HEIGHT="35" HPOS="539" ID="ST_593.8.2.5" STYLEREFS="Style_3" VPOS="1987" WIDTH="38" WC="0.98" CC="00" TAGREFS=""/>
            <SP HPOS="577" ID="SP_593.8.2.6" VPOS="1988" WIDTH="26"/>
            <String CONTENT="the" HEIGHT="34" HPOS="603" ID="ST_593.8.2.7" STYLEREFS="Style_3" VPOS="1988" WIDTH="59" WC="0.85" CC="000" TAGREFS=""/>
            <SP HPOS="662" ID="SP_593.8.2.8" VPOS="1988" WIDTH="27"/>
            <String CONTENT="instrument" HEIGHT="35" HPOS="689" ID="ST_593.8.2.9" STYLEREFS="Style_3" VPOS="1988" WIDTH="207" WC="0.77" CC="0000000000" TAGREFS=""/>
            <SP HPOS="896" ID="SP_593.8.2.10" VPOS="1988" WIDTH="28"/>
            <String CONTENT="itself," HEIGHT="42" HPOS="924" ID="ST_593.8.2.11" STYLEREFS="Style_3" VPOS="1988" WIDTH="104" WC="0.95" CC="0000000" TAGREFS=""/>
            <SP HPOS="1028" ID="SP_593.8.2.12" VPOS="1988" WIDTH="28"/>
            <String CONTENT="considering" HEIGHT="45" HPOS="1056" ID="ST_593.8.2.13" STYLEREFS="Style_3" VPOS="1988" WIDTH="217" WC="0.96" CC="00000000000" TAGREFS=""/>
            <SP HPOS="1273" ID="SP_593.8.2.14" VPOS="1989" WIDTH="27"/>
            <String CONTENT="the" HEIGHT="35" HPOS="1300" ID="ST_593.8.2.15" STYLEREFS="Style_3" VPOS="1989" WIDTH="59" WC="0.88" CC="000" TAGREFS=""/>
          </TextLine>
          <TextLine HEIGHT="46" HPOS="268" ID="TL_593.8.3" VPOS="2036" WIDTH="1094">
            <String CONTENT="language" HEIGHT="43" HPOS="268" ID="ST_593.8.3.1" STYLEREFS="Style_3" VPOS="2037" WIDTH="172" WC="0.97" CC="00000000" TAGREFS=""/>
            <SP HPOS="440" ID="SP_593.8.3.2" VPOS="2036" WIDTH="14"/>
            <String CONTENT="used" HEIGHT="35" HPOS="454" ID="ST_593.8.3.3" STYLEREFS="Style_3" VPOS="2036" WIDTH="84" WC="1.00" CC="0000" TAGREFS=""/>
            <SP HPOS="538" ID="SP_593.8.3.4" VPOS="2037" WIDTH="16"/>
            <String CONTENT="and" HEIGHT="35" HPOS="554" ID="ST_593.8.3.5" STYLEREFS="Style_3" VPOS="2037" WIDTH="69" WC="0.97" CC="000" TAGREFS=""/>
            <SP HPOS="623" ID="SP_593.8.3.6" VPOS="2037" WIDTH="15"/>
            <String CONTENT="giving" HEIGHT="43" HPOS="638" ID="ST_593.8.3.7" STYLEREFS="Style_3" VPOS="2037" WIDTH="116" WC="0.94" CC="000000" TAGREFS=""/>
            <SP HPOS="754" ID="SP_593.8.3.8" VPOS="2038" WIDTH="15"/>
            <String CONTENT="meaning" HEIGHT="43" HPOS="769" ID="ST_593.8.3.9" STYLEREFS="Style_3" VPOS="2038" WIDTH="162" WC="0.88" CC="0000000" TAGREFS=""/>
            <SP HPOS="931" ID="SP_593.8.3.10" VPOS="2043" WIDTH="15"/>
            <String CONTENT="to" HEIGHT="29" HPOS="946" ID="ST_593.8.3.11" STYLEREFS="Style_3" VPOS="2043" WIDTH="36" WC="1.00" CC="00" TAGREFS=""/>
            <SP HPOS="982" ID="SP_593.8.3.12" VPOS="2039" WIDTH="15"/>
            <String CONTENT="all" HEIGHT="34" HPOS="997" ID="ST_593.8.3.13" STYLEREFS="Style_3" VPOS="2039" WIDTH="46" WC="0.79" CC="000" TAGREFS=""/>
            <SP HPOS="1043" ID="SP_593.8.3.14" VPOS="2038" WIDTH="16"/>
            <String CONTENT="its" HEIGHT="35" HPOS="1059" ID="ST_593.8.3.15" STYLEREFS="Style_3" VPOS="2038" WIDTH="43" WC="0.97" CC="000" TAGREFS=""/>
            <SP HPOS="1102" ID="SP_593.8.3.16" VPOS="2039" WIDTH="15"/>
            <String CONTENT="provisions," HEIGHT="43" HPOS="1117" ID="ST_593.8.3.17" STYLEREFS="Style_3" VPOS="2039" WIDTH="198" WC="0.93" CC="00000000000" TAGREFS=""/>
            <SP HPOS="1315" ID="SP_593.8.3.18" VPOS="2039" WIDTH="17"/>
            <String CONTENT="if" HEIGHT="34" HPOS="1332" ID="ST_593.8.3.19" STYLEREFS="Style_3" VPOS="2039" WIDTH="30" WC="1.00" CC="00" TAGREFS=""/>
          </TextLine>
          <TextLine HEIGHT="45" HPOS="268" ID="TL_593.8.4" VPOS="2086" WIDTH="1091">
            <String CONTENT="possible" HEIGHT="43" HPOS="268" ID="ST_593.8.4.1" STYLEREFS="Style_3" VPOS="2086" WIDTH="149" WC="0.73" CC="00000000" TAGREFS=""/>
            <SP HPOS="417" ID="SP_593.8.4.2" VPOS="2091" WIDTH="9"/>
            <String CONTENT="to" HEIGHT="29" HPOS="426" ID="ST_593.8.4.3" STYLEREFS="Style_3" VPOS="2091" WIDTH="37" WC="0.91" CC="00" TAGREFS=""/>
            <SP HPOS="463" ID="SP_593.8.4.4" VPOS="2087" WIDTH="10"/>
            <String CONTENT="do" HEIGHT="34" HPOS="473" ID="ST_593.8.4.5" STYLEREFS="Style_3" VPOS="2087" WIDTH="45" WC="1.00" CC="00" TAGREFS=""/>
            <SP HPOS="518" ID="SP_593.8.4.6" VPOS="2097" WIDTH="11"/>
            <String CONTENT="so." HEIGHT="24" HPOS="529" ID="ST_593.8.4.7" STYLEREFS="Style_3" VPOS="2097" WIDTH="48" WC="1.00" CC="000" TAGREFS=""/>
            <SP HPOS="577" ID="SP_593.8.4.8" VPOS="2087" WIDTH="11"/>
            <String CONTENT="The" HEIGHT="34" HPOS="588" ID="ST_593.8.4.9" STYLEREFS="Style_3" VPOS="2087" WIDTH="76" WC="0.81" CC="000" TAGREFS=""/>
            <SP HPOS="664" ID="SP_593.8.4.10" VPOS="2087" WIDTH="11"/>
            <String CONTENT="intention" HEIGHT="35" HPOS="675" ID="ST_593.8.4.11" STYLEREFS="Style_3" VPOS="2087" WIDTH="169" WC="0.90" CC="000000000" TAGREFS=""/>
            <SP HPOS="844" ID="SP_593.8.4.12" VPOS="2087" WIDTH="11"/>
            <String CONTENT="of" HEIGHT="34" HPOS="855" ID="ST_593.8.4.13" STYLEREFS="Style_3" VPOS="2087" WIDTH="38" WC="1.00" CC="00" TAGREFS=""/>
            <SP HPOS="893" ID="SP_593.8.4.14" VPOS="2088" WIDTH="8"/>
            <String CONTENT="the" HEIGHT="34" HPOS="901" ID="ST_593.8.4.15" STYLEREFS="Style_3" VPOS="2088" WIDTH="60" WC="0.73" CC="000" TAGREFS=""/>
            <SP HPOS="961" ID="SP_593.8.4.16" VPOS="2093" WIDTH="11"/>
            <String CONTENT="testator" HEIGHT="29" HPOS="972" ID="ST_593.8.4.17" STYLEREFS="Style_3" VPOS="2093" WIDTH="145" WC="0.92" CC="00000000" TAGREFS=""/>
            <SP HPOS="1117" ID="SP_593.8.4.18" VPOS="2099" WIDTH="11"/>
            <String CONTENT="as" HEIGHT="23" HPOS="1128" ID="ST_593.8.4.19" STYLEREFS="Style_3" VPOS="2099" WIDTH="38" WC="0.99" CC="00" TAGREFS=""/>
            <SP HPOS="1166" ID="SP_593.8.4.20" VPOS="2088" WIDTH="11"/>
            <String CONTENT="expressed" HEIGHT="43" HPOS="1177" ID="ST_593.8.4.21" STYLEREFS="Style_3" VPOS="2088" WIDTH="182" WC="0.98" CC="000000000" TAGREFS=""/>
          </TextLine>
          <TextLine HEIGHT="45" HPOS="268" ID="TL_593.8.5" VPOS="2135" WIDTH="1091">
            <String CONTENT="in" HEIGHT="34" HPOS="268" ID="ST_593.8.5.1" STYLEREFS="Style_3" VPOS="2135" WIDTH="35" WC="1.00" CC="00" TAGREFS=""/>
            <SP HPOS="303" ID="SP_593.8.5.2" VPOS="2135" WIDTH="16"/>
            <String CONTENT="the" HEIGHT="34" HPOS="319" ID="ST_593.8.5.3" STYLEREFS="Style_3" VPOS="2135" WIDTH="60" WC="0.87" CC="000" TAGREFS=""/>
            <SP HPOS="379" ID="SP_593.8.5.4" VPOS="2136" WIDTH="16"/>
            <String CONTENT="language" HEIGHT="42" HPOS="395" ID="ST_593.8.5.5" STYLEREFS="Style_3" VPOS="2136" WIDTH="172" WC="0.84" CC="00000000" TAGREFS=""/>
            <SP HPOS="567" ID="SP_593.8.5.6" VPOS="2136" WIDTH="16"/>
            <String CONTENT="of" HEIGHT="34" HPOS="583" ID="ST_593.8.5.7" STYLEREFS="Style_3" VPOS="2136" WIDTH="40" WC="1.00" CC="00" TAGREFS=""/>
            <SP HPOS="623" ID="SP_593.8.5.8" VPOS="2136" WIDTH="13"/>
            <String CONTENT="his" HEIGHT="34" HPOS="636" ID="ST_593.8.5.9" STYLEREFS="Style_3" VPOS="2136" WIDTH="52" WC="1.00" CC="000" TAGREFS=""/>
            <SP HPOS="688" ID="SP_593.8.5.10" VPOS="2136" WIDTH="17"/>
            <String CONTENT="will" HEIGHT="34" HPOS="705" ID="ST_593.8.5.11" STYLEREFS="Style_3" VPOS="2136" WIDTH="69" WC="1.00" CC="0000" TAGREFS=""/>
            <SP HPOS="774" ID="SP_593.8.5.12" VPOS="2137" WIDTH="16"/>
            <String CONTENT="prevails" HEIGHT="43" HPOS="790" ID="ST_593.8.5.13" STYLEREFS="Style_3" VPOS="2137" WIDTH="146" WC="0.96" CC="00000000" TAGREFS=""/>
            <SP HPOS="936" ID="SP_593.8.5.14" VPOS="2136" WIDTH="17"/>
            <String CONTENT="if" HEIGHT="34" HPOS="953" ID="ST_593.8.5.15" STYLEREFS="Style_3" VPOS="2136" WIDTH="31" WC="1.00" CC="00" TAGREFS=""/>
            <SP HPOS="984" ID="SP_593.8.5.16" VPOS="2137" WIDTH="12"/>
            <String CONTENT="consistent" HEIGHT="35" HPOS="996" ID="ST_593.8.5.17" STYLEREFS="Style_3" VPOS="2137" WIDTH="189" WC="0.84" CC="0000000000" TAGREFS=""/>
            <SP HPOS="1185" ID="SP_593.8.5.18" VPOS="2137" WIDTH="16"/>
            <String CONTENT="with" HEIGHT="35" HPOS="1201" ID="ST_593.8.5.19" STYLEREFS="Style_3" VPOS="2137" WIDTH="82" WC="0.82" CC="0000" TAGREFS=""/>
            <SP HPOS="1283" ID="SP_593.8.5.20" VPOS="2137" WIDTH="17"/>
            <String CONTENT="the" HEIGHT="35" HPOS="1300" ID="ST_593.8.5.21" STYLEREFS="Style_3" VPOS="2137" WIDTH="59" WC="0.80" CC="000" TAGREFS=""/>
          </TextLine>
          <TextLine HEIGHT="35" HPOS="268" ID="TL_593.8.6" VPOS="2184" WIDTH="243">
            <String CONTENT="rules" HEIGHT="34" HPOS="268" ID="ST_593.8.6.1" STYLEREFS="Style_3" VPOS="2184" WIDTH="91" WC="0.64" CC="00000" TAGREFS=""/>
            <SP HPOS="359" ID="SP_593.8.6.2" VPOS="2185" WIDTH="20"/>
            <String CONTENT="of" HEIGHT="34" HPOS="379" ID="ST_593.8.6.3" STYLEREFS="Style_3" VPOS="2185" WIDTH="39" WC="0.91" CC="00" TAGREFS=""/>
            <SP HPOS="418" ID="SP_593.8.6.4" VPOS="2185" WIDTH="17"/>
            <String CONTENT="law." HEIGHT="34" HPOS="435" ID="ST_593.8.6.5" STYLEREFS="Style_3" VPOS="2185" WIDTH="76" WC="0.77" CC="0099" TAGREFS=""/>
          </TextLine>
        </TextBlock>
        <TextBlock HEIGHT="196.0" HPOS="143.0" ID="BL_593.9" TAGREFS="b593-11" VPOS="2259.0" WIDTH="1217.0">
          <TextLine HEIGHT="46" HPOS="234" ID="TL_593.9.1" VPOS="2259" WIDTH="1124">
            <String CONTENT="The" HEIGHT="35" HPOS="234" ID="ST_593.9.1.1" STYLEREFS="Style_3" VPOS="2259" WIDTH="75" WC="0.82" CC="000" TAGREFS=""/>
            <SP HPOS="309" ID="SP_593.9.1.2" VPOS="2259" WIDTH="8"/>
            <String CONTENT="will" HEIGHT="35" HPOS="317" ID="ST_593.9.1.3" STYLEREFS="Style_3" VPOS="2259" WIDTH="68" WC="0.97" CC="0000" TAGREFS=""/>
            <SP HPOS="385" ID="SP_593.9.1.4" VPOS="2260" WIDTH="10"/>
            <String CONTENT="listed" HEIGHT="35" HPOS="395" ID="ST_593.9.1.5" STYLEREFS="Style_3" VPOS="2260" WIDTH="100" WC="0.97" CC="000000" TAGREFS=""/>
            <SP HPOS="495" ID="SP_593.9.1.6" VPOS="2260" WIDTH="8"/>
            <String CONTENT="only" HEIGHT="44" HPOS="503" ID="ST_593.9.1.7" STYLEREFS="Style_3" VPOS="2260" WIDTH="81" WC="0.91" CC="0000" TAGREFS=""/>
            <SP HPOS="584" ID="SP_593.9.1.8" VPOS="2261" WIDTH="8"/>
            <String CONTENT="the" HEIGHT="34" HPOS="592" ID="ST_593.9.1.9" STYLEREFS="Style_3" VPOS="2261" WIDTH="59" WC="0.92" CC="000" TAGREFS=""/>
            <SP HPOS="651" ID="SP_593.9.1.10" VPOS="2260" WIDTH="9"/>
            <String CONTENT="children" HEIGHT="36" HPOS="660" ID="ST_593.9.1.11" STYLEREFS="Style_3" VPOS="2260" WIDTH="156" WC="0.91" CC="00000000" TAGREFS=""/>
            <SP HPOS="816" ID="SP_593.9.1.12" VPOS="2261" WIDTH="8"/>
            <String CONTENT="living" HEIGHT="44" HPOS="824" ID="ST_593.9.1.13" STYLEREFS="Style_3" VPOS="2261" WIDTH="105" WC="0.90" CC="000000" TAGREFS=""/>
            <SP HPOS="929" ID="SP_593.9.1.14" VPOS="2266" WIDTH="9"/>
            <String CONTENT="at" HEIGHT="30" HPOS="938" ID="ST_593.9.1.15" STYLEREFS="Style_3" VPOS="2266" WIDTH="36" WC="1.00" CC="00" TAGREFS=""/>
            <SP HPOS="974" ID="SP_593.9.1.16" VPOS="2262" WIDTH="9"/>
            <String CONTENT="the" HEIGHT="34" HPOS="983" ID="ST_593.9.1.17" STYLEREFS="Style_3" VPOS="2262" WIDTH="60" WC="0.98" CC="000" TAGREFS=""/>
            <SP HPOS="1043" ID="SP_593.9.1.18" VPOS="2261" WIDTH="8"/>
            <String CONTENT="time" HEIGHT="36" HPOS="1051" ID="ST_593.9.1.19" STYLEREFS="Style_3" VPOS="2261" WIDTH="85" WC="1.00" CC="0000" TAGREFS=""/>
            <SP HPOS="1136" ID="SP_593.9.1.20" VPOS="2261" WIDTH="8"/>
            <String CONTENT="the" HEIGHT="36" HPOS="1144" ID="ST_593.9.1.21" STYLEREFS="Style_3" VPOS="2261" WIDTH="59" WC="1.00" CC="000" TAGREFS=""/>
            <SP HPOS="1203" ID="SP_593.9.1.22" VPOS="2262" WIDTH="8"/>
            <String CONTENT="will" HEIGHT="35" HPOS="1211" ID="ST_593.9.1.23" STYLEREFS="Style_3" VPOS="2262" WIDTH="68" WC="0.97" CC="0000" TAGREFS=""/>
            <SP HPOS="1279" ID="SP_593.9.1.24" VPOS="2273" WIDTH="9"/>
            <String CONTENT="was" HEIGHT="24" HPOS="1288" ID="ST_593.9.1.25" STYLEREFS="Style_3" VPOS="2273" WIDTH="70" WC="1.00" CC="000" TAGREFS=""/>
          </TextLine>
          <TextLine HEIGHT="47" HPOS="143" ID="TL_593.9.2" VPOS="2310" WIDTH="1217">
            <String CONTENT="executed" HEIGHT="34" HPOS="143" ID="ST_593.9.2.1" STYLEREFS="Style_3" VPOS="2310" WIDTH="168" WC="0.99" CC="00000000" TAGREFS=""/>
            <SP HPOS="311" ID="SP_593.9.2.2" VPOS="2310" WIDTH="24"/>
            <String CONTENT="and" HEIGHT="34" HPOS="335" ID="ST_593.9.2.3" STYLEREFS="Style_3" VPOS="2310" WIDTH="69" WC="0.98" CC="000" TAGREFS=""/>
            <SP HPOS="404" ID="SP_593.9.2.4" VPOS="2321" WIDTH="23"/>
            <String CONTENT="one" HEIGHT="24" HPOS="427" ID="ST_593.9.2.5" STYLEREFS="Style_3" VPOS="2321" WIDTH="65" WC="0.91" CC="000" TAGREFS=""/>
            <SP HPOS="492" ID="SP_593.9.2.6" VPOS="2311" WIDTH="23"/>
            <String CONTENT="grandchild." HEIGHT="43" HPOS="515" ID="ST_593.9.2.7" STYLEREFS="Style_3" VPOS="2311" WIDTH="216" WC="0.91" CC="00000000000" TAGREFS=""/>
            <SP HPOS="731" ID="SP_593.9.2.8" VPOS="2311" WIDTH="25"/>
            <String CONTENT="No" HEIGHT="35" HPOS="756" ID="ST_593.9.2.9" STYLEREFS="Style_3" VPOS="2311" WIDTH="60" WC="1.00" CC="00" TAGREFS=""/>
            <SP HPOS="816" ID="SP_593.9.2.10" VPOS="2311" WIDTH="23"/>
            <String CONTENT="class" HEIGHT="35" HPOS="839" ID="ST_593.9.2.11" STYLEREFS="Style_3" VPOS="2311" WIDTH="88" WC="0.91" CC="00000" TAGREFS=""/>
            <SP HPOS="927" ID="SP_593.9.2.12" VPOS="2323" WIDTH="24"/>
            <String CONTENT="was" HEIGHT="23" HPOS="951" ID="ST_593.9.2.13" STYLEREFS="Style_3" VPOS="2323" WIDTH="70" WC="1.00" CC="000" TAGREFS=""/>
            <SP HPOS="1021" ID="SP_593.9.2.14" VPOS="2312" WIDTH="24"/>
            <String CONTENT="mentioned," HEIGHT="42" HPOS="1045" ID="ST_593.9.2.15" STYLEREFS="Style_3" VPOS="2312" WIDTH="210" WC="0.85" CC="0000000000" TAGREFS=""/>
            <SP HPOS="1255" ID="SP_593.9.2.16" VPOS="2313" WIDTH="24"/>
            <String CONTENT="only" HEIGHT="44" HPOS="1279" ID="ST_593.9.2.17" STYLEREFS="Style_3" VPOS="2313" WIDTH="81" WC="0.74" CC="0000" TAGREFS=""/>
          </TextLine>
          <TextLine HEIGHT="44" HPOS="143" ID="TL_593.9.3" VPOS="2360" WIDTH="1215">
            <String CONTENT="names." HEIGHT="25" HPOS="143" ID="ST_593.9.3.1" STYLEREFS="Style_3" VPOS="2370" WIDTH="131" WC="0.86" CC="000000" TAGREFS=""/>
            <SP HPOS="274" ID="SP_593.9.3.2" VPOS="2360" WIDTH="24"/>
            <String CONTENT="Tommy" HEIGHT="44" HPOS="298" ID="ST_593.9.3.3" STYLEREFS="Style_3" VPOS="2360" WIDTH="148" WC="0.80" CC="00000" TAGREFS=""/>
            <SP HPOS="446" ID="SP_593.9.3.4" VPOS="2361" WIDTH="24"/>
            <String CONTENT="Donald" HEIGHT="35" HPOS="470" ID="ST_593.9.3.5" STYLEREFS="Style_3" VPOS="2361" WIDTH="138" WC="0.92" CC="000000" TAGREFS=""/>
            <SP HPOS="608" ID="SP_593.9.3.6" VPOS="2361" WIDTH="24"/>
            <String CONTENT="Cisco" HEIGHT="35" HPOS="632" ID="ST_593.9.3.7" STYLEREFS="Style_3" VPOS="2361" WIDTH="104" WC="1.00" CC="00000" TAGREFS=""/>
            <SP HPOS="736" ID="SP_593.9.3.8" VPOS="2362" WIDTH="23"/>
            <String CONTENT="and" HEIGHT="34" HPOS="759" ID="ST_593.9.3.9" STYLEREFS="Style_3" VPOS="2362" WIDTH="68" WC="0.93" CC="000" TAGREFS=""/>
            <SP HPOS="827" ID="SP_593.9.3.10" VPOS="2362" WIDTH="24"/>
            <String CONTENT="Ethmer" HEIGHT="35" HPOS="851" ID="ST_593.9.3.11" STYLEREFS="Style_3" VPOS="2362" WIDTH="144" WC="0.86" CC="000000" TAGREFS=""/>
            <SP HPOS="995" ID="SP_593.9.3.12" VPOS="2362" WIDTH="23"/>
            <String CONTENT="Edwin" HEIGHT="35" HPOS="1018" ID="ST_593.9.3.13" STYLEREFS="Style_3" VPOS="2362" WIDTH="122" WC="0.92" CC="00000" TAGREFS=""/>
            <SP HPOS="1140" ID="SP_593.9.3.14" VPOS="2362" WIDTH="23"/>
            <String CONTENT="Cisco" HEIGHT="35" HPOS="1163" ID="ST_593.9.3.15" STYLEREFS="Style_3" VPOS="2362" WIDTH="103" WC="0.95" CC="00000" TAGREFS=""/>
            <SP HPOS="1266" ID="SP_593.9.3.16" VPOS="2363" WIDTH="23"/>
            <String CONTENT="had" HEIGHT="34" HPOS="1289" ID="ST_593.9.3.17" STYLEREFS="Style_3" VPOS="2363" WIDTH="69" WC="0.97" CC="000" TAGREFS=""/>
          </TextLine>
          <TextLine HEIGHT="46" HPOS="143" ID="TL_593.9.4" VPOS="2409" WIDTH="1217">
            <String CONTENT="already" HEIGHT="43" HPOS="143" ID="ST_593.9.4.1" STYLEREFS="Style_3" VPOS="2410" WIDTH="143" WC="0.95" CC="0000000" TAGREFS=""/>
            <SP HPOS="286" ID="SP_593.9.4.2" VPOS="2409" WIDTH="14"/>
            <String CONTENT="died." HEIGHT="35" HPOS="300" ID="ST_593.9.4.3" STYLEREFS="Style_3" VPOS="2409" WIDTH="90" WC="0.91" CC="00000" TAGREFS=""/>
            <SP HPOS="390" ID="SP_593.9.4.4" VPOS="2410" WIDTH="15"/>
            <String CONTENT="The" HEIGHT="35" HPOS="405" ID="ST_593.9.4.5" STYLEREFS="Style_3" VPOS="2410" WIDTH="75" WC="1.00" CC="000" TAGREFS=""/>
            <SP HPOS="480" ID="SP_593.9.4.6" VPOS="2411" WIDTH="13"/>
            <String CONTENT="first" HEIGHT="34" HPOS="493" ID="ST_593.9.4.7" STYLEREFS="Style_3" VPOS="2411" WIDTH="74" WC="0.93" CC="00000" TAGREFS=""/>
            <SP HPOS="567" ID="SP_593.9.4.8" VPOS="2411" WIDTH="14"/>
            <String CONTENT="paragraph" HEIGHT="44" HPOS="581" ID="ST_593.9.4.9" STYLEREFS="Style_3" VPOS="2411" WIDTH="198" WC="0.96" CC="000000000" TAGREFS=""/>
            <SP HPOS="779" ID="SP_593.9.4.10" VPOS="2412" WIDTH="14"/>
            <String CONTENT="of" HEIGHT="34" HPOS="793" ID="ST_593.9.4.11" STYLEREFS="Style_3" VPOS="2412" WIDTH="39" WC="1.00" CC="00" TAGREFS=""/>
            <SP HPOS="832" ID="SP_593.9.4.12" VPOS="2412" WIDTH="11"/>
            <String CONTENT="the" HEIGHT="34" HPOS="843" ID="ST_593.9.4.13" STYLEREFS="Style_3" VPOS="2412" WIDTH="60" WC="0.81" CC="000" TAGREFS=""/>
            <SP HPOS="903" ID="SP_593.9.4.14" VPOS="2411" WIDTH="13"/>
            <String CONTENT="codicil" HEIGHT="36" HPOS="916" ID="ST_593.9.4.15" STYLEREFS="Style_3" VPOS="2411" WIDTH="124" WC="0.94" CC="0000000" TAGREFS=""/>
            <SP HPOS="1040" ID="SP_593.9.4.16" VPOS="2417" WIDTH="14"/>
            <String CONTENT="states" HEIGHT="30" HPOS="1054" ID="ST_593.9.4.17" STYLEREFS="Style_3" VPOS="2417" WIDTH="107" WC="1.00" CC="000000" TAGREFS=""/>
            <SP HPOS="1161" ID="SP_593.9.4.18" VPOS="2412" WIDTH="14"/>
            <String CONTENT="that" HEIGHT="35" HPOS="1175" ID="ST_593.9.4.19" STYLEREFS="Style_3" VPOS="2412" WIDTH="77" WC="0.89" CC="0000" TAGREFS=""/>
            <SP HPOS="1252" ID="SP_593.9.4.20" VPOS="2412" WIDTH="14"/>
            <String CONTENT="since" HEIGHT="35" HPOS="1266" ID="ST_593.9.4.21" STYLEREFS="Style_3" VPOS="2412" WIDTH="94" WC="0.88" CC="00000" TAGREFS=""/>
          </TextLine>
        </TextBlock>
      </PrintSpace>
    </Page>
  </Layout>
</alto>
