<?xml version='1.0' encoding='utf-8'?>
<alto xmlns="http://www.loc.gov/standards/alto/ns-v3#">
  <!--Created by Innodata R.E.D. RLI tool: 2017-04-25 06:27:23.877030-->
  <Description>
    <MeasurementUnit>pixel</MeasurementUnit>
    <sourceImageInformation>
      <fileName>32044078577194_00145_1.tif</fileName>
    </sourceImageInformation>
    <OCRProcessing ID="OP_1">
      <ocrProcessingStep>
        <processingStepDescription>Alto coordinates refer to the deskewed TIFF file. 
		To convert point (x, y) to original image (TIFF or JP2) apply transformation matrix T=(m00, m01, m10, m11, b0, b1) using the rule:
			T * (x,y) = (m00 * x + m01 * y + b0), (m10 * x + m11 * y + b1)</processingStepDescription>
        <processingStepSettings>RED.transform=(0.999995500003375, -0.002999995500002025, 0.002999995500002025, 0.999995500003375, 0.03200000000003911, -4.9599999999999635)</processingStepSettings>
      </ocrProcessingStep>
    </OCRProcessing>
  </Description>
  <Styles>
    <TextStyle FONTFAMILY="Times New Roman" FONTSIZE="11.00" FONTTYPE="serif" FONTWIDTH="proportional" ID="Style_2"/>
    <TextStyle FONTFAMILY="Times New Roman" FONTSIZE="11.00" FONTSTYLE="smallcaps" FONTTYPE="serif" FONTWIDTH="proportional" ID="Style_3"/>
    <TextStyle FONTFAMILY="Times New Roman" FONTSIZE="11.00" FONTSTYLE="italics" FONTTYPE="serif" FONTWIDTH="proportional" ID="Style_4"/>
  </Styles>
  <Tags>
    <StructureTag ID="b290-1" LABEL="pagelabel"/>
    <StructureTag ID="b290-3" LABEL="attorneys"/>
    <StructureTag ID="b290-4" LABEL="author"/>
    <StructureTag ID="ACF" LABEL="p"/>
    <StructureTag ID="b290-5" LABEL="p"/>
    <StructureTag ID="b290-6" LABEL="p"/>
    <StructureTag ID="b290-7" LABEL="p"/>
    </Tags>
  <Layout>
    <Page HEIGHT="2693" ID="PG_290" PHYSICAL_IMG_NR="290" WIDTH="1648">
      <PrintSpace HEIGHT="2693" HPOS="0" ID="PS_290" VPOS="0" WIDTH="1648">
        <TextBlock HEIGHT="33.0" HPOS="314.0" ID="BL_290.1" TAGREFS="b290-1" VPOS="282.0" WIDTH="68.0">
          <TextLine HEIGHT="33" HPOS="314" ID="TL_290.1.1" VPOS="282" WIDTH="68">
            <String CONTENT="262" HEIGHT="33" HPOS="314" ID="ST_290.1.1.1" STYLEREFS="Style_3" VPOS="282" WIDTH="68" WC="0.98" CC="000" TAGREFS=""/>
          </TextLine>
        </TextBlock>
        <TextBlock HEIGHT="45.0" HPOS="403.0" ID="BL_290.3" TAGREFS="b290-3" VPOS="419.0" WIDTH="520.0">
          <TextLine HEIGHT="45" HPOS="403" ID="TL_290.3.1" VPOS="419" WIDTH="520">
            <String CONTENT="John" HEIGHT="35" HPOS="403" ID="ST_290.3.1.1" STYLEREFS="Style_4" VPOS="420" WIDTH="94" WC="1.00" CC="0000" TAGREFS=""/>
            <SP HPOS="497" ID="SP_290.3.1.2" VPOS="421" WIDTH="19"/>
            <String CONTENT="Bynum," HEIGHT="42" HPOS="516" ID="ST_290.3.1.3" STYLEREFS="Style_4" VPOS="421" WIDTH="147" WC="0.91" CC="000090" TAGREFS=""/>
            <SP HPOS="663" ID="SP_290.3.1.4" VPOS="419" WIDTH="22"/>
            <String CONTENT="for" HEIGHT="35" HPOS="685" ID="ST_290.3.1.5" STYLEREFS="Style_2" VPOS="419" WIDTH="53" WC="1.00" CC="000" TAGREFS=""/>
            <SP HPOS="738" ID="SP_290.3.1.6" VPOS="419" WIDTH="20"/>
            <String CONTENT="appellee." HEIGHT="45" HPOS="758" ID="ST_290.3.1.7" STYLEREFS="Style_2" VPOS="419" WIDTH="165" WC="0.99" CC="000000000" TAGREFS=""/>
          </TextLine>
        </TextBlock>
        <TextBlock HEIGHT="41.0" HPOS="404.0" ID="BL_290.4" TAGREFS="b290-4" VPOS="496.0" WIDTH="537.0">
          <TextLine HEIGHT="41" HPOS="404" ID="TL_290.4.1" VPOS="496" WIDTH="537">
            <String CONTENT="Darrell" HEIGHT="35" HPOS="404" ID="ST_290.4.1.1" STYLEREFS="Style_3" VPOS="496" WIDTH="180" WC="0.71" CC="0000000" TAGREFS=""/>
            <SP HPOS="584" ID="SP_290.4.1.2" VPOS="497" WIDTH="9"/>
            <String CONTENT="Hickman," HEIGHT="40" HPOS="593" ID="ST_290.4.1.3" STYLEREFS="Style_3" VPOS="497" WIDTH="197" WC="0.77" CC="00000000" TAGREFS=""/>
            <SP HPOS="790" ID="SP_290.4.1.4" VPOS="496" WIDTH="10"/>
            <String CONTENT="Justice." HEIGHT="35" HPOS="800" ID="ST_290.4.1.5" STYLEREFS="Style_2" VPOS="496" WIDTH="141" WC="0.98" CC="00000000" TAGREFS=""/>
          </TextLine>
        </TextBlock>
        <TextBlock HEIGHT="35.0" HPOS="952.0" ID="BL_290.5" TAGREFS="ACF" VPOS="496.0" WIDTH="574.0">
          <TextLine HEIGHT="35" HPOS="952" ID="TL_290.5.1" VPOS="496" WIDTH="574">
            <String CONTENT="This" HEIGHT="34" HPOS="952" ID="ST_290.5.1.1" STYLEREFS="Style_2" VPOS="496" WIDTH="83" WC="1.00" CC="0000" TAGREFS=""/>
            <SP HPOS="1035" ID="SP_290.5.1.2" VPOS="496" WIDTH="9"/>
            <String CONTENT="is" HEIGHT="34" HPOS="1044" ID="ST_290.5.1.3" STYLEREFS="Style_2" VPOS="496" WIDTH="28" WC="0.98" CC="00" TAGREFS=""/>
            <SP HPOS="1072" ID="SP_290.5.1.4" VPOS="507" WIDTH="9"/>
            <String CONTENT="an" HEIGHT="24" HPOS="1081" ID="ST_290.5.1.5" STYLEREFS="Style_2" VPOS="507" WIDTH="45" WC="0.82" CC="00" TAGREFS=""/>
            <SP HPOS="1126" ID="SP_290.5.1.6" VPOS="496" WIDTH="9"/>
            <String CONTENT="annexation" HEIGHT="35" HPOS="1135" ID="ST_290.5.1.7" STYLEREFS="Style_2" VPOS="496" WIDTH="208" WC="0.94" CC="0000000000" TAGREFS=""/>
            <SP HPOS="1343" ID="SP_290.5.1.8" VPOS="507" WIDTH="9"/>
            <String CONTENT="case." HEIGHT="23" HPOS="1352" ID="ST_290.5.1.9" STYLEREFS="Style_2" VPOS="507" WIDTH="89" WC="1.00" CC="00000" TAGREFS=""/>
            <SP HPOS="1441" ID="SP_290.5.1.10" VPOS="496" WIDTH="11"/>
            <String CONTENT="The" HEIGHT="35" HPOS="1452" ID="ST_290.5.1.11" STYLEREFS="Style_2" VPOS="496" WIDTH="74" WC="1.00" CC="000" TAGREFS=""/>
          </TextLine>
        </TextBlock>
        <TextBlock HEIGHT="589.0" HPOS="310.0" ID="BL_290.6" TAGREFS="ACF" VPOS="545.0" WIDTH="1215.0">
          <TextLine HEIGHT="45" HPOS="313" ID="TL_290.6.1" VPOS="545" WIDTH="1212">
            <String CONTENT="City" HEIGHT="44" HPOS="313" ID="ST_290.6.1.1" STYLEREFS="Style_2" VPOS="546" WIDTH="82" WC="0.81" CC="0000" TAGREFS=""/>
            <SP HPOS="395" ID="SP_290.6.1.2" VPOS="546" WIDTH="18"/>
            <String CONTENT="of" HEIGHT="35" HPOS="413" ID="ST_290.6.1.3" STYLEREFS="Style_2" VPOS="546" WIDTH="39" WC="1.00" CC="00" TAGREFS=""/>
            <SP HPOS="452" ID="SP_290.6.1.4" VPOS="546" WIDTH="16"/>
            <String CONTENT="Russellville" HEIGHT="35" HPOS="468" ID="ST_290.6.1.5" STYLEREFS="Style_2" VPOS="546" WIDTH="217" WC="0.95" CC="000000000000" TAGREFS=""/>
            <SP HPOS="685" ID="SP_290.6.1.6" VPOS="546" WIDTH="17"/>
            <String CONTENT="sought" HEIGHT="44" HPOS="702" ID="ST_290.6.1.7" STYLEREFS="Style_2" VPOS="546" WIDTH="125" WC="1.00" CC="000000" TAGREFS=""/>
            <SP HPOS="827" ID="SP_290.6.1.8" VPOS="551" WIDTH="18"/>
            <String CONTENT="to" HEIGHT="29" HPOS="845" ID="ST_290.6.1.9" STYLEREFS="Style_2" VPOS="551" WIDTH="36" WC="1.00" CC="00" TAGREFS=""/>
            <SP HPOS="881" ID="SP_290.6.1.10" VPOS="557" WIDTH="18"/>
            <String CONTENT="annex" HEIGHT="23" HPOS="899" ID="ST_290.6.1.11" STYLEREFS="Style_2" VPOS="557" WIDTH="112" WC="0.99" CC="00000" TAGREFS=""/>
            <SP HPOS="1011" ID="SP_290.6.1.12" VPOS="547" WIDTH="19"/>
            <String CONTENT="4,150" HEIGHT="40" HPOS="1030" ID="ST_290.6.1.13" STYLEREFS="Style_2" VPOS="547" WIDTH="104" WC="0.93" CC="09990" TAGREFS=""/>
            <SP HPOS="1134" ID="SP_290.6.1.14" VPOS="556" WIDTH="18"/>
            <String CONTENT="acres" HEIGHT="25" HPOS="1152" ID="ST_290.6.1.15" STYLEREFS="Style_2" VPOS="556" WIDTH="97" WC="1.00" CC="00000" TAGREFS=""/>
            <SP HPOS="1249" ID="SP_290.6.1.16" VPOS="545" WIDTH="18"/>
            <String CONTENT="of" HEIGHT="35" HPOS="1267" ID="ST_290.6.1.17" STYLEREFS="Style_2" VPOS="545" WIDTH="40" WC="1.00" CC="00" TAGREFS=""/>
            <SP HPOS="1307" ID="SP_290.6.1.18" VPOS="546" WIDTH="15"/>
            <String CONTENT="contiguous" HEIGHT="43" HPOS="1322" ID="ST_290.6.1.19" STYLEREFS="Style_2" VPOS="546" WIDTH="203" WC="0.95" CC="0000000000" TAGREFS=""/>
          </TextLine>
          <TextLine HEIGHT="44" HPOS="312" ID="TL_290.6.2" VPOS="596" WIDTH="1213">
            <String CONTENT="lands." HEIGHT="35" HPOS="312" ID="ST_290.6.2.1" STYLEREFS="Style_2" VPOS="596" WIDTH="109" WC="0.92" CC="000000" TAGREFS=""/>
            <SP HPOS="421" ID="SP_290.6.2.2" VPOS="596" WIDTH="11"/>
            <String CONTENT="The" HEIGHT="35" HPOS="432" ID="ST_290.6.2.3" STYLEREFS="Style_2" VPOS="596" WIDTH="74" WC="0.95" CC="000" TAGREFS=""/>
            <SP HPOS="506" ID="SP_290.6.2.4" VPOS="607" WIDTH="9"/>
            <String CONTENT="area" HEIGHT="23" HPOS="515" ID="ST_290.6.2.5" STYLEREFS="Style_2" VPOS="607" WIDTH="81" WC="1.00" CC="0000" TAGREFS=""/>
            <SP HPOS="596" ID="SP_290.6.2.6" VPOS="596" WIDTH="10"/>
            <String CONTENT="sought" HEIGHT="43" HPOS="606" ID="ST_290.6.2.7" STYLEREFS="Style_2" VPOS="596" WIDTH="125" WC="1.00" CC="000000" TAGREFS=""/>
            <SP HPOS="731" ID="SP_290.6.2.8" VPOS="601" WIDTH="8"/>
            <String CONTENT="to" HEIGHT="30" HPOS="739" ID="ST_290.6.2.9" STYLEREFS="Style_2" VPOS="601" WIDTH="36" WC="1.00" CC="00" TAGREFS=""/>
            <SP HPOS="775" ID="SP_290.6.2.10" VPOS="596" WIDTH="9"/>
            <String CONTENT="be" HEIGHT="35" HPOS="784" ID="ST_290.6.2.11" STYLEREFS="Style_2" VPOS="596" WIDTH="43" WC="0.56" CC="00" TAGREFS=""/>
            <SP HPOS="827" ID="SP_290.6.2.12" VPOS="596" WIDTH="9"/>
            <String CONTENT="annexed" HEIGHT="34" HPOS="836" ID="ST_290.6.2.13" STYLEREFS="Style_2" VPOS="596" WIDTH="156" WC="0.86" CC="0000000" TAGREFS=""/>
            <SP HPOS="992" ID="SP_290.6.2.14" VPOS="606" WIDTH="10"/>
            <String CONTENT="encompasses" HEIGHT="34" HPOS="1002" ID="ST_290.6.2.15" STYLEREFS="Style_2" VPOS="606" WIDTH="240" WC="0.99" CC="00000000000" TAGREFS=""/>
            <SP HPOS="1242" ID="SP_290.6.2.16" VPOS="596" WIDTH="10"/>
            <String CONTENT="three" HEIGHT="34" HPOS="1252" ID="ST_290.6.2.17" STYLEREFS="Style_2" VPOS="596" WIDTH="97" WC="0.97" CC="00000" TAGREFS=""/>
            <SP HPOS="1349" ID="SP_290.6.2.18" VPOS="596" WIDTH="9"/>
            <String CONTENT="irregular" HEIGHT="43" HPOS="1358" ID="ST_290.6.2.19" STYLEREFS="Style_2" VPOS="596" WIDTH="167" WC="0.94" CC="000000000" TAGREFS=""/>
          </TextLine>
          <TextLine HEIGHT="45" HPOS="312" ID="TL_290.6.3" VPOS="645" WIDTH="1211">
            <String CONTENT="tracts" HEIGHT="30" HPOS="312" ID="ST_290.6.3.1" STYLEREFS="Style_2" VPOS="651" WIDTH="107" WC="0.98" CC="000000" TAGREFS=""/>
            <SP HPOS="419" ID="SP_290.6.3.2" VPOS="646" WIDTH="14"/>
            <String CONTENT="of" HEIGHT="34" HPOS="433" ID="ST_290.6.3.3" STYLEREFS="Style_2" VPOS="646" WIDTH="40" WC="1.00" CC="00" TAGREFS=""/>
            <SP HPOS="473" ID="SP_290.6.3.4" VPOS="645" WIDTH="11"/>
            <String CONTENT="land" HEIGHT="35" HPOS="484" ID="ST_290.6.3.5" STYLEREFS="Style_2" VPOS="645" WIDTH="81" WC="0.85" CC="0000" TAGREFS=""/>
            <SP HPOS="565" ID="SP_290.6.3.6" VPOS="646" WIDTH="15"/>
            <String CONTENT="in" HEIGHT="34" HPOS="580" ID="ST_290.6.3.7" STYLEREFS="Style_2" VPOS="646" WIDTH="34" WC="0.72" CC="00" TAGREFS=""/>
            <SP HPOS="614" ID="SP_290.6.3.8" VPOS="646" WIDTH="14"/>
            <String CONTENT="the" HEIGHT="34" HPOS="628" ID="ST_290.6.3.9" STYLEREFS="Style_2" VPOS="646" WIDTH="60" WC="0.79" CC="000" TAGREFS=""/>
            <SP HPOS="688" ID="SP_290.6.3.10" VPOS="651" WIDTH="13"/>
            <String CONTENT="western" HEIGHT="30" HPOS="701" ID="ST_290.6.3.11" STYLEREFS="Style_2" VPOS="651" WIDTH="146" WC="0.94" CC="0000000" TAGREFS=""/>
            <SP HPOS="847" ID="SP_290.6.3.12" VPOS="651" WIDTH="14"/>
            <String CONTENT="part" HEIGHT="38" HPOS="861" ID="ST_290.6.3.13" STYLEREFS="Style_2" VPOS="651" WIDTH="78" WC="0.91" CC="0000" TAGREFS=""/>
            <SP HPOS="939" ID="SP_290.6.3.14" VPOS="645" WIDTH="14"/>
            <String CONTENT="of" HEIGHT="35" HPOS="953" ID="ST_290.6.3.15" STYLEREFS="Style_2" VPOS="645" WIDTH="39" WC="1.00" CC="00" TAGREFS=""/>
            <SP HPOS="992" ID="SP_290.6.3.16" VPOS="646" WIDTH="11"/>
            <String CONTENT="the" HEIGHT="34" HPOS="1003" ID="ST_290.6.3.17" STYLEREFS="Style_2" VPOS="646" WIDTH="59" WC="0.99" CC="000" TAGREFS=""/>
            <SP HPOS="1062" ID="SP_290.6.3.18" VPOS="646" WIDTH="14"/>
            <String CONTENT="city," HEIGHT="44" HPOS="1076" ID="ST_290.6.3.19" STYLEREFS="Style_2" VPOS="646" WIDTH="80" WC="1.00" CC="00000" TAGREFS=""/>
            <SP HPOS="1156" ID="SP_290.6.3.20" VPOS="645" WIDTH="16"/>
            <String CONTENT="extending" HEIGHT="44" HPOS="1172" ID="ST_290.6.3.21" STYLEREFS="Style_2" VPOS="645" WIDTH="185" WC="0.93" CC="000000000" TAGREFS=""/>
            <SP HPOS="1357" ID="SP_290.6.3.22" VPOS="646" WIDTH="15"/>
            <String CONTENT="Russell-" HEIGHT="34" HPOS="1372" ID="ST_290.6.3.23" STYLEREFS="Style_2" VPOS="646" WIDTH="151" WC="0.94" CC="00000000" TAGREFS=""/>
          </TextLine>
          <TextLine HEIGHT="44" HPOS="311" ID="TL_290.6.4" VPOS="695" WIDTH="1212">
            <String CONTENT="ville’s" HEIGHT="34" HPOS="311" ID="ST_290.6.4.1" STYLEREFS="Style_2" VPOS="696" WIDTH="107" WC="0.86" CC="0000090" TAGREFS=""/>
            <SP HPOS="418" ID="SP_290.6.4.2" VPOS="695" WIDTH="14"/>
            <String CONTENT="boundaries" HEIGHT="35" HPOS="432" ID="ST_290.6.4.3" STYLEREFS="Style_2" VPOS="695" WIDTH="207" WC="0.97" CC="0000000000" TAGREFS=""/>
            <SP HPOS="639" ID="SP_290.6.4.4" VPOS="695" WIDTH="13"/>
            <String CONTENT="uniformly" HEIGHT="44" HPOS="652" ID="ST_290.6.4.5" STYLEREFS="Style_2" VPOS="695" WIDTH="188" WC="0.90" CC="000000000" TAGREFS=""/>
            <SP HPOS="840" ID="SP_290.6.4.6" VPOS="700" WIDTH="13"/>
            <String CONTENT="to" HEIGHT="29" HPOS="853" ID="ST_290.6.4.7" STYLEREFS="Style_2" VPOS="700" WIDTH="35" WC="1.00" CC="00" TAGREFS=""/>
            <SP HPOS="888" ID="SP_290.6.4.8" VPOS="696" WIDTH="14"/>
            <String CONTENT="Lake" HEIGHT="33" HPOS="902" ID="ST_290.6.4.9" STYLEREFS="Style_2" VPOS="696" WIDTH="95" WC="1.00" CC="0000" TAGREFS=""/>
            <SP HPOS="997" ID="SP_290.6.4.10" VPOS="695" WIDTH="13"/>
            <String CONTENT="Dardanelle" HEIGHT="35" HPOS="1010" ID="ST_290.6.4.11" STYLEREFS="Style_2" VPOS="695" WIDTH="211" WC="0.89" CC="0000000000" TAGREFS=""/>
            <SP HPOS="1221" ID="SP_290.6.4.12" VPOS="695" WIDTH="13"/>
            <String CONTENT="and" HEIGHT="34" HPOS="1234" ID="ST_290.6.4.13" STYLEREFS="Style_2" VPOS="695" WIDTH="68" WC="0.67" CC="000" TAGREFS=""/>
            <SP HPOS="1302" ID="SP_290.6.4.14" VPOS="696" WIDTH="14"/>
            <String CONTENT="the" HEIGHT="33" HPOS="1316" ID="ST_290.6.4.15" STYLEREFS="Style_2" VPOS="696" WIDTH="59" WC="0.90" CC="000" TAGREFS=""/>
            <SP HPOS="1375" ID="SP_290.6.4.16" VPOS="696" WIDTH="12"/>
            <String CONTENT="Arkan-" HEIGHT="34" HPOS="1387" ID="ST_290.6.4.17" STYLEREFS="Style_2" VPOS="696" WIDTH="136" WC="0.87" CC="000000" TAGREFS=""/>
          </TextLine>
          <TextLine HEIGHT="44" HPOS="311" ID="TL_290.6.5" VPOS="744" WIDTH="1212">
            <String CONTENT="sas" HEIGHT="23" HPOS="311" ID="ST_290.6.5.1" STYLEREFS="Style_2" VPOS="756" WIDTH="55" WC="1.00" CC="000" TAGREFS=""/>
            <SP HPOS="366" ID="SP_290.6.5.2" VPOS="745" WIDTH="22"/>
            <String CONTENT="River." HEIGHT="34" HPOS="388" ID="ST_290.6.5.3" STYLEREFS="Style_2" VPOS="745" WIDTH="115" WC="0.96" CC="000000" TAGREFS=""/>
            <SP HPOS="503" ID="SP_290.6.5.4" VPOS="745" WIDTH="23"/>
            <String CONTENT="The" HEIGHT="34" HPOS="526" ID="ST_290.6.5.5" STYLEREFS="Style_2" VPOS="745" WIDTH="74" WC="1.00" CC="000" TAGREFS=""/>
            <SP HPOS="600" ID="SP_290.6.5.6" VPOS="745" WIDTH="21"/>
            <String CONTENT="city" HEIGHT="43" HPOS="621" ID="ST_290.6.5.7" STYLEREFS="Style_2" VPOS="745" WIDTH="70" WC="0.98" CC="0000" TAGREFS=""/>
            <SP HPOS="691" ID="SP_290.6.5.8" VPOS="744" WIDTH="21"/>
            <String CONTENT="already" HEIGHT="44" HPOS="712" ID="ST_290.6.5.9" STYLEREFS="Style_2" VPOS="744" WIDTH="141" WC="0.93" CC="0000000" TAGREFS=""/>
            <SP HPOS="853" ID="SP_290.6.5.10" VPOS="745" WIDTH="21"/>
            <String CONTENT="touched" HEIGHT="34" HPOS="874" ID="ST_290.6.5.11" STYLEREFS="Style_2" VPOS="745" WIDTH="150" WC="0.94" CC="0000000" TAGREFS=""/>
            <SP HPOS="1024" ID="SP_290.6.5.12" VPOS="745" WIDTH="22"/>
            <String CONTENT="these" HEIGHT="34" HPOS="1046" ID="ST_290.6.5.13" STYLEREFS="Style_2" VPOS="745" WIDTH="97" WC="1.00" CC="00000" TAGREFS=""/>
            <SP HPOS="1143" ID="SP_290.6.5.14" VPOS="744" WIDTH="21"/>
            <String CONTENT="bodies" HEIGHT="35" HPOS="1164" ID="ST_290.6.5.15" STYLEREFS="Style_2" VPOS="744" WIDTH="118" WC="1.00" CC="000000" TAGREFS=""/>
            <SP HPOS="1282" ID="SP_290.6.5.16" VPOS="744" WIDTH="22"/>
            <String CONTENT="of" HEIGHT="35" HPOS="1304" ID="ST_290.6.5.17" STYLEREFS="Style_2" VPOS="744" WIDTH="39" WC="1.00" CC="00" TAGREFS=""/>
            <SP HPOS="1343" ID="SP_290.6.5.18" VPOS="750" WIDTH="18"/>
            <String CONTENT="water" HEIGHT="29" HPOS="1361" ID="ST_290.6.5.19" STYLEREFS="Style_2" VPOS="750" WIDTH="106" WC="1.00" CC="00000" TAGREFS=""/>
            <SP HPOS="1467" ID="SP_290.6.5.20" VPOS="746" WIDTH="22"/>
            <String CONTENT="in" HEIGHT="33" HPOS="1489" ID="ST_290.6.5.21" STYLEREFS="Style_2" VPOS="746" WIDTH="34" WC="1.00" CC="00" TAGREFS=""/>
          </TextLine>
          <TextLine HEIGHT="45" HPOS="311" ID="TL_290.6.6" VPOS="794" WIDTH="1213">
            <String CONTENT="several" HEIGHT="34" HPOS="311" ID="ST_290.6.6.1" STYLEREFS="Style_2" VPOS="795" WIDTH="131" WC="0.71" CC="0000000" TAGREFS=""/>
            <SP HPOS="442" ID="SP_290.6.6.2" VPOS="794" WIDTH="21"/>
            <String CONTENT="places." HEIGHT="45" HPOS="463" ID="ST_290.6.6.3" STYLEREFS="Style_2" VPOS="794" WIDTH="126" WC="0.76" CC="0000000" TAGREFS=""/>
            <SP HPOS="589" ID="SP_290.6.6.4" VPOS="795" WIDTH="23"/>
            <String CONTENT="An" HEIGHT="33" HPOS="612" ID="ST_290.6.6.5" STYLEREFS="Style_2" VPOS="795" WIDTH="57" WC="0.27" CC="00" TAGREFS=""/>
            <SP HPOS="669" ID="SP_290.6.6.6" VPOS="794" WIDTH="22"/>
            <String CONTENT="election" HEIGHT="35" HPOS="691" ID="ST_290.6.6.7" STYLEREFS="Style_2" VPOS="794" WIDTH="146" WC="0.57" CC="00000000" TAGREFS=""/>
            <SP HPOS="837" ID="SP_290.6.6.8" VPOS="805" WIDTH="21"/>
            <String CONTENT="was" HEIGHT="24" HPOS="858" ID="ST_290.6.6.9" STYLEREFS="Style_2" VPOS="805" WIDTH="71" WC="0.69" CC="000" TAGREFS=""/>
            <SP HPOS="929" ID="SP_290.6.6.10" VPOS="794" WIDTH="22"/>
            <String CONTENT="held" HEIGHT="35" HPOS="951" ID="ST_290.6.6.11" STYLEREFS="Style_2" VPOS="794" WIDTH="80" WC="0.44" CC="0000" TAGREFS=""/>
            <SP HPOS="1031" ID="SP_290.6.6.12" VPOS="795" WIDTH="22"/>
            <String CONTENT="and" HEIGHT="34" HPOS="1053" ID="ST_290.6.6.13" STYLEREFS="Style_2" VPOS="795" WIDTH="69" WC="0.58" CC="000" TAGREFS=""/>
            <SP HPOS="1122" ID="SP_290.6.6.14" VPOS="795" WIDTH="20"/>
            <String CONTENT="the" HEIGHT="34" HPOS="1142" ID="ST_290.6.6.15" STYLEREFS="Style_2" VPOS="795" WIDTH="61" WC="0.64" CC="000" TAGREFS=""/>
            <SP HPOS="1203" ID="SP_290.6.6.16" VPOS="795" WIDTH="20"/>
            <String CONTENT="annexation" HEIGHT="34" HPOS="1223" ID="ST_290.6.6.17" STYLEREFS="Style_2" VPOS="795" WIDTH="210" WC="0.80" CC="0000000000" TAGREFS=""/>
            <SP HPOS="1433" ID="SP_290.6.6.18" VPOS="806" WIDTH="20"/>
            <String CONTENT="was" HEIGHT="23" HPOS="1453" ID="ST_290.6.6.19" STYLEREFS="Style_2" VPOS="806" WIDTH="71" WC="0.66" CC="000" TAGREFS=""/>
          </TextLine>
          <TextLine HEIGHT="45" HPOS="312" ID="TL_290.6.7" VPOS="843" WIDTH="1212">
            <String CONTENT="approved" HEIGHT="45" HPOS="312" ID="ST_290.6.7.1" STYLEREFS="Style_2" VPOS="843" WIDTH="172" WC="0.98" CC="00000000" TAGREFS=""/>
            <SP HPOS="484" ID="SP_290.6.7.2" VPOS="844" WIDTH="15"/>
            <String CONTENT="by" HEIGHT="43" HPOS="499" ID="ST_290.6.7.3" STYLEREFS="Style_2" VPOS="844" WIDTH="45" WC="0.94" CC="00" TAGREFS=""/>
            <SP HPOS="544" ID="SP_290.6.7.4" VPOS="855" WIDTH="14"/>
            <String CONTENT="a" HEIGHT="23" HPOS="558" ID="ST_290.6.7.5" STYLEREFS="Style_2" VPOS="855" WIDTH="20" WC="1.00" CC="0" TAGREFS=""/>
            <SP HPOS="578" ID="SP_290.6.7.6" VPOS="849" WIDTH="14"/>
            <String CONTENT="vote" HEIGHT="30" HPOS="592" ID="ST_290.6.7.7" STYLEREFS="Style_2" VPOS="849" WIDTH="78" WC="1.00" CC="0000" TAGREFS=""/>
            <SP HPOS="670" ID="SP_290.6.7.8" VPOS="844" WIDTH="14"/>
            <String CONTENT="of" HEIGHT="35" HPOS="684" ID="ST_290.6.7.9" STYLEREFS="Style_2" VPOS="844" WIDTH="39" WC="1.00" CC="00" TAGREFS=""/>
            <SP HPOS="723" ID="SP_290.6.7.10" VPOS="846" WIDTH="13"/>
            <String CONTENT="571" HEIGHT="33" HPOS="736" ID="ST_290.6.7.11" STYLEREFS="Style_2" VPOS="846" WIDTH="62" WC="1.00" CC="000" TAGREFS=""/>
            <SP HPOS="798" ID="SP_290.6.7.12" VPOS="849" WIDTH="20"/>
            <String CONTENT="to" HEIGHT="29" HPOS="818" ID="ST_290.6.7.13" STYLEREFS="Style_2" VPOS="849" WIDTH="35" WC="0.94" CC="00" TAGREFS=""/>
            <SP HPOS="853" ID="SP_290.6.7.14" VPOS="845" WIDTH="15"/>
            <String CONTENT="210." HEIGHT="34" HPOS="868" ID="ST_290.6.7.15" STYLEREFS="Style_2" VPOS="845" WIDTH="78" WC="0.86" CC="0000" TAGREFS=""/>
            <SP HPOS="946" ID="SP_290.6.7.16" VPOS="844" WIDTH="16"/>
            <String CONTENT="Several" HEIGHT="35" HPOS="962" ID="ST_290.6.7.17" STYLEREFS="Style_2" VPOS="844" WIDTH="141" WC="0.97" CC="0000000" TAGREFS=""/>
            <SP HPOS="1103" ID="SP_290.6.7.18" VPOS="844" WIDTH="14"/>
            <String CONTENT="landowners" HEIGHT="35" HPOS="1117" ID="ST_290.6.7.19" STYLEREFS="Style_2" VPOS="844" WIDTH="215" WC="0.92" CC="0000000000" TAGREFS=""/>
            <SP HPOS="1332" ID="SP_290.6.7.20" VPOS="845" WIDTH="14"/>
            <String CONTENT="contested" HEIGHT="34" HPOS="1346" ID="ST_290.6.7.21" STYLEREFS="Style_2" VPOS="845" WIDTH="178" WC="0.95" CC="000000000" TAGREFS=""/>
          </TextLine>
          <TextLine HEIGHT="45" HPOS="311" ID="TL_290.6.8" VPOS="893" WIDTH="1213">
            <String CONTENT="the" HEIGHT="34" HPOS="311" ID="ST_290.6.8.1" STYLEREFS="Style_2" VPOS="894" WIDTH="59" WC="1.00" CC="000" TAGREFS=""/>
            <SP HPOS="370" ID="SP_290.6.8.2" VPOS="893" WIDTH="24"/>
            <String CONTENT="annexation." HEIGHT="35" HPOS="394" ID="ST_290.6.8.3" STYLEREFS="Style_2" VPOS="893" WIDTH="219" WC="0.92" CC="00000000000" TAGREFS=""/>
            <SP HPOS="613" ID="SP_290.6.8.4" VPOS="894" WIDTH="26"/>
            <String CONTENT="They" HEIGHT="43" HPOS="639" ID="ST_290.6.8.5" STYLEREFS="Style_2" VPOS="894" WIDTH="97" WC="0.91" CC="0000" TAGREFS=""/>
            <SP HPOS="736" ID="SP_290.6.8.6" VPOS="893" WIDTH="24"/>
            <String CONTENT="alleged" HEIGHT="44" HPOS="760" ID="ST_290.6.8.7" STYLEREFS="Style_2" VPOS="893" WIDTH="134" WC="0.98" CC="0000000" TAGREFS=""/>
            <SP HPOS="894" ID="SP_290.6.8.8" VPOS="894" WIDTH="25"/>
            <String CONTENT="the" HEIGHT="34" HPOS="919" ID="ST_290.6.8.9" STYLEREFS="Style_2" VPOS="894" WIDTH="59" WC="1.00" CC="000" TAGREFS=""/>
            <SP HPOS="978" ID="SP_290.6.8.10" VPOS="905" WIDTH="24"/>
            <String CONTENT="areas" HEIGHT="24" HPOS="1002" ID="ST_290.6.8.11" STYLEREFS="Style_2" VPOS="905" WIDTH="99" WC="1.00" CC="00000" TAGREFS=""/>
            <SP HPOS="1101" ID="SP_290.6.8.12" VPOS="905" WIDTH="24"/>
            <String CONTENT="were" HEIGHT="24" HPOS="1125" ID="ST_290.6.8.13" STYLEREFS="Style_2" VPOS="905" WIDTH="89" WC="1.00" CC="0000" TAGREFS=""/>
            <SP HPOS="1214" ID="SP_290.6.8.14" VPOS="899" WIDTH="25"/>
            <String CONTENT="not" HEIGHT="30" HPOS="1239" ID="ST_290.6.8.15" STYLEREFS="Style_2" VPOS="899" WIDTH="59" WC="0.97" CC="000" TAGREFS=""/>
            <SP HPOS="1298" ID="SP_290.6.8.16" VPOS="905" WIDTH="25"/>
            <String CONTENT="proper" HEIGHT="33" HPOS="1323" ID="ST_290.6.8.17" STYLEREFS="Style_2" VPOS="905" WIDTH="123" WC="0.95" CC="000000" TAGREFS=""/>
            <SP HPOS="1446" ID="SP_290.6.8.18" VPOS="895" WIDTH="24"/>
            <String CONTENT="for" HEIGHT="34" HPOS="1470" ID="ST_290.6.8.19" STYLEREFS="Style_2" VPOS="895" WIDTH="54" WC="1.00" CC="000" TAGREFS=""/>
          </TextLine>
          <TextLine HEIGHT="45" HPOS="311" ID="TL_290.6.9" VPOS="943" WIDTH="1212">
            <String CONTENT="municipal" HEIGHT="44" HPOS="311" ID="ST_290.6.9.1" STYLEREFS="Style_2" VPOS="943" WIDTH="188" WC="0.93" CC="000000000" TAGREFS=""/>
            <SP HPOS="499" ID="SP_290.6.9.2" VPOS="953" WIDTH="13"/>
            <String CONTENT="purposes" HEIGHT="33" HPOS="512" ID="ST_290.6.9.3" STYLEREFS="Style_2" VPOS="953" WIDTH="164" WC="1.00" CC="00000000" TAGREFS=""/>
            <SP HPOS="676" ID="SP_290.6.9.4" VPOS="943" WIDTH="14"/>
            <String CONTENT="because" HEIGHT="35" HPOS="690" ID="ST_290.6.9.5" STYLEREFS="Style_2" VPOS="943" WIDTH="148" WC="0.94" CC="0000000" TAGREFS=""/>
            <SP HPOS="838" ID="SP_290.6.9.6" VPOS="943" WIDTH="12"/>
            <String CONTENT="they" HEIGHT="44" HPOS="850" ID="ST_290.6.9.7" STYLEREFS="Style_2" VPOS="943" WIDTH="82" WC="0.93" CC="0000" TAGREFS=""/>
            <SP HPOS="932" ID="SP_290.6.9.8" VPOS="944" WIDTH="12"/>
            <String CONTENT="consisted" HEIGHT="34" HPOS="944" ID="ST_290.6.9.9" STYLEREFS="Style_2" VPOS="944" WIDTH="171" WC="0.93" CC="000000000" TAGREFS=""/>
            <SP HPOS="1115" ID="SP_290.6.9.10" VPOS="944" WIDTH="13"/>
            <String CONTENT="of" HEIGHT="34" HPOS="1128" ID="ST_290.6.9.11" STYLEREFS="Style_2" VPOS="944" WIDTH="40" WC="1.00" CC="00" TAGREFS=""/>
            <SP HPOS="1168" ID="SP_290.6.9.12" VPOS="943" WIDTH="9"/>
            <String CONTENT="farmland," HEIGHT="42" HPOS="1177" ID="ST_290.6.9.13" STYLEREFS="Style_2" VPOS="943" WIDTH="187" WC="0.90" CC="000000000" TAGREFS=""/>
            <SP HPOS="1364" ID="SP_290.6.9.14" VPOS="955" WIDTH="14"/>
            <String CONTENT="swamp-" HEIGHT="33" HPOS="1378" ID="ST_290.6.9.15" STYLEREFS="Style_2" VPOS="955" WIDTH="145" WC="0.97" CC="000000" TAGREFS=""/>
          </TextLine>
          <TextLine HEIGHT="44" HPOS="311" ID="TL_290.6.10" VPOS="992" WIDTH="1213">
            <String CONTENT="land" HEIGHT="34" HPOS="311" ID="ST_290.6.10.1" STYLEREFS="Style_2" VPOS="992" WIDTH="81" WC="0.76" CC="0000" TAGREFS=""/>
            <SP HPOS="392" ID="SP_290.6.10.2" VPOS="992" WIDTH="18"/>
            <String CONTENT="and" HEIGHT="35" HPOS="410" ID="ST_290.6.10.3" STYLEREFS="Style_2" VPOS="992" WIDTH="68" WC="0.98" CC="000" TAGREFS=""/>
            <SP HPOS="478" ID="SP_290.6.10.4" VPOS="1002" WIDTH="18"/>
            <String CONTENT="open" HEIGHT="33" HPOS="496" ID="ST_290.6.10.5" STYLEREFS="Style_2" VPOS="1002" WIDTH="88" WC="0.95" CC="0000" TAGREFS=""/>
            <SP HPOS="584" ID="SP_290.6.10.6" VPOS="992" WIDTH="18"/>
            <String CONTENT="and" HEIGHT="34" HPOS="602" ID="ST_290.6.10.7" STYLEREFS="Style_2" VPOS="992" WIDTH="68" WC="0.79" CC="000" TAGREFS=""/>
            <SP HPOS="670" ID="SP_290.6.10.8" VPOS="992" WIDTH="18"/>
            <String CONTENT="unimproved" HEIGHT="44" HPOS="688" ID="ST_290.6.10.9" STYLEREFS="Style_2" VPOS="992" WIDTH="225" WC="0.91" CC="0000000000" TAGREFS=""/>
            <SP HPOS="913" ID="SP_290.6.10.10" VPOS="992" WIDTH="19"/>
            <String CONTENT="land." HEIGHT="35" HPOS="932" ID="ST_290.6.10.11" STYLEREFS="Style_2" VPOS="992" WIDTH="91" WC="0.99" CC="00000" TAGREFS=""/>
            <SP HPOS="1023" ID="SP_290.6.10.12" VPOS="993" WIDTH="19"/>
            <String CONTENT="After" HEIGHT="34" HPOS="1042" ID="ST_290.6.10.13" STYLEREFS="Style_2" VPOS="993" WIDTH="104" WC="1.00" CC="00000" TAGREFS=""/>
            <SP HPOS="1146" ID="SP_290.6.10.14" VPOS="993" WIDTH="17"/>
            <String CONTENT="the" HEIGHT="34" HPOS="1163" ID="ST_290.6.10.15" STYLEREFS="Style_2" VPOS="993" WIDTH="59" WC="0.95" CC="000" TAGREFS=""/>
            <SP HPOS="1222" ID="SP_290.6.10.16" VPOS="993" WIDTH="18"/>
            <String CONTENT="trial," HEIGHT="40" HPOS="1240" ID="ST_290.6.10.17" STYLEREFS="Style_2" VPOS="993" WIDTH="90" WC="0.94" CC="000000" TAGREFS=""/>
            <SP HPOS="1330" ID="SP_290.6.10.18" VPOS="993" WIDTH="19"/>
            <String CONTENT="the" HEIGHT="34" HPOS="1349" ID="ST_290.6.10.19" STYLEREFS="Style_2" VPOS="993" WIDTH="59" WC="0.99" CC="000" TAGREFS=""/>
            <SP HPOS="1408" ID="SP_290.6.10.20" VPOS="999" WIDTH="17"/>
            <String CONTENT="court" HEIGHT="29" HPOS="1425" ID="ST_290.6.10.21" STYLEREFS="Style_2" VPOS="999" WIDTH="99" WC="0.91" CC="00000" TAGREFS=""/>
          </TextLine>
          <TextLine HEIGHT="45" HPOS="310" ID="TL_290.6.11" VPOS="1040" WIDTH="1211">
            <String CONTENT="dismissed" HEIGHT="35" HPOS="310" ID="ST_290.6.11.1" STYLEREFS="Style_2" VPOS="1041" WIDTH="181" WC="1.00" CC="000000000" TAGREFS=""/>
            <SP HPOS="491" ID="SP_290.6.11.2" VPOS="1040" WIDTH="10"/>
            <String CONTENT="the" HEIGHT="35" HPOS="501" ID="ST_290.6.11.3" STYLEREFS="Style_2" VPOS="1040" WIDTH="59" WC="1.00" CC="000" TAGREFS=""/>
            <SP HPOS="560" ID="SP_290.6.11.4" VPOS="1042" WIDTH="9"/>
            <String CONTENT="complaint," HEIGHT="43" HPOS="569" ID="ST_290.6.11.5" STYLEREFS="Style_2" VPOS="1042" WIDTH="200" WC="0.92" CC="0000000000" TAGREFS=""/>
            <SP HPOS="769" ID="SP_290.6.11.6" VPOS="1041" WIDTH="11"/>
            <String CONTENT="finding" HEIGHT="43" HPOS="780" ID="ST_290.6.11.7" STYLEREFS="Style_2" VPOS="1041" WIDTH="130" WC="0.97" CC="0000000" TAGREFS=""/>
            <SP HPOS="910" ID="SP_290.6.11.8" VPOS="1042" WIDTH="10"/>
            <String CONTENT="the" HEIGHT="34" HPOS="920" ID="ST_290.6.11.9" STYLEREFS="Style_2" VPOS="1042" WIDTH="59" WC="0.86" CC="000" TAGREFS=""/>
            <SP HPOS="979" ID="SP_290.6.11.10" VPOS="1042" WIDTH="10"/>
            <String CONTENT="land" HEIGHT="34" HPOS="989" ID="ST_290.6.11.11" STYLEREFS="Style_2" VPOS="1042" WIDTH="81" WC="0.83" CC="0000" TAGREFS=""/>
            <SP HPOS="1070" ID="SP_290.6.11.12" VPOS="1042" WIDTH="10"/>
            <String CONTENT="suitable" HEIGHT="35" HPOS="1080" ID="ST_290.6.11.13" STYLEREFS="Style_2" VPOS="1042" WIDTH="149" WC="0.95" CC="00000000" TAGREFS=""/>
            <SP HPOS="1229" ID="SP_290.6.11.14" VPOS="1042" WIDTH="9"/>
            <String CONTENT="for" HEIGHT="34" HPOS="1238" ID="ST_290.6.11.15" STYLEREFS="Style_2" VPOS="1042" WIDTH="54" WC="1.00" CC="000" TAGREFS=""/>
            <SP HPOS="1292" ID="SP_290.6.11.16" VPOS="1043" WIDTH="10"/>
            <String CONTENT="annexation." HEIGHT="34" HPOS="1302" ID="ST_290.6.11.17" STYLEREFS="Style_2" VPOS="1043" WIDTH="219" WC="0.90" CC="00000000099" TAGREFS=""/>
          </TextLine>
          <TextLine HEIGHT="43" HPOS="311" ID="TL_290.6.12" VPOS="1091" WIDTH="197">
            <String CONTENT="We" HEIGHT="34" HPOS="311" ID="ST_290.6.12.1" STYLEREFS="Style_2" VPOS="1091" WIDTH="65" WC="1.00" CC="00" TAGREFS=""/>
            <SP HPOS="376" ID="SP_290.6.12.2" VPOS="1101" WIDTH="20"/>
            <String CONTENT="agree." HEIGHT="33" HPOS="396" ID="ST_290.6.12.3" STYLEREFS="Style_2" VPOS="1101" WIDTH="112" WC="0.98" CC="000000" TAGREFS=""/>
          </TextLine>
        </TextBlock>
        <TextBlock HEIGHT="739.0" HPOS="308.0" ID="BL_290.7" TAGREFS="b290-5" VPOS="1167.0" WIDTH="1215.0">
          <TextLine HEIGHT="45" HPOS="401" ID="TL_290.7.1" VPOS="1167" WIDTH="1122">
            <String CONTENT="A" HEIGHT="33" HPOS="540" ID="ST_290.7.1.3" STYLEREFS="Style_2" VPOS="1168" WIDTH="34" WC="1.00" CC="0" TAGREFS=""/>
            <SP HPOS="574" ID="SP_290.7.1.4" VPOS="1167" WIDTH="12"/>
            <String CONTENT="city" HEIGHT="44" HPOS="586" ID="ST_290.7.1.5" STYLEREFS="Style_2" VPOS="1167" WIDTH="70" WC="0.92" CC="0000" TAGREFS=""/>
            <SP HPOS="656" ID="SP_290.7.1.6" VPOS="1178" WIDTH="13"/>
            <String CONTENT="may" HEIGHT="33" HPOS="669" ID="ST_290.7.1.7" STYLEREFS="Style_2" VPOS="1178" WIDTH="81" WC="0.69" CC="000" TAGREFS=""/>
            <SP HPOS="750" ID="SP_290.7.1.8" VPOS="1178" WIDTH="13"/>
            <String CONTENT="annex" HEIGHT="24" HPOS="763" ID="ST_290.7.1.9" STYLEREFS="Style_2" VPOS="1178" WIDTH="112" WC="0.86" CC="00000" TAGREFS=""/>
            <SP HPOS="875" ID="SP_290.7.1.10" VPOS="1167" WIDTH="12"/>
            <String CONTENT="lands" HEIGHT="35" HPOS="887" ID="ST_290.7.1.11" STYLEREFS="Style_2" VPOS="1167" WIDTH="99" WC="1.00" CC="00000" TAGREFS=""/>
            <SP HPOS="986" ID="SP_290.7.1.12" VPOS="1168" WIDTH="13"/>
            <String CONTENT="which" HEIGHT="34" HPOS="999" ID="ST_290.7.1.13" STYLEREFS="Style_2" VPOS="1168" WIDTH="113" WC="0.88" CC="00000" TAGREFS=""/>
            <SP HPOS="1112" ID="SP_290.7.1.14" VPOS="1179" WIDTH="13"/>
            <String CONTENT="are" HEIGHT="23" HPOS="1125" ID="ST_290.7.1.15" STYLEREFS="Style_2" VPOS="1179" WIDTH="59" WC="0.90" CC="000" TAGREFS=""/>
            <SP HPOS="1184" ID="SP_290.7.1.16" VPOS="1168" WIDTH="13"/>
            <String CONTENT="either" HEIGHT="34" HPOS="1197" ID="ST_290.7.1.17" STYLEREFS="Style_2" VPOS="1168" WIDTH="109" WC="1.00" CC="000000" TAGREFS=""/>
            <SP HPOS="1306" ID="SP_290.7.1.18" VPOS="1168" WIDTH="15"/>
            <String CONTENT="(1)" HEIGHT="43" HPOS="1321" ID="ST_290.7.1.19" STYLEREFS="Style_2" VPOS="1168" WIDTH="53" WC="1.00" CC="099" TAGREFS=""/>
            <SP HPOS="1374" ID="SP_290.7.1.20" VPOS="1169" WIDTH="16"/>
            <String CONTENT="platted" HEIGHT="43" HPOS="1390" ID="ST_290.7.1.21" STYLEREFS="Style_2" VPOS="1169" WIDTH="133" WC="1.00" CC="0000000" TAGREFS=""/>
          </TextLine>
          <TextLine HEIGHT="46" HPOS="310" ID="TL_290.7.2" VPOS="1216" WIDTH="1213">
            <String CONTENT="and" HEIGHT="34" HPOS="310" ID="ST_290.7.2.1" STYLEREFS="Style_2" VPOS="1217" WIDTH="69" WC="0.82" CC="000" TAGREFS=""/>
            <SP HPOS="379" ID="SP_290.7.2.2" VPOS="1217" WIDTH="13"/>
            <String CONTENT="held" HEIGHT="35" HPOS="392" ID="ST_290.7.2.3" STYLEREFS="Style_2" VPOS="1217" WIDTH="79" WC="0.91" CC="0000" TAGREFS=""/>
            <SP HPOS="471" ID="SP_290.7.2.4" VPOS="1216" WIDTH="14"/>
            <String CONTENT="for" HEIGHT="35" HPOS="485" ID="ST_290.7.2.5" STYLEREFS="Style_2" VPOS="1216" WIDTH="54" WC="0.99" CC="000" TAGREFS=""/>
            <SP HPOS="539" ID="SP_290.7.2.6" VPOS="1217" WIDTH="12"/>
            <String CONTENT="sale" HEIGHT="34" HPOS="551" ID="ST_290.7.2.7" STYLEREFS="Style_2" VPOS="1217" WIDTH="72" WC="1.00" CC="0000" TAGREFS=""/>
            <SP HPOS="623" ID="SP_290.7.2.8" VPOS="1228" WIDTH="12"/>
            <String CONTENT="or" HEIGHT="23" HPOS="635" ID="ST_290.7.2.9" STYLEREFS="Style_2" VPOS="1228" WIDTH="38" WC="1.00" CC="00" TAGREFS=""/>
            <SP HPOS="673" ID="SP_290.7.2.10" VPOS="1228" WIDTH="12"/>
            <String CONTENT="use" HEIGHT="24" HPOS="685" ID="ST_290.7.2.11" STYLEREFS="Style_2" VPOS="1228" WIDTH="62" WC="0.98" CC="000" TAGREFS=""/>
            <SP HPOS="747" ID="SP_290.7.2.12" VPOS="1228" WIDTH="12"/>
            <String CONTENT="as" HEIGHT="24" HPOS="759" ID="ST_290.7.2.13" STYLEREFS="Style_2" VPOS="1228" WIDTH="37" WC="1.00" CC="00" TAGREFS=""/>
            <SP HPOS="796" ID="SP_290.7.2.14" VPOS="1217" WIDTH="14"/>
            <String CONTENT="municipal" HEIGHT="44" HPOS="810" ID="ST_290.7.2.15" STYLEREFS="Style_2" VPOS="1217" WIDTH="188" WC="0.88" CC="000000000" TAGREFS=""/>
            <SP HPOS="998" ID="SP_290.7.2.16" VPOS="1218" WIDTH="13"/>
            <String CONTENT="lots;" HEIGHT="40" HPOS="1011" ID="ST_290.7.2.17" STYLEREFS="Style_2" VPOS="1218" WIDTH="77" WC="0.97" CC="00000" TAGREFS=""/>
            <SP HPOS="1088" ID="SP_290.7.2.18" VPOS="1218" WIDTH="16"/>
            <String CONTENT="(2)" HEIGHT="43" HPOS="1104" ID="ST_290.7.2.19" STYLEREFS="Style_2" VPOS="1218" WIDTH="53" WC="1.00" CC="000" TAGREFS=""/>
            <SP HPOS="1157" ID="SP_290.7.2.20" VPOS="1218" WIDTH="16"/>
            <String CONTENT="whether" HEIGHT="34" HPOS="1173" ID="ST_290.7.2.21" STYLEREFS="Style_2" VPOS="1218" WIDTH="153" WC="0.94" CC="0000000" TAGREFS=""/>
            <SP HPOS="1326" ID="SP_290.7.2.22" VPOS="1218" WIDTH="13"/>
            <String CONTENT="platted" HEIGHT="44" HPOS="1339" ID="ST_290.7.2.23" STYLEREFS="Style_2" VPOS="1218" WIDTH="133" WC="1.00" CC="0000000" TAGREFS=""/>
            <SP HPOS="1472" ID="SP_290.7.2.24" VPOS="1229" WIDTH="13"/>
            <String CONTENT="or" HEIGHT="24" HPOS="1485" ID="ST_290.7.2.25" STYLEREFS="Style_2" VPOS="1229" WIDTH="38" WC="0.82" CC="00" TAGREFS=""/>
          </TextLine>
          <TextLine HEIGHT="46" HPOS="310" ID="TL_290.7.3" VPOS="1266" WIDTH="1211">
            <String CONTENT="not," HEIGHT="36" HPOS="310" ID="ST_290.7.3.1" STYLEREFS="Style_2" VPOS="1272" WIDTH="70" WC="0.93" CC="0000" TAGREFS=""/>
            <SP HPOS="380" ID="SP_290.7.3.2" VPOS="1267" WIDTH="10"/>
            <String CONTENT="if" HEIGHT="34" HPOS="390" ID="ST_290.7.3.3" STYLEREFS="Style_2" VPOS="1267" WIDTH="30" WC="1.00" CC="00" TAGREFS=""/>
            <SP HPOS="420" ID="SP_290.7.3.4" VPOS="1267" WIDTH="6"/>
            <String CONTENT="the" HEIGHT="34" HPOS="426" ID="ST_290.7.3.5" STYLEREFS="Style_2" VPOS="1267" WIDTH="59" WC="0.93" CC="000" TAGREFS=""/>
            <SP HPOS="485" ID="SP_290.7.3.6" VPOS="1266" WIDTH="9"/>
            <String CONTENT="lands" HEIGHT="35" HPOS="494" ID="ST_290.7.3.7" STYLEREFS="Style_2" VPOS="1266" WIDTH="99" WC="0.88" CC="00000" TAGREFS=""/>
            <SP HPOS="593" ID="SP_290.7.3.8" VPOS="1278" WIDTH="9"/>
            <String CONTENT="are" HEIGHT="23" HPOS="602" ID="ST_290.7.3.9" STYLEREFS="Style_2" VPOS="1278" WIDTH="60" WC="1.00" CC="000" TAGREFS=""/>
            <SP HPOS="662" ID="SP_290.7.3.10" VPOS="1267" WIDTH="8"/>
            <String CONTENT="held" HEIGHT="34" HPOS="670" ID="ST_290.7.3.11" STYLEREFS="Style_2" VPOS="1267" WIDTH="80" WC="1.00" CC="0000" TAGREFS=""/>
            <SP HPOS="750" ID="SP_290.7.3.12" VPOS="1272" WIDTH="9"/>
            <String CONTENT="to" HEIGHT="30" HPOS="759" ID="ST_290.7.3.13" STYLEREFS="Style_2" VPOS="1272" WIDTH="35" WC="1.00" CC="00" TAGREFS=""/>
            <SP HPOS="794" ID="SP_290.7.3.14" VPOS="1268" WIDTH="10"/>
            <String CONTENT="be" HEIGHT="34" HPOS="804" ID="ST_290.7.3.15" STYLEREFS="Style_2" VPOS="1268" WIDTH="43" WC="1.00" CC="00" TAGREFS=""/>
            <SP HPOS="847" ID="SP_290.7.3.16" VPOS="1267" WIDTH="8"/>
            <String CONTENT="sold" HEIGHT="34" HPOS="855" ID="ST_290.7.3.17" STYLEREFS="Style_2" VPOS="1267" WIDTH="74" WC="1.00" CC="0000" TAGREFS=""/>
            <SP HPOS="929" ID="SP_290.7.3.18" VPOS="1278" WIDTH="9"/>
            <String CONTENT="as" HEIGHT="23" HPOS="938" ID="ST_290.7.3.19" STYLEREFS="Style_2" VPOS="1278" WIDTH="38" WC="1.00" CC="00" TAGREFS=""/>
            <SP HPOS="976" ID="SP_290.7.3.20" VPOS="1268" WIDTH="10"/>
            <String CONTENT="suburban" HEIGHT="34" HPOS="986" ID="ST_290.7.3.21" STYLEREFS="Style_2" VPOS="1268" WIDTH="178" WC="0.98" CC="00000000" TAGREFS=""/>
            <SP HPOS="1164" ID="SP_290.7.3.22" VPOS="1273" WIDTH="9"/>
            <String CONTENT="property;" HEIGHT="39" HPOS="1173" ID="ST_290.7.3.23" STYLEREFS="Style_2" VPOS="1273" WIDTH="172" WC="1.00" CC="000000000" TAGREFS=""/>
            <SP HPOS="1345" ID="SP_290.7.3.24" VPOS="1267" WIDTH="13"/>
            <String CONTENT="(3)" HEIGHT="44" HPOS="1358" ID="ST_290.7.3.25" STYLEREFS="Style_2" VPOS="1267" WIDTH="53" WC="1.00" CC="000" TAGREFS=""/>
            <SP HPOS="1411" ID="SP_290.7.3.26" VPOS="1268" WIDTH="11"/>
            <String CONTENT="when" HEIGHT="35" HPOS="1422" ID="ST_290.7.3.27" STYLEREFS="Style_2" VPOS="1268" WIDTH="99" WC="0.82" CC="0000" TAGREFS=""/>
          </TextLine>
          <TextLine HEIGHT="46" HPOS="309" ID="TL_290.7.4" VPOS="1316" WIDTH="1213">
            <String CONTENT="the" HEIGHT="35" HPOS="309" ID="ST_290.7.4.1" STYLEREFS="Style_2" VPOS="1316" WIDTH="59" WC="0.94" CC="000" TAGREFS=""/>
            <SP HPOS="368" ID="SP_290.7.4.2" VPOS="1316" WIDTH="15"/>
            <String CONTENT="lands" HEIGHT="35" HPOS="383" ID="ST_290.7.4.3" STYLEREFS="Style_2" VPOS="1316" WIDTH="98" WC="0.88" CC="00000" TAGREFS=""/>
            <SP HPOS="481" ID="SP_290.7.4.4" VPOS="1316" WIDTH="15"/>
            <String CONTENT="furnish" HEIGHT="35" HPOS="496" ID="ST_290.7.4.5" STYLEREFS="Style_2" VPOS="1316" WIDTH="135" WC="0.91" CC="0000000" TAGREFS=""/>
            <SP HPOS="631" ID="SP_290.7.4.6" VPOS="1317" WIDTH="15"/>
            <String CONTENT="the" HEIGHT="34" HPOS="646" ID="ST_290.7.4.7" STYLEREFS="Style_2" VPOS="1317" WIDTH="59" WC="1.00" CC="000" TAGREFS=""/>
            <SP HPOS="705" ID="SP_290.7.4.8" VPOS="1317" WIDTH="14"/>
            <String CONTENT="abode" HEIGHT="35" HPOS="719" ID="ST_290.7.4.9" STYLEREFS="Style_2" VPOS="1317" WIDTH="111" WC="0.97" CC="00000" TAGREFS=""/>
            <SP HPOS="830" ID="SP_290.7.4.10" VPOS="1316" WIDTH="14"/>
            <String CONTENT="for" HEIGHT="35" HPOS="844" ID="ST_290.7.4.11" STYLEREFS="Style_2" VPOS="1316" WIDTH="54" WC="0.97" CC="000" TAGREFS=""/>
            <SP HPOS="898" ID="SP_290.7.4.12" VPOS="1328" WIDTH="15"/>
            <String CONTENT="a" HEIGHT="23" HPOS="913" ID="ST_290.7.4.13" STYLEREFS="Style_2" VPOS="1328" WIDTH="20" WC="1.00" CC="0" TAGREFS=""/>
            <SP HPOS="933" ID="SP_290.7.4.14" VPOS="1316" WIDTH="15"/>
            <String CONTENT="densely" HEIGHT="45" HPOS="948" ID="ST_290.7.4.15" STYLEREFS="Style_2" VPOS="1316" WIDTH="141" WC="0.89" CC="0000000" TAGREFS=""/>
            <SP HPOS="1089" ID="SP_290.7.4.16" VPOS="1317" WIDTH="15"/>
            <String CONTENT="settled" HEIGHT="35" HPOS="1104" ID="ST_290.7.4.17" STYLEREFS="Style_2" VPOS="1317" WIDTH="124" WC="1.00" CC="0000000" TAGREFS=""/>
            <SP HPOS="1228" ID="SP_290.7.4.18" VPOS="1318" WIDTH="15"/>
            <String CONTENT="community," HEIGHT="44" HPOS="1243" ID="ST_290.7.4.19" STYLEREFS="Style_2" VPOS="1318" WIDTH="225" WC="0.83" CC="0000000000" TAGREFS=""/>
            <SP HPOS="1468" ID="SP_290.7.4.20" VPOS="1329" WIDTH="16"/>
            <String CONTENT="or" HEIGHT="24" HPOS="1484" ID="ST_290.7.4.21" STYLEREFS="Style_2" VPOS="1329" WIDTH="38" WC="0.88" CC="00" TAGREFS=""/>
          </TextLine>
          <TextLine HEIGHT="45" HPOS="310" ID="TL_290.7.5" VPOS="1366" WIDTH="1211">
            <String CONTENT="represent" HEIGHT="39" HPOS="310" ID="ST_290.7.5.1" STYLEREFS="Style_2" VPOS="1371" WIDTH="174" WC="0.96" CC="000000000" TAGREFS=""/>
            <SP HPOS="484" ID="SP_290.7.5.2" VPOS="1366" WIDTH="14"/>
            <String CONTENT="the" HEIGHT="34" HPOS="498" ID="ST_290.7.5.3" STYLEREFS="Style_2" VPOS="1366" WIDTH="59" WC="1.00" CC="000" TAGREFS=""/>
            <SP HPOS="557" ID="SP_290.7.5.4" VPOS="1367" WIDTH="13"/>
            <String CONTENT="actual" HEIGHT="34" HPOS="570" ID="ST_290.7.5.5" STYLEREFS="Style_2" VPOS="1367" WIDTH="116" WC="0.93" CC="000000" TAGREFS=""/>
            <SP HPOS="686" ID="SP_290.7.5.6" VPOS="1367" WIDTH="14"/>
            <String CONTENT="growth" HEIGHT="43" HPOS="700" ID="ST_290.7.5.7" STYLEREFS="Style_2" VPOS="1367" WIDTH="132" WC="0.92" CC="000000" TAGREFS=""/>
            <SP HPOS="832" ID="SP_290.7.5.8" VPOS="1366" WIDTH="15"/>
            <String CONTENT="of" HEIGHT="35" HPOS="847" ID="ST_290.7.5.9" STYLEREFS="Style_2" VPOS="1366" WIDTH="39" WC="1.00" CC="00" TAGREFS=""/>
            <SP HPOS="886" ID="SP_290.7.5.10" VPOS="1367" WIDTH="11"/>
            <String CONTENT="the" HEIGHT="34" HPOS="897" ID="ST_290.7.5.11" STYLEREFS="Style_2" VPOS="1367" WIDTH="59" WC="1.00" CC="000" TAGREFS=""/>
            <SP HPOS="956" ID="SP_290.7.5.12" VPOS="1368" WIDTH="14"/>
            <String CONTENT="municipality" HEIGHT="43" HPOS="970" ID="ST_290.7.5.13" STYLEREFS="Style_2" VPOS="1368" WIDTH="240" WC="0.98" CC="000000000000" TAGREFS=""/>
            <SP HPOS="1210" ID="SP_290.7.5.14" VPOS="1367" WIDTH="15"/>
            <String CONTENT="beyond" HEIGHT="44" HPOS="1225" ID="ST_290.7.5.15" STYLEREFS="Style_2" VPOS="1367" WIDTH="134" WC="0.96" CC="000000" TAGREFS=""/>
            <SP HPOS="1359" ID="SP_290.7.5.16" VPOS="1368" WIDTH="15"/>
            <String CONTENT="its" HEIGHT="34" HPOS="1374" ID="ST_290.7.5.17" STYLEREFS="Style_2" VPOS="1368" WIDTH="43" WC="1.00" CC="000" TAGREFS=""/>
            <SP HPOS="1417" ID="SP_290.7.5.18" VPOS="1368" WIDTH="14"/>
            <String CONTENT="legal" HEIGHT="43" HPOS="1431" ID="ST_290.7.5.19" STYLEREFS="Style_2" VPOS="1368" WIDTH="90" WC="1.00" CC="00000" TAGREFS=""/>
          </TextLine>
          <TextLine HEIGHT="46" HPOS="309" ID="TL_290.7.6" VPOS="1415" WIDTH="1211">
            <String CONTENT="boundary;" HEIGHT="44" HPOS="309" ID="ST_290.7.6.1" STYLEREFS="Style_2" VPOS="1416" WIDTH="190" WC="0.98" CC="000000000" TAGREFS=""/>
            <SP HPOS="499" ID="SP_290.7.6.2" VPOS="1415" WIDTH="16"/>
            <String CONTENT="(4)" HEIGHT="43" HPOS="515" ID="ST_290.7.6.3" STYLEREFS="Style_2" VPOS="1415" WIDTH="53" WC="1.00" CC="000" TAGREFS=""/>
            <SP HPOS="568" ID="SP_290.7.6.4" VPOS="1416" WIDTH="15"/>
            <String CONTENT="when" HEIGHT="34" HPOS="583" ID="ST_290.7.6.5" STYLEREFS="Style_2" VPOS="1416" WIDTH="98" WC="0.96" CC="0000" TAGREFS=""/>
            <SP HPOS="681" ID="SP_290.7.6.6" VPOS="1416" WIDTH="13"/>
            <String CONTENT="the" HEIGHT="35" HPOS="694" ID="ST_290.7.6.7" STYLEREFS="Style_2" VPOS="1416" WIDTH="60" WC="0.97" CC="000" TAGREFS=""/>
            <SP HPOS="754" ID="SP_290.7.6.8" VPOS="1416" WIDTH="12"/>
            <String CONTENT="lands" HEIGHT="35" HPOS="766" ID="ST_290.7.6.9" STYLEREFS="Style_2" VPOS="1416" WIDTH="97" WC="0.99" CC="00000" TAGREFS=""/>
            <SP HPOS="863" ID="SP_290.7.6.10" VPOS="1427" WIDTH="14"/>
            <String CONTENT="are" HEIGHT="24" HPOS="877" ID="ST_290.7.6.11" STYLEREFS="Style_2" VPOS="1427" WIDTH="59" WC="1.00" CC="000" TAGREFS=""/>
            <SP HPOS="936" ID="SP_290.7.6.12" VPOS="1417" WIDTH="12"/>
            <String CONTENT="needed" HEIGHT="34" HPOS="948" ID="ST_290.7.6.13" STYLEREFS="Style_2" VPOS="1417" WIDTH="132" WC="1.00" CC="000000" TAGREFS=""/>
            <SP HPOS="1080" ID="SP_290.7.6.14" VPOS="1417" WIDTH="13"/>
            <String CONTENT="for" HEIGHT="35" HPOS="1093" ID="ST_290.7.6.15" STYLEREFS="Style_2" VPOS="1417" WIDTH="54" WC="1.00" CC="000" TAGREFS=""/>
            <SP HPOS="1147" ID="SP_290.7.6.16" VPOS="1428" WIDTH="12"/>
            <String CONTENT="any" HEIGHT="32" HPOS="1159" ID="ST_290.7.6.17" STYLEREFS="Style_2" VPOS="1428" WIDTH="68" WC="0.95" CC="000" TAGREFS=""/>
            <SP HPOS="1227" ID="SP_290.7.6.18" VPOS="1427" WIDTH="13"/>
            <String CONTENT="proper" HEIGHT="34" HPOS="1240" ID="ST_290.7.6.19" STYLEREFS="Style_2" VPOS="1427" WIDTH="123" WC="1.00" CC="000000" TAGREFS=""/>
            <SP HPOS="1363" ID="SP_290.7.6.20" VPOS="1418" WIDTH="13"/>
            <String CONTENT="munici­" HEIGHT="34" HPOS="1376" ID="ST_290.7.6.21" STYLEREFS="Style_2" VPOS="1418" WIDTH="144" WC="1.0" CC="0000000" TAGREFS=""/>
          </TextLine>
          <TextLine HEIGHT="44" HPOS="309" ID="TL_290.7.7" VPOS="1466" WIDTH="1211">
            <String CONTENT="pal" HEIGHT="43" HPOS="309" ID="ST_290.7.7.1" STYLEREFS="Style_2" VPOS="1466" WIDTH="57" WC="1.00" CC="000" TAGREFS=""/>
            <SP HPOS="366" ID="SP_290.7.7.2" VPOS="1476" WIDTH="10"/>
            <String CONTENT="purposes" HEIGHT="34" HPOS="376" ID="ST_290.7.7.3" STYLEREFS="Style_2" VPOS="1476" WIDTH="163" WC="0.97" CC="00000000" TAGREFS=""/>
            <SP HPOS="539" ID="SP_290.7.7.4" VPOS="1466" WIDTH="10"/>
            <String CONTENT="such" HEIGHT="34" HPOS="549" ID="ST_290.7.7.5" STYLEREFS="Style_2" VPOS="1466" WIDTH="84" WC="1.00" CC="0000" TAGREFS=""/>
            <SP HPOS="633" ID="SP_290.7.7.6" VPOS="1477" WIDTH="10"/>
            <String CONTENT="as" HEIGHT="23" HPOS="643" ID="ST_290.7.7.7" STYLEREFS="Style_2" VPOS="1477" WIDTH="37" WC="1.00" CC="00" TAGREFS=""/>
            <SP HPOS="680" ID="SP_290.7.7.8" VPOS="1466" WIDTH="11"/>
            <String CONTENT="for" HEIGHT="35" HPOS="691" ID="ST_290.7.7.9" STYLEREFS="Style_2" VPOS="1466" WIDTH="53" WC="0.88" CC="000" TAGREFS=""/>
            <SP HPOS="744" ID="SP_290.7.7.10" VPOS="1467" WIDTH="10"/>
            <String CONTENT="the" HEIGHT="34" HPOS="754" ID="ST_290.7.7.11" STYLEREFS="Style_2" VPOS="1467" WIDTH="58" WC="0.86" CC="000" TAGREFS=""/>
            <SP HPOS="812" ID="SP_290.7.7.12" VPOS="1467" WIDTH="10"/>
            <String CONTENT="extension" HEIGHT="34" HPOS="822" ID="ST_290.7.7.13" STYLEREFS="Style_2" VPOS="1467" WIDTH="176" WC="0.92" CC="000000000" TAGREFS=""/>
            <SP HPOS="998" ID="SP_290.7.7.14" VPOS="1467" WIDTH="10"/>
            <String CONTENT="of" HEIGHT="34" HPOS="1008" ID="ST_290.7.7.15" STYLEREFS="Style_2" VPOS="1467" WIDTH="40" WC="1.00" CC="00" TAGREFS=""/>
            <SP HPOS="1048" ID="SP_290.7.7.16" VPOS="1466" WIDTH="6"/>
            <String CONTENT="needed" HEIGHT="36" HPOS="1054" ID="ST_290.7.7.17" STYLEREFS="Style_2" VPOS="1466" WIDTH="132" WC="0.99" CC="000000" TAGREFS=""/>
            <SP HPOS="1186" ID="SP_290.7.7.18" VPOS="1467" WIDTH="10"/>
            <String CONTENT="police" HEIGHT="43" HPOS="1196" ID="ST_290.7.7.19" STYLEREFS="Style_2" VPOS="1467" WIDTH="110" WC="0.99" CC="000000" TAGREFS=""/>
            <SP HPOS="1306" ID="SP_290.7.7.20" VPOS="1468" WIDTH="10"/>
            <String CONTENT="regulation;" HEIGHT="42" HPOS="1316" ID="ST_290.7.7.21" STYLEREFS="Style_2" VPOS="1468" WIDTH="204" WC="0.93" CC="00000000000" TAGREFS=""/>
          </TextLine>
          <TextLine HEIGHT="46" HPOS="309" ID="TL_290.7.8" VPOS="1515" WIDTH="1213">
            <String CONTENT="or" HEIGHT="24" HPOS="309" ID="ST_290.7.8.1" STYLEREFS="Style_2" VPOS="1526" WIDTH="38" WC="1.00" CC="00" TAGREFS=""/>
            <SP HPOS="347" ID="SP_290.7.8.2" VPOS="1515" WIDTH="16"/>
            <String CONTENT="(5)" HEIGHT="44" HPOS="363" ID="ST_290.7.8.3" STYLEREFS="Style_2" VPOS="1515" WIDTH="53" WC="0.77" CC="900" TAGREFS=""/>
            <SP HPOS="416" ID="SP_290.7.8.4" VPOS="1516" WIDTH="15"/>
            <String CONTENT="when" HEIGHT="34" HPOS="431" ID="ST_290.7.8.5" STYLEREFS="Style_2" VPOS="1516" WIDTH="98" WC="0.75" CC="0000" TAGREFS=""/>
            <SP HPOS="529" ID="SP_290.7.8.6" VPOS="1515" WIDTH="14"/>
            <String CONTENT="they" HEIGHT="44" HPOS="543" ID="ST_290.7.8.7" STYLEREFS="Style_2" VPOS="1515" WIDTH="81" WC="0.92" CC="0000" TAGREFS=""/>
            <SP HPOS="624" ID="SP_290.7.8.8" VPOS="1527" WIDTH="12"/>
            <String CONTENT="are" HEIGHT="23" HPOS="636" ID="ST_290.7.8.9" STYLEREFS="Style_2" VPOS="1527" WIDTH="60" WC="0.99" CC="000" TAGREFS=""/>
            <SP HPOS="696" ID="SP_290.7.8.10" VPOS="1516" WIDTH="11"/>
            <String CONTENT="valuable" HEIGHT="35" HPOS="707" ID="ST_290.7.8.11" STYLEREFS="Style_2" VPOS="1516" WIDTH="160" WC="0.79" CC="00000000" TAGREFS=""/>
            <SP HPOS="867" ID="SP_290.7.8.12" VPOS="1516" WIDTH="12"/>
            <String CONTENT="by" HEIGHT="44" HPOS="879" ID="ST_290.7.8.13" STYLEREFS="Style_2" VPOS="1516" WIDTH="46" WC="0.69" CC="00" TAGREFS=""/>
            <SP HPOS="925" ID="SP_290.7.8.14" VPOS="1527" WIDTH="13"/>
            <String CONTENT="reason" HEIGHT="24" HPOS="938" ID="ST_290.7.8.15" STYLEREFS="Style_2" VPOS="1527" WIDTH="122" WC="1.00" CC="000000" TAGREFS=""/>
            <SP HPOS="1060" ID="SP_290.7.8.16" VPOS="1517" WIDTH="13"/>
            <String CONTENT="of" HEIGHT="34" HPOS="1073" ID="ST_290.7.8.17" STYLEREFS="Style_2" VPOS="1517" WIDTH="39" WC="1.00" CC="00" TAGREFS=""/>
            <SP HPOS="1112" ID="SP_290.7.8.18" VPOS="1516" WIDTH="11"/>
            <String CONTENT="their" HEIGHT="36" HPOS="1123" ID="ST_290.7.8.19" STYLEREFS="Style_2" VPOS="1516" WIDTH="89" WC="0.80" CC="00000" TAGREFS=""/>
            <SP HPOS="1212" ID="SP_290.7.8.20" VPOS="1516" WIDTH="13"/>
            <String CONTENT="adaptability" HEIGHT="45" HPOS="1225" ID="ST_290.7.8.21" STYLEREFS="Style_2" VPOS="1516" WIDTH="230" WC="0.90" CC="000000000000" TAGREFS=""/>
            <SP HPOS="1455" ID="SP_290.7.8.22" VPOS="1518" WIDTH="13"/>
            <String CONTENT="for" HEIGHT="34" HPOS="1468" ID="ST_290.7.8.23" STYLEREFS="Style_2" VPOS="1518" WIDTH="54" WC="1.00" CC="000" TAGREFS=""/>
          </TextLine>
          <TextLine HEIGHT="47" HPOS="309" ID="TL_290.7.9" VPOS="1565" WIDTH="1210">
            <String CONTENT="prospective," HEIGHT="44" HPOS="309" ID="ST_290.7.9.1" STYLEREFS="Style_2" VPOS="1565" WIDTH="214" WC="0.95" CC="000000000009" TAGREFS=""/>
            <SP HPOS="523" ID="SP_290.7.9.2" VPOS="1566" WIDTH="15"/>
            <String CONTENT="municipal" HEIGHT="44" HPOS="538" ID="ST_290.7.9.3" STYLEREFS="Style_2" VPOS="1566" WIDTH="189" WC="0.89" CC="000000000" TAGREFS=""/>
            <SP HPOS="727" ID="SP_290.7.9.4" VPOS="1577" WIDTH="18"/>
            <String CONTENT="uses." HEIGHT="24" HPOS="745" ID="ST_290.7.9.5" STYLEREFS="Style_2" VPOS="1577" WIDTH="87" WC="1.00" CC="00000" TAGREFS=""/>
            <SP HPOS="832" ID="SP_290.7.9.6" VPOS="1566" WIDTH="20"/>
            <String CONTENT="Ark." HEIGHT="35" HPOS="852" ID="ST_290.7.9.7" STYLEREFS="Style_2" VPOS="1566" WIDTH="84" WC="1.00" CC="0000" TAGREFS=""/>
            <SP HPOS="936" ID="SP_290.7.9.8" VPOS="1566" WIDTH="20"/>
            <String CONTENT="Stat." HEIGHT="35" HPOS="956" ID="ST_290.7.9.9" STYLEREFS="Style_2" VPOS="1566" WIDTH="89" WC="1.00" CC="00000" TAGREFS=""/>
            <SP HPOS="1045" ID="SP_290.7.9.10" VPOS="1568" WIDTH="20"/>
            <String CONTENT="Ann." HEIGHT="33" HPOS="1065" ID="ST_290.7.9.11" STYLEREFS="Style_2" VPOS="1568" WIDTH="92" WC="0.60" CC="0000" TAGREFS=""/>
            <SP HPOS="1157" ID="SP_290.7.9.12" VPOS="1566" WIDTH="22"/>
            <String CONTENT="§" HEIGHT="43" HPOS="1179" ID="ST_290.7.9.13" STYLEREFS="Style_2" VPOS="1566" WIDTH="17" WC="1.00" CC="0" TAGREFS=""/>
            <SP HPOS="1196" ID="SP_290.7.9.14" VPOS="1568" WIDTH="25"/>
            <String CONTENT="19-307.1" HEIGHT="34" HPOS="1221" ID="ST_290.7.9.15" STYLEREFS="Style_2" VPOS="1568" WIDTH="158" WC="0.91" CC="00000000" TAGREFS=""/>
            <SP HPOS="1379" ID="SP_290.7.9.16" VPOS="1567" WIDTH="25"/>
            <String CONTENT="(Repl." HEIGHT="45" HPOS="1404" ID="ST_290.7.9.17" STYLEREFS="Style_2" VPOS="1567" WIDTH="115" WC="0.82" CC="000090" TAGREFS=""/>
          </TextLine>
          <TextLine HEIGHT="44" HPOS="313" ID="TL_290.7.10" VPOS="1615" WIDTH="1208">
            <String CONTENT="1980)." HEIGHT="43" HPOS="313" ID="ST_290.7.10.1" STYLEREFS="Style_2" VPOS="1615" WIDTH="116" WC="0.96" CC="990099" TAGREFS=""/>
            <SP HPOS="429" ID="SP_290.7.10.2" VPOS="1615" WIDTH="10"/>
            <String CONTENT="The" HEIGHT="35" HPOS="439" ID="ST_290.7.10.3" STYLEREFS="Style_2" VPOS="1615" WIDTH="74" WC="0.83" CC="000" TAGREFS=""/>
            <SP HPOS="513" ID="SP_290.7.10.4" VPOS="1615" WIDTH="10"/>
            <String CONTENT="lands" HEIGHT="35" HPOS="523" ID="ST_290.7.10.5" STYLEREFS="Style_2" VPOS="1615" WIDTH="98" WC="0.94" CC="00000" TAGREFS=""/>
            <SP HPOS="621" ID="SP_290.7.10.6" VPOS="1616" WIDTH="9"/>
            <String CONTENT="sought" HEIGHT="43" HPOS="630" ID="ST_290.7.10.7" STYLEREFS="Style_2" VPOS="1616" WIDTH="125" WC="0.90" CC="000000" TAGREFS=""/>
            <SP HPOS="755" ID="SP_290.7.10.8" VPOS="1622" WIDTH="10"/>
            <String CONTENT="to" HEIGHT="29" HPOS="765" ID="ST_290.7.10.9" STYLEREFS="Style_2" VPOS="1622" WIDTH="35" WC="1.00" CC="00" TAGREFS=""/>
            <SP HPOS="800" ID="SP_290.7.10.10" VPOS="1617" WIDTH="9"/>
            <String CONTENT="be" HEIGHT="34" HPOS="809" ID="ST_290.7.10.11" STYLEREFS="Style_2" VPOS="1617" WIDTH="43" WC="1.00" CC="00" TAGREFS=""/>
            <SP HPOS="852" ID="SP_290.7.10.12" VPOS="1616" WIDTH="9"/>
            <String CONTENT="annexed" HEIGHT="35" HPOS="861" ID="ST_290.7.10.13" STYLEREFS="Style_2" VPOS="1616" WIDTH="157" WC="0.99" CC="0000000" TAGREFS=""/>
            <SP HPOS="1018" ID="SP_290.7.10.14" VPOS="1622" WIDTH="9"/>
            <String CONTENT="must" HEIGHT="29" HPOS="1027" ID="ST_290.7.10.15" STYLEREFS="Style_2" VPOS="1622" WIDTH="94" WC="1.00" CC="0000" TAGREFS=""/>
            <SP HPOS="1121" ID="SP_290.7.10.16" VPOS="1622" WIDTH="9"/>
            <String CONTENT="meet" HEIGHT="29" HPOS="1130" ID="ST_290.7.10.17" STYLEREFS="Style_2" VPOS="1622" WIDTH="92" WC="1.00" CC="0000" TAGREFS=""/>
            <SP HPOS="1222" ID="SP_290.7.10.18" VPOS="1627" WIDTH="9"/>
            <String CONTENT="one" HEIGHT="24" HPOS="1231" ID="ST_290.7.10.19" STYLEREFS="Style_2" VPOS="1627" WIDTH="65" WC="0.87" CC="000" TAGREFS=""/>
            <SP HPOS="1296" ID="SP_290.7.10.20" VPOS="1617" WIDTH="9"/>
            <String CONTENT="of" HEIGHT="34" HPOS="1305" ID="ST_290.7.10.21" STYLEREFS="Style_2" VPOS="1617" WIDTH="40" WC="1.00" CC="00" TAGREFS=""/>
            <SP HPOS="1345" ID="SP_290.7.10.22" VPOS="1617" WIDTH="5"/>
            <String CONTENT="these" HEIGHT="35" HPOS="1350" ID="ST_290.7.10.23" STYLEREFS="Style_2" VPOS="1617" WIDTH="97" WC="0.87" CC="00000" TAGREFS=""/>
            <SP HPOS="1447" ID="SP_290.7.10.24" VPOS="1618" WIDTH="9"/>
            <String CONTENT="five" HEIGHT="34" HPOS="1456" ID="ST_290.7.10.25" STYLEREFS="Style_2" VPOS="1618" WIDTH="65" WC="0.93" CC="0000" TAGREFS=""/>
          </TextLine>
          <TextLine HEIGHT="45" HPOS="308" ID="TL_290.7.11" VPOS="1664" WIDTH="1212">
            <String CONTENT="criteria." HEIGHT="35" HPOS="308" ID="ST_290.7.11.1" STYLEREFS="Style_2" VPOS="1665" WIDTH="148" WC="0.97" CC="000000000" TAGREFS=""/>
            <SP HPOS="456" ID="SP_290.7.11.2" VPOS="1664" WIDTH="10"/>
            <String CONTENT="Holmes" HEIGHT="36" HPOS="466" ID="ST_290.7.11.3" STYLEREFS="Style_4" VPOS="1664" WIDTH="149" WC="0.91" CC="000000" TAGREFS=""/>
            <SP HPOS="615" ID="SP_290.7.11.4" VPOS="1677" WIDTH="8"/>
            <String CONTENT="v." HEIGHT="23" HPOS="623" ID="ST_290.7.11.5" STYLEREFS="Style_2" VPOS="1677" WIDTH="30" WC="1.00" CC="00" TAGREFS=""/>
            <SP HPOS="653" ID="SP_290.7.11.6" VPOS="1666" WIDTH="12"/>
            <String CONTENT="City" HEIGHT="43" HPOS="665" ID="ST_290.7.11.7" STYLEREFS="Style_4" VPOS="1666" WIDTH="79" WC="1.00" CC="0000" TAGREFS=""/>
            <SP HPOS="744" ID="SP_290.7.11.8" VPOS="1665" WIDTH="9"/>
            <String CONTENT="of" HEIGHT="44" HPOS="753" ID="ST_290.7.11.9" STYLEREFS="Style_4" VPOS="1665" WIDTH="46" WC="1.00" CC="00" TAGREFS=""/>
            <SP HPOS="799" ID="SP_290.7.11.10" VPOS="1665" WIDTH="0"/>
            <String CONTENT="Little" HEIGHT="35" HPOS="799" ID="ST_290.7.11.11" STYLEREFS="Style_4" VPOS="1665" WIDTH="107" WC="1.00" CC="000000" TAGREFS=""/>
            <SP HPOS="906" ID="SP_290.7.11.12" VPOS="1666" WIDTH="7"/>
            <String CONTENT="Rock," HEIGHT="41" HPOS="913" ID="ST_290.7.11.13" STYLEREFS="Style_4" VPOS="1666" WIDTH="112" WC="0.87" CC="00000" TAGREFS=""/>
            <SP HPOS="1025" ID="SP_290.7.11.14" VPOS="1667" WIDTH="11"/>
            <String CONTENT="285" HEIGHT="34" HPOS="1036" ID="ST_290.7.11.15" STYLEREFS="Style_2" VPOS="1667" WIDTH="67" WC="1.00" CC="000" TAGREFS=""/>
            <SP HPOS="1103" ID="SP_290.7.11.16" VPOS="1667" WIDTH="10"/>
            <String CONTENT="Ark." HEIGHT="34" HPOS="1113" ID="ST_290.7.11.17" STYLEREFS="Style_2" VPOS="1667" WIDTH="85" WC="1.00" CC="0000" TAGREFS=""/>
            <SP HPOS="1198" ID="SP_290.7.11.18" VPOS="1667" WIDTH="12"/>
            <String CONTENT="296, 686" HEIGHT="40" HPOS="1210" ID="ST_290.7.11.19" STYLEREFS="Style_2" VPOS="1667" WIDTH="157" WC="1.0" CC="00000000" TAGREFS=""/>
            <SP HPOS="1367" ID="SP_290.7.11.20" VPOS="1667" WIDTH="10"/>
            <String CONTENT="S.W.2d" HEIGHT="35" HPOS="1377" ID="ST_290.7.11.21" STYLEREFS="Style_2" VPOS="1667" WIDTH="143" WC="1.00" CC="000000" TAGREFS=""/>
          </TextLine>
          <TextLine HEIGHT="45" HPOS="308" ID="TL_290.7.12" VPOS="1714" WIDTH="1212">
            <String CONTENT="425" HEIGHT="34" HPOS="308" ID="ST_290.7.12.1" STYLEREFS="Style_2" VPOS="1715" WIDTH="66" WC="1.00" CC="000" TAGREFS=""/>
            <SP HPOS="374" ID="SP_290.7.12.2" VPOS="1714" WIDTH="14"/>
            <String CONTENT="(198­" HEIGHT="43" HPOS="388" ID="ST_290.7.12.3" STYLEREFS="Style_2" VPOS="1714" WIDTH="83" WC="1.0" CC="00000" TAGREFS=""/>
            <SP HPOS="471" ID="SP_290.7.12.4" VPOS="1714" WIDTH="6"/>
            <String CONTENT="5)." HEIGHT="43" HPOS="477" ID="ST_290.7.12.5" STYLEREFS="Style_2" VPOS="1714" WIDTH="48" WC="1.00" CC="099" TAGREFS=""/>
            <SP HPOS="525" ID="SP_290.7.12.6" VPOS="1714" WIDTH="12"/>
            <String CONTENT="If" HEIGHT="35" HPOS="537" ID="ST_290.7.12.7" STYLEREFS="Style_2" VPOS="1714" WIDTH="35" WC="1.00" CC="00" TAGREFS=""/>
            <SP HPOS="572" ID="SP_290.7.12.8" VPOS="1725" WIDTH="6"/>
            <String CONTENT="a" HEIGHT="24" HPOS="578" ID="ST_290.7.12.9" STYLEREFS="Style_2" VPOS="1725" WIDTH="20" WC="1.00" CC="0" TAGREFS=""/>
            <SP HPOS="598" ID="SP_290.7.12.10" VPOS="1720" WIDTH="10"/>
            <String CONTENT="part" HEIGHT="38" HPOS="608" ID="ST_290.7.12.11" STYLEREFS="Style_2" VPOS="1720" WIDTH="78" WC="0.96" CC="0000" TAGREFS=""/>
            <SP HPOS="686" ID="SP_290.7.12.12" VPOS="1715" WIDTH="9"/>
            <String CONTENT="of" HEIGHT="34" HPOS="695" ID="ST_290.7.12.13" STYLEREFS="Style_2" VPOS="1715" WIDTH="40" WC="1.00" CC="00" TAGREFS=""/>
            <SP HPOS="735" ID="SP_290.7.12.14" VPOS="1716" WIDTH="6"/>
            <String CONTENT="the" HEIGHT="34" HPOS="741" ID="ST_290.7.12.15" STYLEREFS="Style_2" VPOS="1716" WIDTH="58" WC="0.82" CC="000" TAGREFS=""/>
            <SP HPOS="799" ID="SP_290.7.12.16" VPOS="1715" WIDTH="10"/>
            <String CONTENT="proposed" HEIGHT="44" HPOS="809" ID="ST_290.7.12.17" STYLEREFS="Style_2" VPOS="1715" WIDTH="168" WC="1.00" CC="00000000" TAGREFS=""/>
            <SP HPOS="977" ID="SP_290.7.12.18" VPOS="1726" WIDTH="10"/>
            <String CONTENT="area" HEIGHT="24" HPOS="987" ID="ST_290.7.12.19" STYLEREFS="Style_2" VPOS="1726" WIDTH="82" WC="1.00" CC="0000" TAGREFS=""/>
            <SP HPOS="1069" ID="SP_290.7.12.20" VPOS="1716" WIDTH="10"/>
            <String CONTENT="does" HEIGHT="34" HPOS="1079" ID="ST_290.7.12.21" STYLEREFS="Style_2" VPOS="1716" WIDTH="82" WC="0.88" CC="0000" TAGREFS=""/>
            <SP HPOS="1161" ID="SP_290.7.12.22" VPOS="1721" WIDTH="10"/>
            <String CONTENT="not" HEIGHT="29" HPOS="1171" ID="ST_290.7.12.23" STYLEREFS="Style_2" VPOS="1721" WIDTH="60" WC="0.94" CC="000" TAGREFS=""/>
            <SP HPOS="1231" ID="SP_290.7.12.24" VPOS="1721" WIDTH="9"/>
            <String CONTENT="meet" HEIGHT="29" HPOS="1240" ID="ST_290.7.12.25" STYLEREFS="Style_2" VPOS="1721" WIDTH="92" WC="0.92" CC="0000" TAGREFS=""/>
            <SP HPOS="1332" ID="SP_290.7.12.26" VPOS="1727" WIDTH="9"/>
            <String CONTENT="one" HEIGHT="24" HPOS="1341" ID="ST_290.7.12.27" STYLEREFS="Style_2" VPOS="1727" WIDTH="66" WC="0.84" CC="000" TAGREFS=""/>
            <SP HPOS="1407" ID="SP_290.7.12.28" VPOS="1717" WIDTH="8"/>
            <String CONTENT="of" HEIGHT="34" HPOS="1415" ID="ST_290.7.12.29" STYLEREFS="Style_2" VPOS="1717" WIDTH="40" WC="1.00" CC="00" TAGREFS=""/>
            <SP HPOS="1455" ID="SP_290.7.12.30" VPOS="1717" WIDTH="6"/>
            <String CONTENT="the" HEIGHT="34" HPOS="1461" ID="ST_290.7.12.31" STYLEREFS="Style_2" VPOS="1717" WIDTH="59" WC="0.86" CC="000" TAGREFS=""/>
          </TextLine>
          <TextLine HEIGHT="44" HPOS="308" ID="TL_290.7.13" VPOS="1764" WIDTH="1211">
            <String CONTENT="requirements," HEIGHT="44" HPOS="308" ID="ST_290.7.13.1" STYLEREFS="Style_2" VPOS="1764" WIDTH="259" WC="0.86" CC="0000000000000" TAGREFS=""/>
            <SP HPOS="567" ID="SP_290.7.13.2" VPOS="1764" WIDTH="15"/>
            <String CONTENT="then" HEIGHT="35" HPOS="582" ID="ST_290.7.13.3" STYLEREFS="Style_2" VPOS="1764" WIDTH="82" WC="0.95" CC="0000" TAGREFS=""/>
            <SP HPOS="664" ID="SP_290.7.13.4" VPOS="1765" WIDTH="13"/>
            <String CONTENT="the" HEIGHT="34" HPOS="677" ID="ST_290.7.13.5" STYLEREFS="Style_2" VPOS="1765" WIDTH="58" WC="0.80" CC="000" TAGREFS=""/>
            <SP HPOS="735" ID="SP_290.7.13.6" VPOS="1765" WIDTH="13"/>
            <String CONTENT="annexation" HEIGHT="34" HPOS="748" ID="ST_290.7.13.7" STYLEREFS="Style_2" VPOS="1765" WIDTH="209" WC="0.89" CC="0000000000" TAGREFS=""/>
            <SP HPOS="957" ID="SP_290.7.13.8" VPOS="1765" WIDTH="13"/>
            <String CONTENT="of" HEIGHT="34" HPOS="970" ID="ST_290.7.13.9" STYLEREFS="Style_2" VPOS="1765" WIDTH="39" WC="1.00" CC="00" TAGREFS=""/>
            <SP HPOS="1009" ID="SP_290.7.13.10" VPOS="1766" WIDTH="10"/>
            <String CONTENT="the" HEIGHT="34" HPOS="1019" ID="ST_290.7.13.11" STYLEREFS="Style_2" VPOS="1766" WIDTH="60" WC="0.92" CC="000" TAGREFS=""/>
            <SP HPOS="1079" ID="SP_290.7.13.12" VPOS="1766" WIDTH="12"/>
            <String CONTENT="entire" HEIGHT="34" HPOS="1091" ID="ST_290.7.13.13" STYLEREFS="Style_2" VPOS="1766" WIDTH="110" WC="0.94" CC="000000" TAGREFS=""/>
            <SP HPOS="1201" ID="SP_290.7.13.14" VPOS="1776" WIDTH="12"/>
            <String CONTENT="area" HEIGHT="24" HPOS="1213" ID="ST_290.7.13.15" STYLEREFS="Style_2" VPOS="1776" WIDTH="82" WC="0.80" CC="0000" TAGREFS=""/>
            <SP HPOS="1295" ID="SP_290.7.13.16" VPOS="1766" WIDTH="13"/>
            <String CONTENT="is" HEIGHT="34" HPOS="1308" ID="ST_290.7.13.17" STYLEREFS="Style_2" VPOS="1766" WIDTH="27" WC="0.93" CC="00" TAGREFS=""/>
            <SP HPOS="1335" ID="SP_290.7.13.18" VPOS="1766" WIDTH="13"/>
            <String CONTENT="voided" HEIGHT="35" HPOS="1348" ID="ST_290.7.13.19" STYLEREFS="Style_2" VPOS="1766" WIDTH="123" WC="0.96" CC="000000" TAGREFS=""/>
            <SP HPOS="1471" ID="SP_290.7.13.20" VPOS="1767" WIDTH="13"/>
            <String CONTENT="in" HEIGHT="34" HPOS="1484" ID="ST_290.7.13.21" STYLEREFS="Style_2" VPOS="1767" WIDTH="35" WC="0.71" CC="00" TAGREFS=""/>
          </TextLine>
          <TextLine HEIGHT="46" HPOS="308" ID="TL_290.7.14" VPOS="1813" WIDTH="1208">
            <String CONTENT="toto." HEIGHT="30" HPOS="308" ID="ST_290.7.14.1" STYLEREFS="Style_2" VPOS="1818" WIDTH="82" WC="1.00" CC="00000" TAGREFS=""/>
            <SP HPOS="390" ID="SP_290.7.14.2" VPOS="1815" WIDTH="20"/>
            <String CONTENT="Gay" HEIGHT="43" HPOS="410" ID="ST_290.7.14.3" STYLEREFS="Style_4" VPOS="1815" WIDTH="76" WC="0.98" CC="000" TAGREFS=""/>
            <SP HPOS="486" ID="SP_290.7.14.4" VPOS="1825" WIDTH="15"/>
            <String CONTENT="v." HEIGHT="23" HPOS="501" ID="ST_290.7.14.5" STYLEREFS="Style_2" VPOS="1825" WIDTH="30" WC="1.00" CC="00" TAGREFS=""/>
            <SP HPOS="531" ID="SP_290.7.14.6" VPOS="1815" WIDTH="20"/>
            <String CONTENT="City" HEIGHT="42" HPOS="551" ID="ST_290.7.14.7" STYLEREFS="Style_4" VPOS="1815" WIDTH="79" WC="0.97" CC="0000" TAGREFS=""/>
            <SP HPOS="630" ID="SP_290.7.14.8" VPOS="1814" WIDTH="16"/>
            <String CONTENT="of" HEIGHT="44" HPOS="646" ID="ST_290.7.14.9" STYLEREFS="Style_4" VPOS="1814" WIDTH="46" WC="0.87" CC="00" TAGREFS=""/>
            <SP HPOS="692" ID="SP_290.7.14.10" VPOS="1813" WIDTH="8"/>
            <String CONTENT="Springdale," HEIGHT="46" HPOS="700" ID="ST_290.7.14.11" STYLEREFS="Style_4" VPOS="1813" WIDTH="223" WC="0.94" CC="00000000000" TAGREFS=""/>
            <SP HPOS="923" ID="SP_290.7.14.12" VPOS="1816" WIDTH="19"/>
            <String CONTENT="287" HEIGHT="33" HPOS="942" ID="ST_290.7.14.13" STYLEREFS="Style_2" VPOS="1816" WIDTH="67" WC="0.99" CC="000" TAGREFS=""/>
            <SP HPOS="1009" ID="SP_290.7.14.14" VPOS="1816" WIDTH="17"/>
            <String CONTENT="Ark." HEIGHT="33" HPOS="1026" ID="ST_290.7.14.15" STYLEREFS="Style_2" VPOS="1816" WIDTH="86" WC="1.00" CC="0000" TAGREFS=""/>
            <SP HPOS="1112" ID="SP_290.7.14.16" VPOS="1817" WIDTH="20"/>
            <String CONTENT="55," HEIGHT="38" HPOS="1132" ID="ST_290.7.14.17" STYLEREFS="Style_2" VPOS="1817" WIDTH="54" WC="1.00" CC="000" TAGREFS=""/>
            <SP HPOS="1186" ID="SP_290.7.14.18" VPOS="1816" WIDTH="18"/>
            <String CONTENT="696" HEIGHT="33" HPOS="1204" ID="ST_290.7.14.19" STYLEREFS="Style_2" VPOS="1816" WIDTH="68" WC="1.00" CC="000" TAGREFS=""/>
            <SP HPOS="1272" ID="SP_290.7.14.20" VPOS="1815" WIDTH="18"/>
            <String CONTENT="S.W.2d" HEIGHT="35" HPOS="1290" ID="ST_290.7.14.21" STYLEREFS="Style_2" VPOS="1815" WIDTH="143" WC="1.00" CC="000000" TAGREFS=""/>
            <SP HPOS="1433" ID="SP_290.7.14.22" VPOS="1818" WIDTH="18"/>
            <String CONTENT="723" HEIGHT="33" HPOS="1451" ID="ST_290.7.14.23" STYLEREFS="Style_2" VPOS="1818" WIDTH="65" WC="1.00" CC="000" TAGREFS=""/>
          </TextLine>
          <TextLine HEIGHT="43" HPOS="311" ID="TL_290.7.15" VPOS="1863" WIDTH="136">
            <String CONTENT="(1985)." HEIGHT="43" HPOS="311" ID="ST_290.7.15.1" STYLEREFS="Style_2" VPOS="1863" WIDTH="136" WC="0.67" CC="9000000" TAGREFS=""/>
          </TextLine>
        </TextBlock>
        <TextBlock HEIGHT="343.0" HPOS="305.0" ID="BL_290.8" TAGREFS="b290-6" VPOS="1939.0" WIDTH="1212.0">
          <TextLine HEIGHT="48" HPOS="397" ID="TL_290.8.1" VPOS="1939" WIDTH="1120">
            <String CONTENT="All" HEIGHT="34" HPOS="397" ID="ST_290.8.1.1" STYLEREFS="Style_2" VPOS="1940" WIDTH="59" WC="0.79" CC="000" TAGREFS=""/>
            <SP HPOS="456" ID="SP_290.8.1.2" VPOS="1939" WIDTH="10"/>
            <String CONTENT="three" HEIGHT="36" HPOS="466" ID="ST_290.8.1.3" STYLEREFS="Style_2" VPOS="1939" WIDTH="96" WC="0.92" CC="00000" TAGREFS=""/>
            <SP HPOS="562" ID="SP_290.8.1.4" VPOS="1945" WIDTH="9"/>
            <String CONTENT="tracts" HEIGHT="30" HPOS="571" ID="ST_290.8.1.5" STYLEREFS="Style_2" VPOS="1945" WIDTH="107" WC="0.97" CC="000000" TAGREFS=""/>
            <SP HPOS="678" ID="SP_290.8.1.6" VPOS="1952" WIDTH="9"/>
            <String CONTENT="are" HEIGHT="23" HPOS="687" ID="ST_290.8.1.7" STYLEREFS="Style_2" VPOS="1952" WIDTH="60" WC="1.00" CC="000" TAGREFS=""/>
            <SP HPOS="747" ID="SP_290.8.1.8" VPOS="1945" WIDTH="8"/>
            <String CONTENT="west" HEIGHT="31" HPOS="755" ID="ST_290.8.1.9" STYLEREFS="Style_2" VPOS="1945" WIDTH="83" WC="1.00" CC="0000" TAGREFS=""/>
            <SP HPOS="838" ID="SP_290.8.1.10" VPOS="1940" WIDTH="10"/>
            <String CONTENT="of" HEIGHT="35" HPOS="848" ID="ST_290.8.1.11" STYLEREFS="Style_2" VPOS="1940" WIDTH="39" WC="1.00" CC="00" TAGREFS=""/>
            <SP HPOS="887" ID="SP_290.8.1.12" VPOS="1941" WIDTH="8"/>
            <String CONTENT="Highway" HEIGHT="44" HPOS="895" ID="ST_290.8.1.13" STYLEREFS="Style_2" VPOS="1941" WIDTH="173" WC="0.86" CC="0000000" TAGREFS=""/>
            <SP HPOS="1068" ID="SP_290.8.1.14" VPOS="1944" WIDTH="10"/>
            <String CONTENT="7" HEIGHT="32" HPOS="1078" ID="ST_290.8.1.15" STYLEREFS="Style_2" VPOS="1944" WIDTH="19" WC="1.00" CC="0" TAGREFS=""/>
            <SP HPOS="1097" ID="SP_290.8.1.16" VPOS="1942" WIDTH="11"/>
            <String CONTENT="which" HEIGHT="34" HPOS="1108" ID="ST_290.8.1.17" STYLEREFS="Style_2" VPOS="1942" WIDTH="111" WC="0.83" CC="00000" TAGREFS=""/>
            <SP HPOS="1219" ID="SP_290.8.1.18" VPOS="1942" WIDTH="10"/>
            <String CONTENT="divides" HEIGHT="35" HPOS="1229" ID="ST_290.8.1.19" STYLEREFS="Style_2" VPOS="1942" WIDTH="129" WC="0.95" CC="0000000" TAGREFS=""/>
            <SP HPOS="1358" ID="SP_290.8.1.20" VPOS="1943" WIDTH="10"/>
            <String CONTENT="the" HEIGHT="34" HPOS="1368" ID="ST_290.8.1.21" STYLEREFS="Style_2" VPOS="1943" WIDTH="59" WC="0.99" CC="000" TAGREFS=""/>
            <SP HPOS="1427" ID="SP_290.8.1.22" VPOS="1943" WIDTH="9"/>
            <String CONTENT="city," HEIGHT="44" HPOS="1436" ID="ST_290.8.1.23" STYLEREFS="Style_2" VPOS="1943" WIDTH="81" WC="0.96" CC="00000" TAGREFS=""/>
          </TextLine>
          <TextLine HEIGHT="44" HPOS="307" ID="TL_290.8.2" VPOS="1989" WIDTH="1210">
            <String CONTENT="running" HEIGHT="44" HPOS="307" ID="ST_290.8.2.1" STYLEREFS="Style_2" VPOS="1989" WIDTH="148" WC="0.96" CC="0000000" TAGREFS=""/>
            <SP HPOS="455" ID="SP_290.8.2.2" VPOS="1990" WIDTH="14"/>
            <String CONTENT="north" HEIGHT="34" HPOS="469" ID="ST_290.8.2.3" STYLEREFS="Style_2" VPOS="1990" WIDTH="100" WC="0.94" CC="00000" TAGREFS=""/>
            <SP HPOS="569" ID="SP_290.8.2.4" VPOS="1990" WIDTH="15"/>
            <String CONTENT="and" HEIGHT="34" HPOS="584" ID="ST_290.8.2.5" STYLEREFS="Style_2" VPOS="1990" WIDTH="68" WC="0.79" CC="000" TAGREFS=""/>
            <SP HPOS="652" ID="SP_290.8.2.6" VPOS="1991" WIDTH="14"/>
            <String CONTENT="south." HEIGHT="34" HPOS="666" ID="ST_290.8.2.7" STYLEREFS="Style_2" VPOS="1991" WIDTH="112" WC="0.96" CC="000000" TAGREFS=""/>
            <SP HPOS="778" ID="SP_290.8.2.8" VPOS="1990" WIDTH="15"/>
            <String CONTENT="The" HEIGHT="35" HPOS="793" ID="ST_290.8.2.9" STYLEREFS="Style_2" VPOS="1990" WIDTH="74" WC="0.90" CC="000" TAGREFS=""/>
            <SP HPOS="867" ID="SP_290.8.2.10" VPOS="1991" WIDTH="14"/>
            <String CONTENT="first" HEIGHT="34" HPOS="881" ID="ST_290.8.2.11" STYLEREFS="Style_2" VPOS="1991" WIDTH="74" WC="1.00" CC="00000" TAGREFS=""/>
            <SP HPOS="955" ID="SP_290.8.2.12" VPOS="1996" WIDTH="14"/>
            <String CONTENT="tract" HEIGHT="30" HPOS="969" ID="ST_290.8.2.13" STYLEREFS="Style_2" VPOS="1996" WIDTH="90" WC="1.00" CC="00000" TAGREFS=""/>
            <SP HPOS="1059" ID="SP_290.8.2.14" VPOS="1992" WIDTH="14"/>
            <String CONTENT="is" HEIGHT="34" HPOS="1073" ID="ST_290.8.2.15" STYLEREFS="Style_2" VPOS="1992" WIDTH="27" WC="0.84" CC="00" TAGREFS=""/>
            <SP HPOS="1100" ID="SP_290.8.2.16" VPOS="1991" WIDTH="15"/>
            <String CONTENT="north" HEIGHT="35" HPOS="1115" ID="ST_290.8.2.17" STYLEREFS="Style_2" VPOS="1991" WIDTH="100" WC="0.93" CC="00000" TAGREFS=""/>
            <SP HPOS="1215" ID="SP_290.8.2.18" VPOS="1991" WIDTH="15"/>
            <String CONTENT="and" HEIGHT="35" HPOS="1230" ID="ST_290.8.2.19" STYLEREFS="Style_2" VPOS="1991" WIDTH="68" WC="0.86" CC="000" TAGREFS=""/>
            <SP HPOS="1298" ID="SP_290.8.2.20" VPOS="1997" WIDTH="14"/>
            <String CONTENT="west" HEIGHT="30" HPOS="1312" ID="ST_290.8.2.21" STYLEREFS="Style_2" VPOS="1997" WIDTH="83" WC="0.96" CC="0000" TAGREFS=""/>
            <SP HPOS="1395" ID="SP_290.8.2.22" VPOS="1992" WIDTH="13"/>
            <String CONTENT="of" HEIGHT="35" HPOS="1408" ID="ST_290.8.2.23" STYLEREFS="Style_2" VPOS="1992" WIDTH="40" WC="1.00" CC="00" TAGREFS=""/>
            <SP HPOS="1448" ID="SP_290.8.2.24" VPOS="1993" WIDTH="10"/>
            <String CONTENT="the" HEIGHT="34" HPOS="1458" ID="ST_290.8.2.25" STYLEREFS="Style_2" VPOS="1993" WIDTH="59" WC="1.00" CC="000" TAGREFS=""/>
          </TextLine>
          <TextLine HEIGHT="45" HPOS="306" ID="TL_290.8.3" VPOS="2039" WIDTH="1211">
            <String CONTENT="existing" HEIGHT="44" HPOS="306" ID="ST_290.8.3.1" STYLEREFS="Style_2" VPOS="2039" WIDTH="146" WC="0.98" CC="00000000" TAGREFS=""/>
            <SP HPOS="452" ID="SP_290.8.3.2" VPOS="2039" WIDTH="17"/>
            <String CONTENT="city," HEIGHT="44" HPOS="469" ID="ST_290.8.3.3" STYLEREFS="Style_2" VPOS="2039" WIDTH="80" WC="1.00" CC="00000" TAGREFS=""/>
            <SP HPOS="549" ID="SP_290.8.3.4" VPOS="2041" WIDTH="18"/>
            <String CONTENT="encompassing" HEIGHT="43" HPOS="567" ID="ST_290.8.3.5" STYLEREFS="Style_2" VPOS="2041" WIDTH="262" WC="0.94" CC="000000000000" TAGREFS=""/>
            <SP HPOS="829" ID="SP_290.8.3.6" VPOS="2041" WIDTH="18"/>
            <String CONTENT="Bona" HEIGHT="34" HPOS="847" ID="ST_290.8.3.7" STYLEREFS="Style_2" VPOS="2041" WIDTH="96" WC="0.86" CC="0000" TAGREFS=""/>
            <SP HPOS="943" ID="SP_290.8.3.8" VPOS="2041" WIDTH="19"/>
            <String CONTENT="Dea" HEIGHT="34" HPOS="962" ID="ST_290.8.3.9" STYLEREFS="Style_2" VPOS="2041" WIDTH="75" WC="0.83" CC="000" TAGREFS=""/>
            <SP HPOS="1037" ID="SP_290.8.3.10" VPOS="2042" WIDTH="17"/>
            <String CONTENT="Trails" HEIGHT="34" HPOS="1054" ID="ST_290.8.3.11" STYLEREFS="Style_2" VPOS="2042" WIDTH="111" WC="0.97" CC="000000" TAGREFS=""/>
            <SP HPOS="1165" ID="SP_290.8.3.12" VPOS="2042" WIDTH="17"/>
            <String CONTENT="Park." HEIGHT="34" HPOS="1182" ID="ST_290.8.3.13" STYLEREFS="Style_2" VPOS="2042" WIDTH="100" WC="0.88" CC="00000" TAGREFS=""/>
            <SP HPOS="1282" ID="SP_290.8.3.14" VPOS="2042" WIDTH="18"/>
            <String CONTENT="The" HEIGHT="34" HPOS="1300" ID="ST_290.8.3.15" STYLEREFS="Style_2" VPOS="2042" WIDTH="74" WC="0.82" CC="000" TAGREFS=""/>
            <SP HPOS="1374" ID="SP_290.8.3.16" VPOS="2042" WIDTH="17"/>
            <String CONTENT="second" HEIGHT="34" HPOS="1391" ID="ST_290.8.3.17" STYLEREFS="Style_2" VPOS="2042" WIDTH="126" WC="1.00" CC="000000" TAGREFS=""/>
          </TextLine>
          <TextLine HEIGHT="45" HPOS="306" ID="TL_290.8.4" VPOS="2088" WIDTH="1211">
            <String CONTENT="tract" HEIGHT="30" HPOS="306" ID="ST_290.8.4.1" STYLEREFS="Style_2" VPOS="2093" WIDTH="90" WC="1.00" CC="00000" TAGREFS=""/>
            <SP HPOS="396" ID="SP_290.8.4.2" VPOS="2089" WIDTH="16"/>
            <String CONTENT="is" HEIGHT="34" HPOS="412" ID="ST_290.8.4.3" STYLEREFS="Style_2" VPOS="2089" WIDTH="28" WC="1.00" CC="00" TAGREFS=""/>
            <SP HPOS="440" ID="SP_290.8.4.4" VPOS="2088" WIDTH="17"/>
            <String CONTENT="the" HEIGHT="35" HPOS="457" ID="ST_290.8.4.5" STYLEREFS="Style_2" VPOS="2088" WIDTH="59" WC="0.86" CC="000" TAGREFS=""/>
            <SP HPOS="516" ID="SP_290.8.4.6" VPOS="2089" WIDTH="16"/>
            <String CONTENT="largest," HEIGHT="43" HPOS="532" ID="ST_290.8.4.7" STYLEREFS="Style_2" VPOS="2089" WIDTH="137" WC="1.00" CC="00000000" TAGREFS=""/>
            <SP HPOS="669" ID="SP_290.8.4.8" VPOS="2090" WIDTH="18"/>
            <String CONTENT="extending" HEIGHT="42" HPOS="687" ID="ST_290.8.4.9" STYLEREFS="Style_2" VPOS="2090" WIDTH="185" WC="0.99" CC="000000000" TAGREFS=""/>
            <SP HPOS="872" ID="SP_290.8.4.10" VPOS="2090" WIDTH="17"/>
            <String CONTENT="the" HEIGHT="34" HPOS="889" ID="ST_290.8.4.11" STYLEREFS="Style_2" VPOS="2090" WIDTH="59" WC="1.00" CC="000" TAGREFS=""/>
            <SP HPOS="948" ID="SP_290.8.4.12" VPOS="2090" WIDTH="16"/>
            <String CONTENT="city" HEIGHT="43" HPOS="964" ID="ST_290.8.4.13" STYLEREFS="Style_2" VPOS="2090" WIDTH="70" WC="1.00" CC="0000" TAGREFS=""/>
            <SP HPOS="1034" ID="SP_290.8.4.14" VPOS="2091" WIDTH="16"/>
            <String CONTENT="limits" HEIGHT="34" HPOS="1050" ID="ST_290.8.4.15" STYLEREFS="Style_2" VPOS="2091" WIDTH="106" WC="0.96" CC="000000" TAGREFS=""/>
            <SP HPOS="1156" ID="SP_290.8.4.16" VPOS="2095" WIDTH="17"/>
            <String CONTENT="to" HEIGHT="29" HPOS="1173" ID="ST_290.8.4.17" STYLEREFS="Style_2" VPOS="2095" WIDTH="35" WC="1.00" CC="00" TAGREFS=""/>
            <SP HPOS="1208" ID="SP_290.8.4.18" VPOS="2091" WIDTH="17"/>
            <String CONTENT="the" HEIGHT="33" HPOS="1225" ID="ST_290.8.4.19" STYLEREFS="Style_2" VPOS="2091" WIDTH="58" WC="1.00" CC="000" TAGREFS=""/>
            <SP HPOS="1283" ID="SP_290.8.4.20" VPOS="2092" WIDTH="17"/>
            <String CONTENT="Russellville" HEIGHT="34" HPOS="1300" ID="ST_290.8.4.21" STYLEREFS="Style_2" VPOS="2092" WIDTH="217" WC="0.95" CC="000000000000" TAGREFS=""/>
          </TextLine>
          <TextLine HEIGHT="44" HPOS="306" ID="TL_290.8.5" VPOS="2138" WIDTH="1210">
            <String CONTENT="Boat" HEIGHT="34" HPOS="306" ID="ST_290.8.5.1" STYLEREFS="Style_2" VPOS="2138" WIDTH="88" WC="0.82" CC="0000" TAGREFS=""/>
            <SP HPOS="394" ID="SP_290.8.5.2" VPOS="2138" WIDTH="9"/>
            <String CONTENT="Dock," HEIGHT="40" HPOS="403" ID="ST_290.8.5.3" STYLEREFS="Style_2" VPOS="2138" WIDTH="109" WC="0.84" CC="00000" TAGREFS=""/>
            <SP HPOS="512" ID="SP_290.8.5.4" VPOS="2139" WIDTH="10"/>
            <String CONTENT="encompassing" HEIGHT="43" HPOS="522" ID="ST_290.8.5.5" STYLEREFS="Style_2" VPOS="2139" WIDTH="262" WC="0.96" CC="000000000000" TAGREFS=""/>
            <SP HPOS="784" ID="SP_290.8.5.6" VPOS="2150" WIDTH="9"/>
            <String CONTENT="a" HEIGHT="24" HPOS="793" ID="ST_290.8.5.7" STYLEREFS="Style_2" VPOS="2150" WIDTH="20" WC="1.00" CC="0" TAGREFS=""/>
            <SP HPOS="813" ID="SP_290.8.5.8" VPOS="2139" WIDTH="9"/>
            <String CONTENT="growing" HEIGHT="43" HPOS="822" ID="ST_290.8.5.9" STYLEREFS="Style_2" VPOS="2139" WIDTH="153" WC="1.00" CC="0000000" TAGREFS=""/>
            <SP HPOS="975" ID="SP_290.8.5.10" VPOS="2140" WIDTH="9"/>
            <String CONTENT="residential" HEIGHT="35" HPOS="984" ID="ST_290.8.5.11" STYLEREFS="Style_2" VPOS="2140" WIDTH="198" WC="0.99" CC="00000000000" TAGREFS=""/>
            <SP HPOS="1182" ID="SP_290.8.5.12" VPOS="2140" WIDTH="9"/>
            <String CONTENT="section." HEIGHT="34" HPOS="1191" ID="ST_290.8.5.13" STYLEREFS="Style_2" VPOS="2140" WIDTH="140" WC="0.99" CC="00000000" TAGREFS=""/>
            <SP HPOS="1331" ID="SP_290.8.5.14" VPOS="2141" WIDTH="10"/>
            <String CONTENT="The" HEIGHT="34" HPOS="1341" ID="ST_290.8.5.15" STYLEREFS="Style_2" VPOS="2141" WIDTH="74" WC="1.00" CC="000" TAGREFS=""/>
            <SP HPOS="1415" ID="SP_290.8.5.16" VPOS="2141" WIDTH="8"/>
            <String CONTENT="third" HEIGHT="34" HPOS="1423" ID="ST_290.8.5.17" STYLEREFS="Style_2" VPOS="2141" WIDTH="93" WC="0.92" CC="00000" TAGREFS=""/>
          </TextLine>
          <TextLine HEIGHT="45" HPOS="305" ID="TL_290.8.6" VPOS="2188" WIDTH="1211">
            <String CONTENT="tract" HEIGHT="30" HPOS="305" ID="ST_290.8.6.1" STYLEREFS="Style_2" VPOS="2192" WIDTH="90" WC="1.00" CC="00000" TAGREFS=""/>
            <SP HPOS="395" ID="SP_290.8.6.2" VPOS="2188" WIDTH="11"/>
            <String CONTENT="lies" HEIGHT="34" HPOS="406" ID="ST_290.8.6.3" STYLEREFS="Style_2" VPOS="2188" WIDTH="60" WC="0.93" CC="0000" TAGREFS=""/>
            <SP HPOS="466" ID="SP_290.8.6.4" VPOS="2188" WIDTH="12"/>
            <String CONTENT="south" HEIGHT="34" HPOS="478" ID="ST_290.8.6.5" STYLEREFS="Style_2" VPOS="2188" WIDTH="101" WC="1.00" CC="00000" TAGREFS=""/>
            <SP HPOS="579" ID="SP_290.8.6.6" VPOS="2188" WIDTH="11"/>
            <String CONTENT="of" HEIGHT="34" HPOS="590" ID="ST_290.8.6.7" STYLEREFS="Style_2" VPOS="2188" WIDTH="39" WC="1.00" CC="00" TAGREFS=""/>
            <SP HPOS="629" ID="SP_290.8.6.8" VPOS="2188" WIDTH="7"/>
            <String CONTENT="the" HEIGHT="35" HPOS="636" ID="ST_290.8.6.9" STYLEREFS="Style_2" VPOS="2188" WIDTH="59" WC="0.97" CC="000" TAGREFS=""/>
            <SP HPOS="695" ID="SP_290.8.6.10" VPOS="2189" WIDTH="11"/>
            <String CONTENT="existing" HEIGHT="42" HPOS="706" ID="ST_290.8.6.11" STYLEREFS="Style_2" VPOS="2189" WIDTH="146" WC="0.97" CC="00000000" TAGREFS=""/>
            <SP HPOS="852" ID="SP_290.8.6.12" VPOS="2189" WIDTH="11"/>
            <String CONTENT="city" HEIGHT="43" HPOS="863" ID="ST_290.8.6.13" STYLEREFS="Style_2" VPOS="2189" WIDTH="70" WC="0.98" CC="0000" TAGREFS=""/>
            <SP HPOS="933" ID="SP_290.8.6.14" VPOS="2189" WIDTH="10"/>
            <String CONTENT="and" HEIGHT="34" HPOS="943" ID="ST_290.8.6.15" STYLEREFS="Style_2" VPOS="2189" WIDTH="69" WC="0.82" CC="000" TAGREFS=""/>
            <SP HPOS="1012" ID="SP_290.8.6.16" VPOS="2190" WIDTH="11"/>
            <String CONTENT="takes" HEIGHT="34" HPOS="1023" ID="ST_290.8.6.17" STYLEREFS="Style_2" VPOS="2190" WIDTH="97" WC="1.00" CC="00000" TAGREFS=""/>
            <SP HPOS="1120" ID="SP_290.8.6.18" VPOS="2190" WIDTH="11"/>
            <String CONTENT="in" HEIGHT="34" HPOS="1131" ID="ST_290.8.6.19" STYLEREFS="Style_2" VPOS="2190" WIDTH="35" WC="1.00" CC="00" TAGREFS=""/>
            <SP HPOS="1166" ID="SP_290.8.6.20" VPOS="2189" WIDTH="11"/>
            <String CONTENT="existing" HEIGHT="44" HPOS="1177" ID="ST_290.8.6.21" STYLEREFS="Style_2" VPOS="2189" WIDTH="146" WC="0.97" CC="00000000" TAGREFS=""/>
            <SP HPOS="1323" ID="SP_290.8.6.22" VPOS="2190" WIDTH="11"/>
            <String CONTENT="industrial" HEIGHT="35" HPOS="1334" ID="ST_290.8.6.23" STYLEREFS="Style_2" VPOS="2190" WIDTH="182" WC="1.00" CC="0000000000" TAGREFS=""/>
          </TextLine>
          <TextLine HEIGHT="45" HPOS="306" ID="TL_290.8.7" VPOS="2237" WIDTH="1135">
            <String CONTENT="and" HEIGHT="34" HPOS="306" ID="ST_290.8.7.1" STYLEREFS="Style_2" VPOS="2237" WIDTH="68" WC="0.93" CC="000" TAGREFS=""/>
            <SP HPOS="374" ID="SP_290.8.7.2" VPOS="2238" WIDTH="20"/>
            <String CONTENT="commercial" HEIGHT="34" HPOS="394" ID="ST_290.8.7.3" STYLEREFS="Style_2" VPOS="2238" WIDTH="222" WC="0.96" CC="0000000000" TAGREFS=""/>
            <SP HPOS="616" ID="SP_290.8.7.4" VPOS="2238" WIDTH="20"/>
            <String CONTENT="sites" HEIGHT="35" HPOS="636" ID="ST_290.8.7.5" STYLEREFS="Style_2" VPOS="2238" WIDTH="81" WC="0.97" CC="00000" TAGREFS=""/>
            <SP HPOS="717" ID="SP_290.8.7.6" VPOS="2239" WIDTH="20"/>
            <String CONTENT="and" HEIGHT="34" HPOS="737" ID="ST_290.8.7.7" STYLEREFS="Style_2" VPOS="2239" WIDTH="69" WC="0.82" CC="000" TAGREFS=""/>
            <SP HPOS="806" ID="SP_290.8.7.8" VPOS="2238" WIDTH="20"/>
            <String CONTENT="land" HEIGHT="35" HPOS="826" ID="ST_290.8.7.9" STYLEREFS="Style_2" VPOS="2238" WIDTH="82" WC="0.88" CC="0000" TAGREFS=""/>
            <SP HPOS="908" ID="SP_290.8.7.10" VPOS="2239" WIDTH="20"/>
            <String CONTENT="along" HEIGHT="43" HPOS="928" ID="ST_290.8.7.11" STYLEREFS="Style_2" VPOS="2239" WIDTH="102" WC="0.92" CC="00000" TAGREFS=""/>
            <SP HPOS="1030" ID="SP_290.8.7.12" VPOS="2239" WIDTH="21"/>
            <String CONTENT="the" HEIGHT="35" HPOS="1051" ID="ST_290.8.7.13" STYLEREFS="Style_2" VPOS="2239" WIDTH="59" WC="1.00" CC="000" TAGREFS=""/>
            <SP HPOS="1110" ID="SP_290.8.7.14" VPOS="2240" WIDTH="19"/>
            <String CONTENT="Arkansas" HEIGHT="34" HPOS="1129" ID="ST_290.8.7.15" STYLEREFS="Style_2" VPOS="2240" WIDTH="177" WC="0.95" CC="00000000" TAGREFS=""/>
            <SP HPOS="1306" ID="SP_290.8.7.16" VPOS="2240" WIDTH="21"/>
            <String CONTENT="River." HEIGHT="35" HPOS="1327" ID="ST_290.8.7.17" STYLEREFS="Style_2" VPOS="2240" WIDTH="114" WC="1.00" CC="000000" TAGREFS=""/>
          </TextLine>
        </TextBlock>
        <TextBlock HEIGHT="146.0" HPOS="305.0" ID="BL_290.9" TAGREFS="b290-7" VPOS="2314.0" WIDTH="1220.0">
          <TextLine HEIGHT="45" HPOS="397" ID="TL_290.9.1" VPOS="2314" WIDTH="1119">
            <String CONTENT="The" HEIGHT="35" HPOS="489" ID="ST_290.9.1.3" STYLEREFS="Style_2" VPOS="2314" WIDTH="74" WC="1.00" CC="000" TAGREFS=""/>
            <SP HPOS="563" ID="SP_290.9.1.4" VPOS="2314" WIDTH="20"/>
            <String CONTENT="landowners" HEIGHT="36" HPOS="583" ID="ST_290.9.1.5" STYLEREFS="Style_2" VPOS="2314" WIDTH="214" WC="0.89" CC="0000000000" TAGREFS=""/>
            <SP HPOS="797" ID="SP_290.9.1.6" VPOS="2315" WIDTH="21"/>
            <String CONTENT="first" HEIGHT="35" HPOS="818" ID="ST_290.9.1.7" STYLEREFS="Style_2" VPOS="2315" WIDTH="73" WC="0.86" CC="00000" TAGREFS=""/>
            <SP HPOS="891" ID="SP_290.9.1.8" VPOS="2326" WIDTH="21"/>
            <String CONTENT="argue" HEIGHT="32" HPOS="912" ID="ST_290.9.1.9" STYLEREFS="Style_2" VPOS="2326" WIDTH="107" WC="0.92" CC="00000" TAGREFS=""/>
            <SP HPOS="1019" ID="SP_290.9.1.10" VPOS="2316" WIDTH="20"/>
            <String CONTENT="that" HEIGHT="34" HPOS="1039" ID="ST_290.9.1.11" STYLEREFS="Style_2" VPOS="2316" WIDTH="76" WC="0.98" CC="0000" TAGREFS=""/>
            <SP HPOS="1115" ID="SP_290.9.1.12" VPOS="2327" WIDTH="21"/>
            <String CONTENT="some" HEIGHT="24" HPOS="1136" ID="ST_290.9.1.13" STYLEREFS="Style_2" VPOS="2327" WIDTH="95" WC="0.84" CC="0000" TAGREFS=""/>
            <SP HPOS="1231" ID="SP_290.9.1.14" VPOS="2316" WIDTH="19"/>
            <String CONTENT="of" HEIGHT="34" HPOS="1250" ID="ST_290.9.1.15" STYLEREFS="Style_2" VPOS="2316" WIDTH="40" WC="1.00" CC="00" TAGREFS=""/>
            <SP HPOS="1290" ID="SP_290.9.1.16" VPOS="2316" WIDTH="17"/>
            <String CONTENT="the" HEIGHT="35" HPOS="1307" ID="ST_290.9.1.17" STYLEREFS="Style_2" VPOS="2316" WIDTH="59" WC="0.88" CC="000" TAGREFS=""/>
            <SP HPOS="1366" ID="SP_290.9.1.18" VPOS="2317" WIDTH="20"/>
            <String CONTENT="land" HEIGHT="34" HPOS="1386" ID="ST_290.9.1.19" STYLEREFS="Style_2" VPOS="2317" WIDTH="81" WC="0.81" CC="0000" TAGREFS=""/>
            <SP HPOS="1467" ID="SP_290.9.1.20" VPOS="2317" WIDTH="21"/>
            <String CONTENT="is" HEIGHT="35" HPOS="1488" ID="ST_290.9.1.21" STYLEREFS="Style_2" VPOS="2317" WIDTH="28" WC="1.00" CC="00" TAGREFS=""/>
          </TextLine>
          <TextLine HEIGHT="45" HPOS="305" ID="TL_290.9.2" VPOS="2363" WIDTH="1212">
            <String CONTENT="swampland" HEIGHT="45" HPOS="305" ID="ST_290.9.2.1" STYLEREFS="Style_2" VPOS="2363" WIDTH="214" WC="0.95" CC="000000000" TAGREFS=""/>
            <SP HPOS="519" ID="SP_290.9.2.2" VPOS="2364" WIDTH="17"/>
            <String CONTENT="which" HEIGHT="34" HPOS="536" ID="ST_290.9.2.3" STYLEREFS="Style_2" VPOS="2364" WIDTH="112" WC="0.95" CC="00000" TAGREFS=""/>
            <SP HPOS="648" ID="SP_290.9.2.4" VPOS="2376" WIDTH="17"/>
            <String CONTENT="runs" HEIGHT="23" HPOS="665" ID="ST_290.9.2.5" STYLEREFS="Style_2" VPOS="2376" WIDTH="81" WC="0.81" CC="0000" TAGREFS=""/>
            <SP HPOS="746" ID="SP_290.9.2.6" VPOS="2365" WIDTH="17"/>
            <String CONTENT="into" HEIGHT="34" HPOS="763" ID="ST_290.9.2.7" STYLEREFS="Style_2" VPOS="2365" WIDTH="72" WC="1.00" CC="0000" TAGREFS=""/>
            <SP HPOS="835" ID="SP_290.9.2.8" VPOS="2375" WIDTH="17"/>
            <String CONTENT="a" HEIGHT="24" HPOS="852" ID="ST_290.9.2.9" STYLEREFS="Style_2" VPOS="2375" WIDTH="20" WC="1.00" CC="0" TAGREFS=""/>
            <SP HPOS="872" ID="SP_290.9.2.10" VPOS="2365" WIDTH="17"/>
            <String CONTENT="wooded" HEIGHT="34" HPOS="889" ID="ST_290.9.2.11" STYLEREFS="Style_2" VPOS="2365" WIDTH="143" WC="0.99" CC="000000" TAGREFS=""/>
            <SP HPOS="1032" ID="SP_290.9.2.12" VPOS="2377" WIDTH="17"/>
            <String CONTENT="area," HEIGHT="30" HPOS="1049" ID="ST_290.9.2.13" STYLEREFS="Style_2" VPOS="2377" WIDTH="92" WC="0.94" CC="00000" TAGREFS=""/>
            <SP HPOS="1141" ID="SP_290.9.2.14" VPOS="2365" WIDTH="18"/>
            <String CONTENT="and" HEIGHT="35" HPOS="1159" ID="ST_290.9.2.15" STYLEREFS="Style_2" VPOS="2365" WIDTH="68" WC="0.84" CC="000" TAGREFS=""/>
            <SP HPOS="1227" ID="SP_290.9.2.16" VPOS="2377" WIDTH="17"/>
            <String CONTENT="as" HEIGHT="23" HPOS="1244" ID="ST_290.9.2.17" STYLEREFS="Style_2" VPOS="2377" WIDTH="38" WC="0.82" CC="00" TAGREFS=""/>
            <SP HPOS="1282" ID="SP_290.9.2.18" VPOS="2366" WIDTH="17"/>
            <String CONTENT="such," HEIGHT="41" HPOS="1299" ID="ST_290.9.2.19" STYLEREFS="Style_2" VPOS="2366" WIDTH="95" WC="0.88" CC="00000" TAGREFS=""/>
            <SP HPOS="1394" ID="SP_290.9.2.20" VPOS="2367" WIDTH="18"/>
            <String CONTENT="is" HEIGHT="34" HPOS="1412" ID="ST_290.9.2.21" STYLEREFS="Style_2" VPOS="2367" WIDTH="28" WC="0.85" CC="00" TAGREFS=""/>
            <SP HPOS="1440" ID="SP_290.9.2.22" VPOS="2372" WIDTH="17"/>
            <String CONTENT="not" HEIGHT="29" HPOS="1457" ID="ST_290.9.2.23" STYLEREFS="Style_2" VPOS="2372" WIDTH="60" WC="0.95" CC="000" TAGREFS=""/>
          </TextLine>
          <TextLine HEIGHT="47" HPOS="305" ID="TL_290.9.3" VPOS="2413" WIDTH="1220">
            <String CONTENT="suitable" HEIGHT="35" HPOS="305" ID="ST_290.9.3.1" STYLEREFS="Style_2" VPOS="2413" WIDTH="148" WC="0.91" CC="00000000" TAGREFS=""/>
            <SP HPOS="453" ID="SP_290.9.3.2" VPOS="2413" WIDTH="17"/>
            <String CONTENT="for" HEIGHT="35" HPOS="470" ID="ST_290.9.3.3" STYLEREFS="Style_2" VPOS="2413" WIDTH="53" WC="1.00" CC="000" TAGREFS=""/>
            <SP HPOS="523" ID="SP_290.9.3.4" VPOS="2414" WIDTH="17"/>
            <String CONTENT="municipal" HEIGHT="44" HPOS="540" ID="ST_290.9.3.5" STYLEREFS="Style_2" VPOS="2414" WIDTH="188" WC="0.90" CC="000000000" TAGREFS=""/>
            <SP HPOS="728" ID="SP_290.9.3.6" VPOS="2425" WIDTH="17"/>
            <String CONTENT="purposes." HEIGHT="34" HPOS="745" ID="ST_290.9.3.7" STYLEREFS="Style_2" VPOS="2425" WIDTH="174" WC="1.00" CC="000000000" TAGREFS=""/>
            <SP HPOS="919" ID="SP_290.9.3.8" VPOS="2415" WIDTH="20"/>
            <String CONTENT="We" HEIGHT="34" HPOS="939" ID="ST_290.9.3.9" STYLEREFS="Style_2" VPOS="2415" WIDTH="64" WC="1.00" CC="00" TAGREFS=""/>
            <SP HPOS="1003" ID="SP_290.9.3.10" VPOS="2415" WIDTH="17"/>
            <String CONTENT="held" HEIGHT="35" HPOS="1020" ID="ST_290.9.3.11" STYLEREFS="Style_2" VPOS="2415" WIDTH="80" WC="0.94" CC="0000" TAGREFS=""/>
            <SP HPOS="1100" ID="SP_290.9.3.12" VPOS="2416" WIDTH="16"/>
            <String CONTENT="in" HEIGHT="34" HPOS="1116" ID="ST_290.9.3.13" STYLEREFS="Style_2" VPOS="2416" WIDTH="35" WC="0.91" CC="00" TAGREFS=""/>
            <SP HPOS="1151" ID="SP_290.9.3.14" VPOS="2415" WIDTH="16"/>
            <String CONTENT="Holmes" HEIGHT="35" HPOS="1167" ID="ST_290.9.3.15" STYLEREFS="Style_4" VPOS="2415" WIDTH="150" WC="0.88" CC="000000" TAGREFS=""/>
            <SP HPOS="1317" ID="SP_290.9.3.16" VPOS="2427" WIDTH="15"/>
            <String CONTENT="v." HEIGHT="23" HPOS="1332" ID="ST_290.9.3.17" STYLEREFS="Style_2" VPOS="2427" WIDTH="30" WC="1.00" CC="00" TAGREFS=""/>
            <SP HPOS="1362" ID="SP_290.9.3.18" VPOS="2417" WIDTH="21"/>
            <String CONTENT="City" HEIGHT="42" HPOS="1383" ID="ST_290.9.3.19" STYLEREFS="Style_4" VPOS="2417" WIDTH="79" WC="0.99" CC="0000" TAGREFS=""/>
            <SP HPOS="1462" ID="SP_290.9.3.20" VPOS="2416" WIDTH="17"/>
            <String CONTENT="of" HEIGHT="44" HPOS="1479" ID="ST_290.9.3.21" STYLEREFS="Style_4" VPOS="2416" WIDTH="46" WC="0.91" CC="00" TAGREFS=""/>
          </TextLine>
        </TextBlock>
      </PrintSpace>
    </Page>
  </Layout>
</alto>
