1656 2688
309 263 65 33 328

394 1289 123 35 Edwin
535 1291 42 33 A.
599 1291 147 39 Keaton,
767 1290 54 34 for
841 1291 203 43 appellants.

393 1367 148 39 Howell,
559 1369 108 38 Price,
689 1369 106 38 Trice,
812 1368 157 35 Basham
988 1370 30 32 &
1036 1370 113 42 Hope,
1166 1370 96 39 P.A.,
1279 1368 54 35 for
1348 1369 164 43 appellee.

394 1446 154 34 Robert
563 1447 45 33 H.
625 1446 170 41 Dudley,
811 1446 141 35 Justice.

968 1447 74 34 The
1057 1447 165 44 appellee,
1238 1447 158 44 Dorothy
1410 1448 103 34 Ross-

303 1495 164 42 Lawhon,
481 1495 80 35 filed
575 1507 20 24 a
609 1496 144 44 petition
766 1496 35 35 in
815 1496 59 35 the
886 1497 149 34 Probate
1048 1497 111 35 Court
1172 1497 40 35 of
1221 1498 140 34 Pulaski
1375 1498 140 44 County

303 1546 139 43 seeking
452 1546 238 44 appointment
699 1557 38 24 as
746 1547 169 43 guardian
924 1547 40 35 of
970 1547 58 35 the
1037 1558 123 33 person
1169 1547 69 35 and
1247 1547 39 35 of
1292 1548 59 34 the
1360 1553 110 30 estate
1478 1548 39 35 of

302 1595 61 35 her
382 1595 293 44 granddaughter,
695 1597 177 34 Gabrielle
891 1597 275 44 Lawhon-Dyer.
1186 1598 168 44 Appellee
1373 1598 141 44 already

302 1645 69 34 had
382 1645 86 35 been
479 1646 162 35 awarded
651 1651 198 39 temporary
859 1647 146 44 custody
1014 1647 40 34 of
1061 1647 59 35 the
1129 1648 93 34 child
1233 1648 45 43 by
1289 1648 59 35 the
1358 1649 156 34 Juvenile

302 1695 110 35 Court
437 1695 39 35 of
498 1696 175 35 Ouachita
698 1697 149 43 County.
873 1697 75 34 The
972 1697 204 44 appellants,
1201 1698 60 34 the
1285 1698 135 34 mother
1444 1698 68 35 and

302 1746 170 33 maternal
485 1745 251 44 grandparents
749 1746 39 34 of
798 1746 58 35 the
869 1746 103 41 child,
986 1746 80 35 filed
1079 1758 20 23 a
1113 1747 130 34 motion
1257 1752 35 29 to
1305 1747 135 35 dismiss
1454 1748 59 34 the

302 1794 144 43 petition
461 1795 54 34 for
530 1795 247 44 guardianship
792 1796 208 43 contending
1016 1796 77 35 that
1107 1797 60 34 the
1182 1797 144 43 probate
1340 1803 98 28 court
1453 1797 59 34 did

301 1849 60 29 not
375 1844 87 34 have
470 1844 219 43 jurisdiction
703 1850 35 29 to
752 1845 83 34 hear
849 1845 59 35 the
920 1845 249 44 guardianship
1182 1846 144 43 petition
1339 1847 101 34 while
1453 1847 59 34 the

297 1893 152 43 juvenile
458 1899 98 29 court
566 1899 128 29 matter
703 1905 70 24 was
783 1894 69 35 still
862 1895 161 43 pending.
1035 1895 74 35 The
1119 1896 79 34 trial
1208 1901 98 29 court
1316 1896 140 34 entered
1466 1907 45 24 an

300 1942 100 35 order
423 1943 201 43 appointing
648 1944 154 43 appellee
824 1944 171 43 guardian
1018 1944 39 35 of
1076 1945 60 34 the
1158 1956 122 32 person
1303 1945 68 34 and
1394 1946 39 34 of
1452 1946 59 34 the

300 1997 120 29 estate.
436 1993 65 33 We
514 1992 113 35 affirm
640 1993 59 34 the
712 1993 79 34 trial
805 1994 127 33 court’s
946 1994 112 43 ruling
1072 1994 77 34 that
1162 1994 27 34 it
1202 1994 68 34 had
1281 1995 229 42 jurisdiction,

300 2041 62 34 but
382 2041 144 34 remand
546 2042 59 34 the
625 2053 79 23 case
724 2042 53 34 for
797 2042 135 35 further
952 2043 109 43 proof.

390 2120 205 44 Appellants
608 2120 74 35 first
695 2121 148 34 contend
856 2121 77 35 that
945 2122 59 34 the
1017 2122 144 44 probate
1173 2127 98 30 court
1283 2133 69 24 was
1365 2123 145 34 without

295 2169 229 43 jurisdiction.
535 2170 74 35 The
617 2176 184 38 argument
810 2171 27 34 is
846 2171 145 35 without
1001 2172 111 34 merit.
1123 2172 84 34 Ark.
1218 2172 88 34 Stat.
1317 2173 91 34 Ann.
1421 2173 17 42 §
1451 2174 58 33 57-

300 2220 68 33 604
383 2219 115 44 (Repl.
517 2220 117 43 1971),
648 2231 20 24 a
681 2226 78 38 part
771 2221 40 34 of
820 2221 59 34 the
891 2221 145 44 probate
1048 2221 96 42 code,
1157 2233 69 23 was
1240 2222 34 34 in
1287 2222 103 34 effect
1402 2227 37 30 at
1451 2222 59 35 the

299 2269 84 34 time
403 2269 39 34 of
459 2270 59 34 the
537 2270 145 43 probate
701 2276 98 29 court
819 2270 154 44 hearing.
996 2272 31 33 It
1046 2271 167 44 provides:

515 2349 140 34 57-604.
668 2349 223 35 Jurisdiction
901 2370 49 3 —
960 2361 31 23 a.
1004 2350 309 35 GENERALLY.
1326 2351 74 34 The
1406 2351 102 43 juris-

422 2397 129 35 diction
566 2398 39 35 of
616 2398 60 35 the
690 2399 144 43 probate
848 2405 99 29 court
961 2410 80 24 over
1055 2400 46 34 all
1116 2405 144 30 matters
1275 2400 39 35 of
1325 2400 183 43 guardian-
