<?xml version='1.0' encoding='utf-8'?>
<alto xmlns="http://www.loc.gov/standards/alto/ns-v3#">
  <!--Created by Innodata R.E.D. RLI tool: 2017-04-25 06:27:30.990030-->
  <Description>
    <MeasurementUnit>pixel</MeasurementUnit>
    <sourceImageInformation>
      <fileName>32044078577194_00219_0.tif</fileName>
    </sourceImageInformation>
    <OCRProcessing ID="OP_1">
      <ocrProcessingStep>
        <processingStepDescription>Alto coordinates refer to the deskewed TIFF file. 
		To convert point (x, y) to original image (TIFF or JP2) apply transformation matrix T=(m00, m01, m10, m11, b0, b1) using the rule:
			T * (x,y) = (m00 * x + m01 * y + b0), (m10 * x + m11 * y + b1)</processingStepDescription>
        <processingStepSettings>RED.transform=(0.9999875000260416, -0.004999979166692708, 0.004999979166692708, 0.9999875000260416, 0.22000000000002728, -8.12000000000011)</processingStepSettings>
      </ocrProcessingStep>
    </OCRProcessing>
  </Description>
  <Styles>
    <TextStyle FONTFAMILY="Times New Roman" FONTSIZE="10.50" FONTSTYLE="bold smallcaps" FONTTYPE="serif" FONTWIDTH="proportional" ID="Style_4"/>
    <TextStyle FONTFAMILY="Times New Roman" FONTSIZE="11.00" FONTTYPE="serif" FONTWIDTH="proportional" ID="Style_5"/>
    <TextStyle FONTFAMILY="Times New Roman" FONTSIZE="11.00" FONTSTYLE="italics" FONTTYPE="serif" FONTWIDTH="proportional" ID="Style_6"/>
  </Styles>
  <Tags>
    <StructureTag ID="b437-4" LABEL="pagelabel"/>
    <StructureTag ID="b437-9" LABEL="attorneys"/>
    <StructureTag ID="b437-10" LABEL="attorneys"/>
    <StructureTag ID="b437-11" LABEL="author"/>
    <StructureTag ID="AJo" LABEL="p"/>
    <StructureTag ID="b437-12" LABEL="p"/>
    <StructureTag ID="b437-13" LABEL="p"/>
    </Tags>
  <Layout>
    <Page HEIGHT="2696" ID="PG_437" PHYSICAL_IMG_NR="437" WIDTH="1661">
      <PrintSpace HEIGHT="2696" HPOS="0" ID="PS_437" VPOS="0" WIDTH="1661">
        <TextBlock HEIGHT="33.0" HPOS="1279.0" ID="BL_437.3" TAGREFS="b437-4" VPOS="260.0" WIDTH="66.0">
          <TextLine HEIGHT="33" HPOS="1279" ID="TL_437.3.1" VPOS="260" WIDTH="66">
            <String CONTENT="403" HEIGHT="33" HPOS="1279" ID="ST_437.3.1.1" STYLEREFS="Style_5" VPOS="260" WIDTH="66" WC="0.66" CC="000" TAGREFS=""/>
          </TextLine>
        </TextBlock>
        <TextBlock HEIGHT="45.0" HPOS="227.0" ID="BL_437.8" TAGREFS="b437-9" VPOS="1286.0" WIDTH="1097.0">
          <TextLine HEIGHT="45" HPOS="227" ID="TL_437.8.1" VPOS="1286" WIDTH="1097">
            <String CONTENT="Mobley" HEIGHT="43" HPOS="227" ID="ST_437.8.1.1" STYLEREFS="Style_6" VPOS="1286" WIDTH="147" WC="1.00" CC="000000" TAGREFS=""/>
            <SP HPOS="374" ID="SP_437.8.1.2" VPOS="1288" WIDTH="22"/>
            <String CONTENT="&amp;" HEIGHT="33" HPOS="396" ID="ST_437.8.1.3" STYLEREFS="Style_5" VPOS="1288" WIDTH="31" WC="0.24" CC="9" TAGREFS=""/>
            <SP HPOS="427" ID="SP_437.8.1.4" VPOS="1286" WIDTH="21"/>
            <String CONTENT="Smith," HEIGHT="41" HPOS="448" ID="ST_437.8.1.5" STYLEREFS="Style_6" VPOS="1286" WIDTH="131" WC="0.89" CC="000000" TAGREFS=""/>
            <SP HPOS="579" ID="SP_437.8.1.6" VPOS="1287" WIDTH="21"/>
            <String CONTENT="by:" HEIGHT="43" HPOS="600" ID="ST_437.8.1.7" STYLEREFS="Style_5" VPOS="1287" WIDTH="55" WC="1.00" CC="000" TAGREFS=""/>
            <SP HPOS="655" ID="SP_437.8.1.8" VPOS="1286" WIDTH="27"/>
            <String CONTENT="William" HEIGHT="36" HPOS="682" ID="ST_437.8.1.9" STYLEREFS="Style_6" VPOS="1286" WIDTH="153" WC="0.99" CC="0000000" TAGREFS=""/>
            <SP HPOS="835" ID="SP_437.8.1.10" VPOS="1289" WIDTH="19"/>
            <String CONTENT="F." HEIGHT="33" HPOS="854" ID="ST_437.8.1.11" STYLEREFS="Style_6" VPOS="1289" WIDTH="37" WC="0.86" CC="00" TAGREFS=""/>
            <SP HPOS="891" ID="SP_437.8.1.12" VPOS="1287" WIDTH="21"/>
            <String CONTENT="Smith," HEIGHT="41" HPOS="912" ID="ST_437.8.1.13" STYLEREFS="Style_6" VPOS="1287" WIDTH="131" WC="0.86" CC="000000" TAGREFS=""/>
            <SP HPOS="1043" ID="SP_437.8.1.14" VPOS="1287" WIDTH="21"/>
            <String CONTENT="for" HEIGHT="35" HPOS="1064" ID="ST_437.8.1.15" STYLEREFS="Style_5" VPOS="1287" WIDTH="54" WC="0.94" CC="000" TAGREFS=""/>
            <SP HPOS="1118" ID="SP_437.8.1.16" VPOS="1287" WIDTH="20"/>
            <String CONTENT="appellant." HEIGHT="44" HPOS="1138" ID="ST_437.8.1.17" STYLEREFS="Style_5" VPOS="1287" WIDTH="186" WC="0.93" CC="0000000000" TAGREFS=""/>
          </TextLine>
        </TextBlock>
        <TextBlock HEIGHT="94.0" HPOS="136.0" ID="BL_437.9" TAGREFS="b437-10" VPOS="1364.0" WIDTH="1215.0">
          <TextLine HEIGHT="46" HPOS="227" ID="TL_437.9.1" VPOS="1364" WIDTH="1124">
            <String CONTENT="Steve" HEIGHT="34" HPOS="227" ID="ST_437.9.1.1" STYLEREFS="Style_6" VPOS="1365" WIDTH="105" WC="1.00" CC="00000" TAGREFS=""/>
            <SP HPOS="332" ID="SP_437.9.1.2" VPOS="1364" WIDTH="12"/>
            <String CONTENT="Clark," HEIGHT="41" HPOS="344" ID="ST_437.9.1.3" STYLEREFS="Style_6" VPOS="1364" WIDTH="119" WC="0.89" CC="000000" TAGREFS=""/>
            <SP HPOS="463" ID="SP_437.9.1.4" VPOS="1364" WIDTH="11"/>
            <String CONTENT="Att’y" HEIGHT="44" HPOS="474" ID="ST_437.9.1.5" STYLEREFS="Style_5" VPOS="1364" WIDTH="100" WC="0.80" CC="00090" TAGREFS=""/>
            <SP HPOS="574" ID="SP_437.9.1.6" VPOS="1364" WIDTH="10"/>
            <String CONTENT="Gen.," HEIGHT="42" HPOS="584" ID="ST_437.9.1.7" STYLEREFS="Style_5" VPOS="1364" WIDTH="101" WC="0.92" CC="00099" TAGREFS=""/>
            <SP HPOS="685" ID="SP_437.9.1.8" VPOS="1365" WIDTH="12"/>
            <String CONTENT="by:" HEIGHT="44" HPOS="697" ID="ST_437.9.1.9" STYLEREFS="Style_5" VPOS="1365" WIDTH="55" WC="0.93" CC="000" TAGREFS=""/>
            <SP HPOS="752" ID="SP_437.9.1.10" VPOS="1366" WIDTH="11"/>
            <String CONTENT="Jerome" HEIGHT="34" HPOS="763" ID="ST_437.9.1.11" STYLEREFS="Style_6" VPOS="1366" WIDTH="142" WC="0.99" CC="000000" TAGREFS=""/>
            <SP HPOS="905" ID="SP_437.9.1.12" VPOS="1366" WIDTH="13"/>
            <String CONTENT="T." HEIGHT="34" HPOS="918" ID="ST_437.9.1.13" STYLEREFS="Style_6" VPOS="1366" WIDTH="35" WC="0.97" CC="00" TAGREFS=""/>
            <SP HPOS="953" ID="SP_437.9.1.14" VPOS="1366" WIDTH="12"/>
            <String CONTENT="Kearney," HEIGHT="43" HPOS="965" ID="ST_437.9.1.15" STYLEREFS="Style_6" VPOS="1366" WIDTH="171" WC="0.94" CC="00000000" TAGREFS=""/>
            <SP HPOS="1136" ID="SP_437.9.1.16" VPOS="1365" WIDTH="11"/>
            <String CONTENT="Asst." HEIGHT="35" HPOS="1147" ID="ST_437.9.1.17" STYLEREFS="Style_5" VPOS="1365" WIDTH="93" WC="1.00" CC="00000" TAGREFS=""/>
            <SP HPOS="1240" ID="SP_437.9.1.18" VPOS="1366" WIDTH="11"/>
            <String CONTENT="Att’y" HEIGHT="44" HPOS="1251" ID="ST_437.9.1.19" STYLEREFS="Style_5" VPOS="1366" WIDTH="100" WC="1.00" CC="00000" TAGREFS=""/>
          </TextLine>
          <TextLine HEIGHT="44" HPOS="136" ID="TL_437.9.2" VPOS="1414" WIDTH="361">
            <String CONTENT="Gen.," HEIGHT="41" HPOS="136" ID="ST_437.9.2.1" STYLEREFS="Style_5" VPOS="1414" WIDTH="101" WC="0.96" CC="00099" TAGREFS=""/>
            <SP HPOS="237" ID="SP_437.9.2.2" VPOS="1414" WIDTH="22"/>
            <String CONTENT="for" HEIGHT="35" HPOS="259" ID="ST_437.9.2.3" STYLEREFS="Style_5" VPOS="1414" WIDTH="54" WC="1.00" CC="000" TAGREFS=""/>
            <SP HPOS="313" ID="SP_437.9.2.4" VPOS="1415" WIDTH="20"/>
            <String CONTENT="appellee." HEIGHT="43" HPOS="333" ID="ST_437.9.2.5" STYLEREFS="Style_5" VPOS="1415" WIDTH="164" WC="0.94" CC="000000000" TAGREFS=""/>
          </TextLine>
        </TextBlock>
        <TextBlock HEIGHT="40.0" HPOS="228.0" ID="BL_437.10" TAGREFS="b437-11" VPOS="1493.0" WIDTH="494.0">
          <TextLine HEIGHT="40" HPOS="228" ID="TL_437.10.1" VPOS="1493" WIDTH="494">
            <String CONTENT="David" HEIGHT="33" HPOS="228" ID="ST_437.10.1.1" STYLEREFS="Style_4" VPOS="1493" WIDTH="126" WC="0.76" CC="00000" TAGREFS=""/>
            <SP HPOS="354" ID="SP_437.10.1.2" VPOS="1493" WIDTH="9"/>
            <String CONTENT="Newbern," HEIGHT="40" HPOS="363" ID="ST_437.10.1.3" STYLEREFS="Style_4" VPOS="1493" WIDTH="208" WC="0.80" CC="00000000" TAGREFS=""/>
            <SP HPOS="571" ID="SP_437.10.1.4" VPOS="1493" WIDTH="10"/>
            <String CONTENT="Justice." HEIGHT="34" HPOS="581" ID="ST_437.10.1.5" STYLEREFS="Style_5" VPOS="1493" WIDTH="141" WC="1.00" CC="00000000" TAGREFS=""/>
          </TextLine>
        </TextBlock>
        <TextBlock HEIGHT="45.0" HPOS="733.0" ID="BL_437.11" TAGREFS="AJo" VPOS="1492.0" WIDTH="617.0">
          <TextLine HEIGHT="45" HPOS="733" ID="TL_437.11.1" VPOS="1492" WIDTH="617">
            <String CONTENT="The" HEIGHT="34" HPOS="825" ID="ST_437.11.1.3" STYLEREFS="Style_5" VPOS="1493" WIDTH="74" WC="1.00" CC="000" TAGREFS=""/>
            <SP HPOS="899" ID="SP_437.11.1.4" VPOS="1493" WIDTH="8"/>
            <String CONTENT="appellant" HEIGHT="44" HPOS="907" ID="ST_437.11.1.5" STYLEREFS="Style_5" VPOS="1493" WIDTH="178" WC="0.98" CC="000000000" TAGREFS=""/>
            <SP HPOS="1085" ID="SP_437.11.1.6" VPOS="1504" WIDTH="8"/>
            <String CONTENT="was" HEIGHT="24" HPOS="1093" ID="ST_437.11.1.7" STYLEREFS="Style_5" VPOS="1504" WIDTH="70" WC="1.00" CC="000" TAGREFS=""/>
            <SP HPOS="1163" ID="SP_437.11.1.8" VPOS="1494" WIDTH="9"/>
            <String CONTENT="convicted" HEIGHT="34" HPOS="1172" ID="ST_437.11.1.9" STYLEREFS="Style_5" VPOS="1494" WIDTH="178" WC="0.90" CC="000000000" TAGREFS=""/>
          </TextLine>
        </TextBlock>
        <TextBlock HEIGHT="433.0" HPOS="135.0" ID="BL_437.12" TAGREFS="AJo" VPOS="1541.0" WIDTH="1218.0">
          <TextLine HEIGHT="45" HPOS="135" ID="TL_437.12.1" VPOS="1541" WIDTH="1218">
            <String CONTENT="of" HEIGHT="34" HPOS="135" ID="ST_437.12.1.1" STYLEREFS="Style_5" VPOS="1541" WIDTH="40" WC="0.80" CC="00" TAGREFS=""/>
            <SP HPOS="175" ID="SP_437.12.1.2" VPOS="1547" WIDTH="8"/>
            <String CONTENT="two" HEIGHT="28" HPOS="183" ID="ST_437.12.1.3" STYLEREFS="Style_5" VPOS="1547" WIDTH="69" WC="0.66" CC="000" TAGREFS=""/>
            <SP HPOS="252" ID="SP_437.12.1.4" VPOS="1547" WIDTH="10"/>
            <String CONTENT="counts" HEIGHT="29" HPOS="262" ID="ST_437.12.1.5" STYLEREFS="Style_5" VPOS="1547" WIDTH="122" WC="0.58" CC="000000" TAGREFS=""/>
            <SP HPOS="384" ID="SP_437.12.1.6" VPOS="1542" WIDTH="10"/>
            <String CONTENT="of" HEIGHT="34" HPOS="394" ID="ST_437.12.1.7" STYLEREFS="Style_5" VPOS="1542" WIDTH="39" WC="0.82" CC="00" TAGREFS=""/>
            <SP HPOS="433" ID="SP_437.12.1.8" VPOS="1553" WIDTH="9"/>
            <String CONTENT="rape" HEIGHT="33" HPOS="442" ID="ST_437.12.1.9" STYLEREFS="Style_5" VPOS="1553" WIDTH="84" WC="0.76" CC="0000" TAGREFS=""/>
            <SP HPOS="526" ID="SP_437.12.1.10" VPOS="1542" WIDTH="10"/>
            <String CONTENT="and" HEIGHT="34" HPOS="536" ID="ST_437.12.1.11" STYLEREFS="Style_5" VPOS="1542" WIDTH="70" WC="0.63" CC="000" TAGREFS=""/>
            <SP HPOS="606" ID="SP_437.12.1.12" VPOS="1548" WIDTH="10"/>
            <String CONTENT="two" HEIGHT="28" HPOS="616" ID="ST_437.12.1.13" STYLEREFS="Style_5" VPOS="1548" WIDTH="68" WC="0.54" CC="000" TAGREFS=""/>
            <SP HPOS="684" ID="SP_437.12.1.14" VPOS="1547" WIDTH="11"/>
            <String CONTENT="counts" HEIGHT="29" HPOS="695" ID="ST_437.12.1.15" STYLEREFS="Style_5" VPOS="1547" WIDTH="122" WC="0.66" CC="000000" TAGREFS=""/>
            <SP HPOS="817" ID="SP_437.12.1.16" VPOS="1542" WIDTH="10"/>
            <String CONTENT="of" HEIGHT="35" HPOS="827" ID="ST_437.12.1.17" STYLEREFS="Style_5" VPOS="1542" WIDTH="39" WC="0.85" CC="00" TAGREFS=""/>
            <SP HPOS="866" ID="SP_437.12.1.18" VPOS="1543" WIDTH="9"/>
            <String CONTENT="incest." HEIGHT="34" HPOS="875" ID="ST_437.12.1.19" STYLEREFS="Style_5" VPOS="1543" WIDTH="119" WC="0.73" CC="0000000" TAGREFS=""/>
            <SP HPOS="994" ID="SP_437.12.1.20" VPOS="1544" WIDTH="13"/>
            <String CONTENT="He" HEIGHT="33" HPOS="1007" ID="ST_437.12.1.21" STYLEREFS="Style_5" VPOS="1544" WIDTH="57" WC="0.72" CC="00" TAGREFS=""/>
            <SP HPOS="1064" ID="SP_437.12.1.22" VPOS="1554" WIDTH="10"/>
            <String CONTENT="was" HEIGHT="23" HPOS="1074" ID="ST_437.12.1.23" STYLEREFS="Style_5" VPOS="1554" WIDTH="70" WC="0.89" CC="000" TAGREFS=""/>
            <SP HPOS="1144" ID="SP_437.12.1.24" VPOS="1543" WIDTH="12"/>
            <String CONTENT="accused" HEIGHT="34" HPOS="1156" ID="ST_437.12.1.25" STYLEREFS="Style_5" VPOS="1543" WIDTH="148" WC="0.87" CC="0000000" TAGREFS=""/>
            <SP HPOS="1304" ID="SP_437.12.1.26" VPOS="1543" WIDTH="11"/>
            <String CONTENT="of" HEIGHT="34" HPOS="1315" ID="ST_437.12.1.27" STYLEREFS="Style_5" VPOS="1543" WIDTH="38" WC="0.98" CC="00" TAGREFS=""/>
          </TextLine>
          <TextLine HEIGHT="44" HPOS="136" ID="TL_437.12.2" VPOS="1591" WIDTH="1214">
            <String CONTENT="engaging" HEIGHT="43" HPOS="136" ID="ST_437.12.2.1" STYLEREFS="Style_5" VPOS="1591" WIDTH="173" WC="0.88" CC="00000000" TAGREFS=""/>
            <SP HPOS="309" ID="SP_437.12.2.2" VPOS="1591" WIDTH="17"/>
            <String CONTENT="in" HEIGHT="33" HPOS="326" ID="ST_437.12.2.3" STYLEREFS="Style_5" VPOS="1591" WIDTH="34" WC="1.00" CC="00" TAGREFS=""/>
            <SP HPOS="360" ID="SP_437.12.2.4" VPOS="1592" WIDTH="17"/>
            <String CONTENT="sexual" HEIGHT="33" HPOS="377" ID="ST_437.12.2.5" STYLEREFS="Style_5" VPOS="1592" WIDTH="117" WC="0.95" CC="000000" TAGREFS=""/>
            <SP HPOS="494" ID="SP_437.12.2.6" VPOS="1591" WIDTH="17"/>
            <String CONTENT="intercourse" HEIGHT="35" HPOS="511" ID="ST_437.12.2.7" STYLEREFS="Style_5" VPOS="1591" WIDTH="212" WC="0.97" CC="00000000000" TAGREFS=""/>
            <SP HPOS="723" ID="SP_437.12.2.8" VPOS="1591" WIDTH="16"/>
            <String CONTENT="and" HEIGHT="34" HPOS="739" ID="ST_437.12.2.9" STYLEREFS="Style_5" VPOS="1591" WIDTH="69" WC="0.96" CC="000" TAGREFS=""/>
            <SP HPOS="808" ID="SP_437.12.2.10" VPOS="1592" WIDTH="16"/>
            <String CONTENT="deviate" HEIGHT="34" HPOS="824" ID="ST_437.12.2.11" STYLEREFS="Style_5" VPOS="1592" WIDTH="136" WC="1.00" CC="0000000" TAGREFS=""/>
            <SP HPOS="960" ID="SP_437.12.2.12" VPOS="1592" WIDTH="16"/>
            <String CONTENT="sexual" HEIGHT="34" HPOS="976" ID="ST_437.12.2.13" STYLEREFS="Style_5" VPOS="1592" WIDTH="118" WC="0.89" CC="000000" TAGREFS=""/>
            <SP HPOS="1094" ID="SP_437.12.2.14" VPOS="1592" WIDTH="17"/>
            <String CONTENT="activity" HEIGHT="43" HPOS="1111" ID="ST_437.12.2.15" STYLEREFS="Style_5" VPOS="1592" WIDTH="141" WC="0.96" CC="00000000" TAGREFS=""/>
            <SP HPOS="1252" ID="SP_437.12.2.16" VPOS="1593" WIDTH="16"/>
            <String CONTENT="with" HEIGHT="33" HPOS="1268" ID="ST_437.12.2.17" STYLEREFS="Style_5" VPOS="1593" WIDTH="82" WC="0.94" CC="0000" TAGREFS=""/>
          </TextLine>
          <TextLine HEIGHT="46" HPOS="136" ID="TL_437.12.3" VPOS="1640" WIDTH="1213">
            <String CONTENT="his" HEIGHT="34" HPOS="136" ID="ST_437.12.3.1" STYLEREFS="Style_5" VPOS="1640" WIDTH="53" WC="0.91" CC="000" TAGREFS=""/>
            <SP HPOS="189" ID="SP_437.12.3.2" VPOS="1651" WIDTH="9"/>
            <String CONTENT="son" HEIGHT="24" HPOS="198" ID="ST_437.12.3.3" STYLEREFS="Style_5" VPOS="1651" WIDTH="62" WC="0.91" CC="000" TAGREFS=""/>
            <SP HPOS="260" ID="SP_437.12.3.4" VPOS="1640" WIDTH="10"/>
            <String CONTENT="and" HEIGHT="35" HPOS="270" ID="ST_437.12.3.5" STYLEREFS="Style_5" VPOS="1640" WIDTH="69" WC="0.98" CC="000" TAGREFS=""/>
            <SP HPOS="339" ID="SP_437.12.3.6" VPOS="1640" WIDTH="9"/>
            <String CONTENT="daughter" HEIGHT="44" HPOS="348" ID="ST_437.12.3.7" STYLEREFS="Style_5" VPOS="1640" WIDTH="171" WC="0.96" CC="00000000" TAGREFS=""/>
            <SP HPOS="519" ID="SP_437.12.3.8" VPOS="1641" WIDTH="8"/>
            <String CONTENT="who" HEIGHT="34" HPOS="527" ID="ST_437.12.3.9" STYLEREFS="Style_5" VPOS="1641" WIDTH="78" WC="0.93" CC="000" TAGREFS=""/>
            <SP HPOS="605" ID="SP_437.12.3.10" VPOS="1652" WIDTH="9"/>
            <String CONTENT="were" HEIGHT="24" HPOS="614" ID="ST_437.12.3.11" STYLEREFS="Style_5" VPOS="1652" WIDTH="90" WC="1.00" CC="0000" TAGREFS=""/>
            <SP HPOS="704" ID="SP_437.12.3.12" VPOS="1641" WIDTH="8"/>
            <String CONTENT="aged" HEIGHT="43" HPOS="712" ID="ST_437.12.3.13" STYLEREFS="Style_5" VPOS="1641" WIDTH="88" WC="1.00" CC="0000" TAGREFS=""/>
            <SP HPOS="800" ID="SP_437.12.3.14" VPOS="1642" WIDTH="10"/>
            <String CONTENT="eleven" HEIGHT="34" HPOS="810" ID="ST_437.12.3.15" STYLEREFS="Style_5" VPOS="1642" WIDTH="116" WC="0.98" CC="000000" TAGREFS=""/>
            <SP HPOS="926" ID="SP_437.12.3.16" VPOS="1641" WIDTH="11"/>
            <String CONTENT="and" HEIGHT="35" HPOS="937" ID="ST_437.12.3.17" STYLEREFS="Style_5" VPOS="1641" WIDTH="69" WC="0.77" CC="000" TAGREFS=""/>
            <SP HPOS="1006" ID="SP_437.12.3.18" VPOS="1642" WIDTH="9"/>
            <String CONTENT="nine," HEIGHT="41" HPOS="1015" ID="ST_437.12.3.19" STYLEREFS="Style_5" VPOS="1642" WIDTH="90" WC="0.85" CC="00000" TAGREFS=""/>
            <SP HPOS="1105" ID="SP_437.12.3.20" VPOS="1642" WIDTH="11"/>
            <String CONTENT="respectively," HEIGHT="44" HPOS="1116" ID="ST_437.12.3.21" STYLEREFS="Style_5" VPOS="1642" WIDTH="233" WC="0.94" CC="0000000000000" TAGREFS=""/>
          </TextLine>
          <TextLine HEIGHT="47" HPOS="136" ID="TL_437.12.4" VPOS="1690" WIDTH="1214">
            <String CONTENT="when" HEIGHT="35" HPOS="136" ID="ST_437.12.4.1" STYLEREFS="Style_5" VPOS="1690" WIDTH="100" WC="0.88" CC="0000" TAGREFS=""/>
            <SP HPOS="236" ID="SP_437.12.4.2" VPOS="1691" WIDTH="17"/>
            <String CONTENT="the" HEIGHT="35" HPOS="253" ID="ST_437.12.4.3" STYLEREFS="Style_5" VPOS="1691" WIDTH="59" WC="0.87" CC="000" TAGREFS=""/>
            <SP HPOS="312" ID="SP_437.12.4.4" VPOS="1696" WIDTH="16"/>
            <String CONTENT="acts" HEIGHT="30" HPOS="328" ID="ST_437.12.4.5" STYLEREFS="Style_5" VPOS="1696" WIDTH="73" WC="1.00" CC="0000" TAGREFS=""/>
            <SP HPOS="401" ID="SP_437.12.4.6" VPOS="1691" WIDTH="18"/>
            <String CONTENT="allegedly" HEIGHT="45" HPOS="419" ID="ST_437.12.4.7" STYLEREFS="Style_5" VPOS="1691" WIDTH="170" WC="0.93" CC="000000000" TAGREFS=""/>
            <SP HPOS="589" ID="SP_437.12.4.8" VPOS="1691" WIDTH="16"/>
            <String CONTENT="occurred." HEIGHT="36" HPOS="605" ID="ST_437.12.4.9" STYLEREFS="Style_5" VPOS="1691" WIDTH="176" WC="0.95" CC="000000000" TAGREFS=""/>
            <SP HPOS="781" ID="SP_437.12.4.10" VPOS="1692" WIDTH="18"/>
            <String CONTENT="The" HEIGHT="35" HPOS="799" ID="ST_437.12.4.11" STYLEREFS="Style_5" VPOS="1692" WIDTH="74" WC="1.00" CC="000" TAGREFS=""/>
            <SP HPOS="873" ID="SP_437.12.4.12" VPOS="1692" WIDTH="17"/>
            <String CONTENT="appellant" HEIGHT="45" HPOS="890" ID="ST_437.12.4.13" STYLEREFS="Style_5" VPOS="1692" WIDTH="177" WC="0.88" CC="000000000" TAGREFS=""/>
            <SP HPOS="1067" ID="SP_437.12.4.14" VPOS="1692" WIDTH="16"/>
            <String CONTENT="has" HEIGHT="35" HPOS="1083" ID="ST_437.12.4.15" STYLEREFS="Style_5" VPOS="1692" WIDTH="63" WC="0.87" CC="000" TAGREFS=""/>
            <SP HPOS="1146" ID="SP_437.12.4.16" VPOS="1692" WIDTH="17"/>
            <String CONTENT="raised" HEIGHT="35" HPOS="1163" ID="ST_437.12.4.17" STYLEREFS="Style_5" VPOS="1692" WIDTH="112" WC="1.00" CC="000000" TAGREFS=""/>
            <SP HPOS="1275" ID="SP_437.12.4.18" VPOS="1698" WIDTH="17"/>
            <String CONTENT="ten" HEIGHT="29" HPOS="1292" ID="ST_437.12.4.19" STYLEREFS="Style_5" VPOS="1698" WIDTH="58" WC="1.00" CC="000" TAGREFS=""/>
          </TextLine>
          <TextLine HEIGHT="46" HPOS="136" ID="TL_437.12.5" VPOS="1741" WIDTH="1215">
            <String CONTENT="points" HEIGHT="44" HPOS="136" ID="ST_437.12.5.1" STYLEREFS="Style_5" VPOS="1741" WIDTH="113" WC="0.94" CC="000000" TAGREFS=""/>
            <SP HPOS="249" ID="SP_437.12.5.2" VPOS="1752" WIDTH="12"/>
            <String CONTENT="on" HEIGHT="24" HPOS="261" ID="ST_437.12.5.3" STYLEREFS="Style_5" VPOS="1752" WIDTH="44" WC="1.00" CC="00" TAGREFS=""/>
            <SP HPOS="305" ID="SP_437.12.5.4" VPOS="1742" WIDTH="11"/>
            <String CONTENT="appeal." HEIGHT="43" HPOS="316" ID="ST_437.12.5.5" STYLEREFS="Style_5" VPOS="1742" WIDTH="134" WC="0.92" CC="0000000" TAGREFS=""/>
            <SP HPOS="450" ID="SP_437.12.5.6" VPOS="1742" WIDTH="12"/>
            <String CONTENT="Several" HEIGHT="35" HPOS="462" ID="ST_437.12.5.7" STYLEREFS="Style_5" VPOS="1742" WIDTH="141" WC="0.99" CC="0000000" TAGREFS=""/>
            <SP HPOS="603" ID="SP_437.12.5.8" VPOS="1742" WIDTH="12"/>
            <String CONTENT="of" HEIGHT="35" HPOS="615" ID="ST_437.12.5.9" STYLEREFS="Style_5" VPOS="1742" WIDTH="40" WC="1.00" CC="00" TAGREFS=""/>
            <SP HPOS="655" ID="SP_437.12.5.10" VPOS="1742" WIDTH="7"/>
            <String CONTENT="his" HEIGHT="35" HPOS="662" ID="ST_437.12.5.11" STYLEREFS="Style_5" VPOS="1742" WIDTH="52" WC="0.91" CC="000" TAGREFS=""/>
            <SP HPOS="714" ID="SP_437.12.5.12" VPOS="1742" WIDTH="12"/>
            <String CONTENT="allegations" HEIGHT="44" HPOS="726" ID="ST_437.12.5.13" STYLEREFS="Style_5" VPOS="1742" WIDTH="204" WC="0.92" CC="00000000000" TAGREFS=""/>
            <SP HPOS="930" ID="SP_437.12.5.14" VPOS="1742" WIDTH="11"/>
            <String CONTENT="of" HEIGHT="35" HPOS="941" ID="ST_437.12.5.15" STYLEREFS="Style_5" VPOS="1742" WIDTH="39" WC="1.00" CC="00" TAGREFS=""/>
            <SP HPOS="980" ID="SP_437.12.5.16" VPOS="1753" WIDTH="9"/>
            <String CONTENT="error" HEIGHT="25" HPOS="989" ID="ST_437.12.5.17" STYLEREFS="Style_5" VPOS="1753" WIDTH="94" WC="0.96" CC="00000" TAGREFS=""/>
            <SP HPOS="1083" ID="SP_437.12.5.18" VPOS="1754" WIDTH="11"/>
            <String CONTENT="are" HEIGHT="24" HPOS="1094" ID="ST_437.12.5.19" STYLEREFS="Style_5" VPOS="1754" WIDTH="59" WC="0.89" CC="000" TAGREFS=""/>
            <SP HPOS="1153" ID="SP_437.12.5.20" VPOS="1743" WIDTH="11"/>
            <String CONTENT="supported" HEIGHT="44" HPOS="1164" ID="ST_437.12.5.21" STYLEREFS="Style_5" VPOS="1743" WIDTH="187" WC="0.83" CC="000000000" TAGREFS=""/>
          </TextLine>
          <TextLine HEIGHT="46" HPOS="136" ID="TL_437.12.6" VPOS="1791" WIDTH="1215">
            <String CONTENT="neither" HEIGHT="35" HPOS="136" ID="ST_437.12.6.1" STYLEREFS="Style_5" VPOS="1791" WIDTH="135" WC="0.81" CC="0000000" TAGREFS=""/>
            <SP HPOS="271" ID="SP_437.12.6.2" VPOS="1792" WIDTH="15"/>
            <String CONTENT="by" HEIGHT="42" HPOS="286" ID="ST_437.12.6.3" STYLEREFS="Style_5" VPOS="1792" WIDTH="45" WC="0.81" CC="00" TAGREFS=""/>
            <SP HPOS="331" ID="SP_437.12.6.4" VPOS="1792" WIDTH="15"/>
            <String CONTENT="citation" HEIGHT="34" HPOS="346" ID="ST_437.12.6.5" STYLEREFS="Style_5" VPOS="1792" WIDTH="143" WC="0.98" CC="00000000" TAGREFS=""/>
            <SP HPOS="489" ID="SP_437.12.6.6" VPOS="1792" WIDTH="15"/>
            <String CONTENT="of" HEIGHT="34" HPOS="504" ID="ST_437.12.6.7" STYLEREFS="Style_5" VPOS="1792" WIDTH="40" WC="0.83" CC="00" TAGREFS=""/>
            <SP HPOS="544" ID="SP_437.12.6.8" VPOS="1793" WIDTH="12"/>
            <String CONTENT="authority" HEIGHT="44" HPOS="556" ID="ST_437.12.6.9" STYLEREFS="Style_5" VPOS="1793" WIDTH="177" WC="0.91" CC="000000000" TAGREFS=""/>
            <SP HPOS="733" ID="SP_437.12.6.10" VPOS="1803" WIDTH="15"/>
            <String CONTENT="nor" HEIGHT="24" HPOS="748" ID="ST_437.12.6.11" STYLEREFS="Style_5" VPOS="1803" WIDTH="62" WC="0.88" CC="000" TAGREFS=""/>
            <SP HPOS="810" ID="SP_437.12.6.12" VPOS="1793" WIDTH="15"/>
            <String CONTENT="by" HEIGHT="43" HPOS="825" ID="ST_437.12.6.13" STYLEREFS="Style_5" VPOS="1793" WIDTH="45" WC="0.78" CC="00" TAGREFS=""/>
            <SP HPOS="870" ID="SP_437.12.6.14" VPOS="1793" WIDTH="15"/>
            <String CONTENT="convincing" HEIGHT="43" HPOS="885" ID="ST_437.12.6.15" STYLEREFS="Style_5" VPOS="1793" WIDTH="203" WC="0.94" CC="0000000000" TAGREFS=""/>
            <SP HPOS="1088" ID="SP_437.12.6.16" VPOS="1798" WIDTH="16"/>
            <String CONTENT="argument," HEIGHT="38" HPOS="1104" ID="ST_437.12.6.17" STYLEREFS="Style_5" VPOS="1798" WIDTH="193" WC="0.95" CC="000000000" TAGREFS=""/>
            <SP HPOS="1297" ID="SP_437.12.6.18" VPOS="1805" WIDTH="17"/>
            <String CONTENT="so" HEIGHT="23" HPOS="1314" ID="ST_437.12.6.19" STYLEREFS="Style_5" VPOS="1805" WIDTH="37" WC="1.00" CC="00" TAGREFS=""/>
          </TextLine>
          <TextLine HEIGHT="42" HPOS="136" ID="TL_437.12.7" VPOS="1841" WIDTH="1212">
            <String CONTENT="we" HEIGHT="24" HPOS="136" ID="ST_437.12.7.1" STYLEREFS="Style_5" VPOS="1851" WIDTH="51" WC="1.00" CC="00" TAGREFS=""/>
            <SP HPOS="187" ID="SP_437.12.7.2" VPOS="1841" WIDTH="15"/>
            <String CONTENT="decline" HEIGHT="35" HPOS="202" ID="ST_437.12.7.3" STYLEREFS="Style_5" VPOS="1841" WIDTH="134" WC="0.90" CC="0000000" TAGREFS=""/>
            <SP HPOS="336" ID="SP_437.12.7.4" VPOS="1846" WIDTH="14"/>
            <String CONTENT="to" HEIGHT="29" HPOS="350" ID="ST_437.12.7.5" STYLEREFS="Style_5" VPOS="1846" WIDTH="35" WC="1.00" CC="00" TAGREFS=""/>
            <SP HPOS="385" ID="SP_437.12.7.6" VPOS="1841" WIDTH="15"/>
            <String CONTENT="consider" HEIGHT="35" HPOS="400" ID="ST_437.12.7.7" STYLEREFS="Style_5" VPOS="1841" WIDTH="157" WC="0.91" CC="00000000" TAGREFS=""/>
            <SP HPOS="557" ID="SP_437.12.7.8" VPOS="1842" WIDTH="15"/>
            <String CONTENT="them." HEIGHT="35" HPOS="572" ID="ST_437.12.7.9" STYLEREFS="Style_5" VPOS="1842" WIDTH="107" WC="0.99" CC="00000" TAGREFS=""/>
            <SP HPOS="679" ID="SP_437.12.7.10" VPOS="1844" WIDTH="15"/>
            <String CONTENT="Dixon" HEIGHT="32" HPOS="694" ID="ST_437.12.7.11" STYLEREFS="Style_6" VPOS="1844" WIDTH="119" WC="0.90" CC="00000" TAGREFS=""/>
            <SP HPOS="813" ID="SP_437.12.7.12" VPOS="1854" WIDTH="13"/>
            <String CONTENT="v." HEIGHT="23" HPOS="826" ID="ST_437.12.7.13" STYLEREFS="Style_5" VPOS="1854" WIDTH="30" WC="1.00" CC="00" TAGREFS=""/>
            <SP HPOS="856" ID="SP_437.12.7.14" VPOS="1843" WIDTH="15"/>
            <String CONTENT="State," HEIGHT="40" HPOS="871" ID="ST_437.12.7.15" STYLEREFS="Style_6" VPOS="1843" WIDTH="114" WC="0.96" CC="000000" TAGREFS=""/>
            <SP HPOS="985" ID="SP_437.12.7.16" VPOS="1843" WIDTH="17"/>
            <String CONTENT="260" HEIGHT="34" HPOS="1002" ID="ST_437.12.7.17" STYLEREFS="Style_5" VPOS="1843" WIDTH="68" WC="1.00" CC="000" TAGREFS=""/>
            <SP HPOS="1070" ID="SP_437.12.7.18" VPOS="1843" WIDTH="14"/>
            <String CONTENT="Ark." HEIGHT="34" HPOS="1084" ID="ST_437.12.7.19" STYLEREFS="Style_5" VPOS="1843" WIDTH="85" WC="1.00" CC="0000" TAGREFS=""/>
            <SP HPOS="1169" ID="SP_437.12.7.20" VPOS="1843" WIDTH="18"/>
            <String CONTENT="857," HEIGHT="40" HPOS="1187" ID="ST_437.12.7.21" STYLEREFS="Style_5" VPOS="1843" WIDTH="79" WC="0.83" CC="0000" TAGREFS=""/>
            <SP HPOS="1266" ID="SP_437.12.7.22" VPOS="1844" WIDTH="17"/>
            <String CONTENT="545" HEIGHT="34" HPOS="1283" ID="ST_437.12.7.23" STYLEREFS="Style_5" VPOS="1844" WIDTH="65" WC="0.95" CC="000" TAGREFS=""/>
          </TextLine>
          <TextLine HEIGHT="43" HPOS="135" ID="TL_437.12.8" VPOS="1890" WIDTH="1215">
            <String CONTENT="S.W.2d" HEIGHT="34" HPOS="135" ID="ST_437.12.8.1" STYLEREFS="Style_5" VPOS="1890" WIDTH="145" WC="0.99" CC="000000" TAGREFS=""/>
            <SP HPOS="280" ID="SP_437.12.8.2" VPOS="1891" WIDTH="13"/>
            <String CONTENT="606" HEIGHT="33" HPOS="293" ID="ST_437.12.8.3" STYLEREFS="Style_5" VPOS="1891" WIDTH="68" WC="1.00" CC="000" TAGREFS=""/>
            <SP HPOS="361" ID="SP_437.12.8.4" VPOS="1891" WIDTH="15"/>
            <String CONTENT="(1977)." HEIGHT="42" HPOS="376" ID="ST_437.12.8.5" STYLEREFS="Style_5" VPOS="1891" WIDTH="137" WC="1.00" CC="0000000" TAGREFS=""/>
            <SP HPOS="513" ID="SP_437.12.8.6" VPOS="1892" WIDTH="14"/>
            <String CONTENT="We" HEIGHT="33" HPOS="527" ID="ST_437.12.8.7" STYLEREFS="Style_5" VPOS="1892" WIDTH="66" WC="1.00" CC="00" TAGREFS=""/>
            <SP HPOS="593" ID="SP_437.12.8.8" VPOS="1892" WIDTH="12"/>
            <String CONTENT="find" HEIGHT="33" HPOS="605" ID="ST_437.12.8.9" STYLEREFS="Style_5" VPOS="1892" WIDTH="71" WC="0.91" CC="0000" TAGREFS=""/>
            <SP HPOS="676" ID="SP_437.12.8.10" VPOS="1902" WIDTH="14"/>
            <String CONTENT="no" HEIGHT="24" HPOS="690" ID="ST_437.12.8.11" STYLEREFS="Style_5" VPOS="1902" WIDTH="44" WC="0.98" CC="00" TAGREFS=""/>
            <SP HPOS="734" ID="SP_437.12.8.12" VPOS="1892" WIDTH="12"/>
            <String CONTENT="merit" HEIGHT="34" HPOS="746" ID="ST_437.12.8.13" STYLEREFS="Style_5" VPOS="1892" WIDTH="102" WC="0.97" CC="00000" TAGREFS=""/>
            <SP HPOS="848" ID="SP_437.12.8.14" VPOS="1892" WIDTH="11"/>
            <String CONTENT="in" HEIGHT="34" HPOS="859" ID="ST_437.12.8.15" STYLEREFS="Style_5" VPOS="1892" WIDTH="35" WC="0.61" CC="00" TAGREFS=""/>
            <SP HPOS="894" ID="SP_437.12.8.16" VPOS="1893" WIDTH="13"/>
            <String CONTENT="the" HEIGHT="33" HPOS="907" ID="ST_437.12.8.17" STYLEREFS="Style_5" VPOS="1893" WIDTH="60" WC="0.99" CC="000" TAGREFS=""/>
            <SP HPOS="967" ID="SP_437.12.8.18" VPOS="1892" WIDTH="11"/>
            <String CONTENT="others," HEIGHT="41" HPOS="978" ID="ST_437.12.8.19" STYLEREFS="Style_5" VPOS="1892" WIDTH="127" WC="0.95" CC="0000000" TAGREFS=""/>
            <SP HPOS="1105" ID="SP_437.12.8.20" VPOS="1892" WIDTH="13"/>
            <String CONTENT="and" HEIGHT="35" HPOS="1118" ID="ST_437.12.8.21" STYLEREFS="Style_5" VPOS="1892" WIDTH="69" WC="0.79" CC="000" TAGREFS=""/>
            <SP HPOS="1187" ID="SP_437.12.8.22" VPOS="1892" WIDTH="12"/>
            <String CONTENT="thus" HEIGHT="34" HPOS="1199" ID="ST_437.12.8.23" STYLEREFS="Style_5" VPOS="1892" WIDTH="80" WC="0.86" CC="0000" TAGREFS=""/>
            <SP HPOS="1279" ID="SP_437.12.8.24" VPOS="1893" WIDTH="12"/>
            <String CONTENT="the" HEIGHT="34" HPOS="1291" ID="ST_437.12.8.25" STYLEREFS="Style_5" VPOS="1893" WIDTH="59" WC="1.00" CC="000" TAGREFS=""/>
          </TextLine>
          <TextLine HEIGHT="34" HPOS="135" ID="TL_437.12.9" VPOS="1940" WIDTH="430">
            <String CONTENT="conviction" HEIGHT="34" HPOS="135" ID="ST_437.12.9.1" STYLEREFS="Style_5" VPOS="1940" WIDTH="194" WC="0.83" CC="0000000000" TAGREFS=""/>
            <SP HPOS="329" ID="SP_437.12.9.2" VPOS="1940" WIDTH="20"/>
            <String CONTENT="is" HEIGHT="33" HPOS="349" ID="ST_437.12.9.3" STYLEREFS="Style_5" VPOS="1940" WIDTH="28" WC="1.00" CC="00" TAGREFS=""/>
            <SP HPOS="377" ID="SP_437.12.9.4" VPOS="1940" WIDTH="20"/>
            <String CONTENT="affirmed." HEIGHT="34" HPOS="397" ID="ST_437.12.9.5" STYLEREFS="Style_5" VPOS="1940" WIDTH="168" WC="1.00" CC="000000000" TAGREFS=""/>
          </TextLine>
        </TextBlock>
        <TextBlock HEIGHT="35.0" HPOS="543.0" ID="BL_437.13" TAGREFS="b437-12" VPOS="2025.0" WIDTH="403.0">
          <TextLine HEIGHT="35" HPOS="543" ID="TL_437.13.1" VPOS="2025" WIDTH="403">
            <String CONTENT="1." HEIGHT="33" HPOS="543" ID="ST_437.13.1.1" STYLEREFS="Style_6" VPOS="2025" WIDTH="30" WC="0.92" CC="99" TAGREFS=""/>
            <SP HPOS="573" ID="SP_437.13.1.2" VPOS="2026" WIDTH="22"/>
            <String CONTENT="Motion" HEIGHT="33" HPOS="595" ID="ST_437.13.1.3" STYLEREFS="Style_6" VPOS="2026" WIDTH="143" WC="0.96" CC="000000" TAGREFS=""/>
            <SP HPOS="738" ID="SP_437.13.1.4" VPOS="2027" WIDTH="20"/>
            <String CONTENT="in" HEIGHT="32" HPOS="758" ID="ST_437.13.1.5" STYLEREFS="Style_6" VPOS="2027" WIDTH="34" WC="1.00" CC="00" TAGREFS=""/>
            <SP HPOS="792" ID="SP_437.13.1.6" VPOS="2026" WIDTH="19"/>
            <String CONTENT="Limine" HEIGHT="34" HPOS="811" ID="ST_437.13.1.7" STYLEREFS="Style_6" VPOS="2026" WIDTH="135" WC="1.00" CC="000000" TAGREFS=""/>
          </TextLine>
        </TextBlock>
        <TextBlock HEIGHT="345.0" HPOS="135.0" ID="BL_437.14" TAGREFS="b437-13" VPOS="2101.0" WIDTH="1217.0">
          <TextLine HEIGHT="46" HPOS="228" ID="TL_437.14.1" VPOS="2101" WIDTH="1123">
            <String CONTENT="At" HEIGHT="34" HPOS="321" ID="ST_437.14.1.3" STYLEREFS="Style_5" VPOS="2102" WIDTH="49" WC="0.91" CC="00" TAGREFS=""/>
            <SP HPOS="370" ID="SP_437.14.1.4" VPOS="2102" WIDTH="13"/>
            <String CONTENT="the" HEIGHT="35" HPOS="383" ID="ST_437.14.1.5" STYLEREFS="Style_5" VPOS="2102" WIDTH="60" WC="0.83" CC="000" TAGREFS=""/>
            <SP HPOS="443" ID="SP_437.14.1.6" VPOS="2107" WIDTH="14"/>
            <String CONTENT="outset" HEIGHT="30" HPOS="457" ID="ST_437.14.1.7" STYLEREFS="Style_5" VPOS="2107" WIDTH="114" WC="0.97" CC="000000" TAGREFS=""/>
            <SP HPOS="571" ID="SP_437.14.1.8" VPOS="2102" WIDTH="14"/>
            <String CONTENT="of" HEIGHT="35" HPOS="585" ID="ST_437.14.1.9" STYLEREFS="Style_5" VPOS="2102" WIDTH="40" WC="1.00" CC="00" TAGREFS=""/>
            <SP HPOS="625" ID="SP_437.14.1.10" VPOS="2103" WIDTH="10"/>
            <String CONTENT="the" HEIGHT="34" HPOS="635" ID="ST_437.14.1.11" STYLEREFS="Style_5" VPOS="2103" WIDTH="61" WC="0.99" CC="000" TAGREFS=""/>
            <SP HPOS="696" ID="SP_437.14.1.12" VPOS="2102" WIDTH="13"/>
            <String CONTENT="trial," HEIGHT="42" HPOS="709" ID="ST_437.14.1.13" STYLEREFS="Style_5" VPOS="2102" WIDTH="91" WC="0.93" CC="000000" TAGREFS=""/>
            <SP HPOS="800" ID="SP_437.14.1.14" VPOS="2103" WIDTH="15"/>
            <String CONTENT="the" HEIGHT="35" HPOS="815" ID="ST_437.14.1.15" STYLEREFS="Style_5" VPOS="2103" WIDTH="60" WC="0.90" CC="000" TAGREFS=""/>
            <SP HPOS="875" ID="SP_437.14.1.16" VPOS="2103" WIDTH="14"/>
            <String CONTENT="appellant" HEIGHT="44" HPOS="889" ID="ST_437.14.1.17" STYLEREFS="Style_5" VPOS="2103" WIDTH="177" WC="0.95" CC="000000000" TAGREFS=""/>
            <SP HPOS="1066" ID="SP_437.14.1.18" VPOS="2102" WIDTH="14"/>
            <String CONTENT="asked" HEIGHT="36" HPOS="1080" ID="ST_437.14.1.19" STYLEREFS="Style_5" VPOS="2102" WIDTH="106" WC="0.89" CC="00000" TAGREFS=""/>
            <SP HPOS="1186" ID="SP_437.14.1.20" VPOS="2103" WIDTH="15"/>
            <String CONTENT="that" HEIGHT="35" HPOS="1201" ID="ST_437.14.1.21" STYLEREFS="Style_5" VPOS="2103" WIDTH="76" WC="0.88" CC="0000" TAGREFS=""/>
            <SP HPOS="1277" ID="SP_437.14.1.22" VPOS="2104" WIDTH="15"/>
            <String CONTENT="the" HEIGHT="34" HPOS="1292" ID="ST_437.14.1.23" STYLEREFS="Style_5" VPOS="2104" WIDTH="59" WC="1.00" CC="000" TAGREFS=""/>
          </TextLine>
          <TextLine HEIGHT="45" HPOS="135" ID="TL_437.14.2" VPOS="2152" WIDTH="1215">
            <String CONTENT="prosecutor" HEIGHT="38" HPOS="135" ID="ST_437.14.2.1" STYLEREFS="Style_5" VPOS="2157" WIDTH="201" WC="0.96" CC="0000000000" TAGREFS=""/>
            <SP HPOS="336" ID="SP_437.14.2.2" VPOS="2152" WIDTH="17"/>
            <String CONTENT="be" HEIGHT="34" HPOS="353" ID="ST_437.14.2.3" STYLEREFS="Style_5" VPOS="2152" WIDTH="43" WC="1.00" CC="00" TAGREFS=""/>
            <SP HPOS="396" ID="SP_437.14.2.4" VPOS="2152" WIDTH="16"/>
            <String CONTENT="prohibited" HEIGHT="44" HPOS="412" ID="ST_437.14.2.5" STYLEREFS="Style_5" VPOS="2152" WIDTH="196" WC="0.92" CC="0000000000" TAGREFS=""/>
            <SP HPOS="608" ID="SP_437.14.2.6" VPOS="2152" WIDTH="17"/>
            <String CONTENT="from" HEIGHT="35" HPOS="625" ID="ST_437.14.2.7" STYLEREFS="Style_5" VPOS="2152" WIDTH="91" WC="0.91" CC="0000" TAGREFS=""/>
            <SP HPOS="716" ID="SP_437.14.2.8" VPOS="2152" WIDTH="17"/>
            <String CONTENT="discussing," HEIGHT="44" HPOS="733" ID="ST_437.14.2.9" STYLEREFS="Style_5" VPOS="2152" WIDTH="203" WC="0.86" CC="00000000000" TAGREFS=""/>
            <SP HPOS="936" ID="SP_437.14.2.10" VPOS="2153" WIDTH="18"/>
            <String CONTENT="either" HEIGHT="34" HPOS="954" ID="ST_437.14.2.11" STYLEREFS="Style_5" VPOS="2153" WIDTH="110" WC="0.98" CC="000000" TAGREFS=""/>
            <SP HPOS="1064" ID="SP_437.14.2.12" VPOS="2153" WIDTH="17"/>
            <String CONTENT="in" HEIGHT="35" HPOS="1081" ID="ST_437.14.2.13" STYLEREFS="Style_5" VPOS="2153" WIDTH="35" WC="1.00" CC="00" TAGREFS=""/>
            <SP HPOS="1116" ID="SP_437.14.2.14" VPOS="2153" WIDTH="17"/>
            <String CONTENT="his" HEIGHT="35" HPOS="1133" ID="ST_437.14.2.15" STYLEREFS="Style_5" VPOS="2153" WIDTH="52" WC="0.97" CC="000" TAGREFS=""/>
            <SP HPOS="1185" ID="SP_437.14.2.16" VPOS="2154" WIDTH="17"/>
            <String CONTENT="opening" HEIGHT="43" HPOS="1202" ID="ST_437.14.2.17" STYLEREFS="Style_5" VPOS="2154" WIDTH="148" WC="0.93" CC="0000000" TAGREFS=""/>
          </TextLine>
          <TextLine HEIGHT="45" HPOS="136" ID="TL_437.14.3" VPOS="2201" WIDTH="1216">
            <String CONTENT="statement" HEIGHT="29" HPOS="136" ID="ST_437.14.3.1" STYLEREFS="Style_5" VPOS="2206" WIDTH="189" WC="0.99" CC="000000000" TAGREFS=""/>
            <SP HPOS="325" ID="SP_437.14.3.2" VPOS="2212" WIDTH="17"/>
            <String CONTENT="or" HEIGHT="23" HPOS="342" ID="ST_437.14.3.3" STYLEREFS="Style_5" VPOS="2212" WIDTH="37" WC="1.00" CC="00" TAGREFS=""/>
            <SP HPOS="379" ID="SP_437.14.3.4" VPOS="2201" WIDTH="17"/>
            <String CONTENT="in" HEIGHT="34" HPOS="396" ID="ST_437.14.3.5" STYLEREFS="Style_5" VPOS="2201" WIDTH="35" WC="1.00" CC="00" TAGREFS=""/>
            <SP HPOS="431" ID="SP_437.14.3.6" VPOS="2202" WIDTH="17"/>
            <String CONTENT="questioning" HEIGHT="43" HPOS="448" ID="ST_437.14.3.7" STYLEREFS="Style_5" VPOS="2202" WIDTH="219" WC="0.89" CC="00000000000" TAGREFS=""/>
            <SP HPOS="667" ID="SP_437.14.3.8" VPOS="2203" WIDTH="17"/>
            <String CONTENT="witnesses," HEIGHT="40" HPOS="684" ID="ST_437.14.3.9" STYLEREFS="Style_5" VPOS="2203" WIDTH="186" WC="0.89" CC="0000000000" TAGREFS=""/>
            <SP HPOS="870" ID="SP_437.14.3.10" VPOS="2207" WIDTH="19"/>
            <String CONTENT="statements" HEIGHT="30" HPOS="889" ID="ST_437.14.3.11" STYLEREFS="Style_5" VPOS="2207" WIDTH="204" WC="1.00" CC="0000000000" TAGREFS=""/>
            <SP HPOS="1093" ID="SP_437.14.3.12" VPOS="2202" WIDTH="18"/>
            <String CONTENT="made" HEIGHT="35" HPOS="1111" ID="ST_437.14.3.13" STYLEREFS="Style_5" VPOS="2202" WIDTH="103" WC="0.82" CC="0000" TAGREFS=""/>
            <SP HPOS="1214" ID="SP_437.14.3.14" VPOS="2203" WIDTH="17"/>
            <String CONTENT="by" HEIGHT="43" HPOS="1231" ID="ST_437.14.3.15" STYLEREFS="Style_5" VPOS="2203" WIDTH="45" WC="0.91" CC="00" TAGREFS=""/>
            <SP HPOS="1276" ID="SP_437.14.3.16" VPOS="2203" WIDTH="17"/>
            <String CONTENT="the" HEIGHT="34" HPOS="1293" ID="ST_437.14.3.17" STYLEREFS="Style_5" VPOS="2203" WIDTH="59" WC="0.90" CC="000" TAGREFS=""/>
          </TextLine>
          <TextLine HEIGHT="45" HPOS="136" ID="TL_437.14.4" VPOS="2250" WIDTH="1216">
            <String CONTENT="children" HEIGHT="34" HPOS="136" ID="ST_437.14.4.1" STYLEREFS="Style_5" VPOS="2250" WIDTH="156" WC="0.89" CC="00000000" TAGREFS=""/>
            <SP HPOS="292" ID="SP_437.14.4.2" VPOS="2255" WIDTH="10"/>
            <String CONTENT="to" HEIGHT="29" HPOS="302" ID="ST_437.14.4.3" STYLEREFS="Style_5" VPOS="2255" WIDTH="36" WC="1.00" CC="00" TAGREFS=""/>
            <SP HPOS="338" ID="SP_437.14.4.4" VPOS="2251" WIDTH="10"/>
            <String CONTENT="others" HEIGHT="34" HPOS="348" ID="ST_437.14.4.5" STYLEREFS="Style_5" VPOS="2251" WIDTH="114" WC="0.91" CC="000000" TAGREFS=""/>
            <SP HPOS="462" ID="SP_437.14.4.6" VPOS="2256" WIDTH="11"/>
            <String CONTENT="out" HEIGHT="30" HPOS="473" ID="ST_437.14.4.7" STYLEREFS="Style_5" VPOS="2256" WIDTH="60" WC="1.00" CC="000" TAGREFS=""/>
            <SP HPOS="533" ID="SP_437.14.4.8" VPOS="2251" WIDTH="10"/>
            <String CONTENT="of" HEIGHT="34" HPOS="543" ID="ST_437.14.4.9" STYLEREFS="Style_5" VPOS="2251" WIDTH="39" WC="1.00" CC="00" TAGREFS=""/>
            <SP HPOS="582" ID="SP_437.14.4.10" VPOS="2251" WIDTH="7"/>
            <String CONTENT="the" HEIGHT="34" HPOS="589" ID="ST_437.14.4.11" STYLEREFS="Style_5" VPOS="2251" WIDTH="60" WC="0.86" CC="000" TAGREFS=""/>
            <SP HPOS="649" ID="SP_437.14.4.12" VPOS="2251" WIDTH="9"/>
            <String CONTENT="appellant’s" HEIGHT="44" HPOS="658" ID="ST_437.14.4.13" STYLEREFS="Style_5" VPOS="2251" WIDTH="205" WC="0.97" CC="00000000000" TAGREFS=""/>
            <SP HPOS="863" ID="SP_437.14.4.14" VPOS="2262" WIDTH="10"/>
            <String CONTENT="presence." HEIGHT="33" HPOS="873" ID="ST_437.14.4.15" STYLEREFS="Style_5" VPOS="2262" WIDTH="174" WC="0.85" CC="000000000" TAGREFS=""/>
            <SP HPOS="1047" ID="SP_437.14.4.16" VPOS="2252" WIDTH="12"/>
            <String CONTENT="While" HEIGHT="34" HPOS="1059" ID="ST_437.14.4.17" STYLEREFS="Style_5" VPOS="2252" WIDTH="116" WC="0.99" CC="00000" TAGREFS=""/>
            <SP HPOS="1175" ID="SP_437.14.4.18" VPOS="2252" WIDTH="9"/>
            <String CONTENT="the" HEIGHT="34" HPOS="1184" ID="ST_437.14.4.19" STYLEREFS="Style_5" VPOS="2252" WIDTH="60" WC="0.81" CC="000" TAGREFS=""/>
            <SP HPOS="1244" ID="SP_437.14.4.20" VPOS="2258" WIDTH="9"/>
            <String CONTENT="court" HEIGHT="29" HPOS="1253" ID="ST_437.14.4.21" STYLEREFS="Style_5" VPOS="2258" WIDTH="99" WC="1.00" CC="00000" TAGREFS=""/>
          </TextLine>
          <TextLine HEIGHT="46" HPOS="136" ID="TL_437.14.5" VPOS="2299" WIDTH="1216">
            <String CONTENT="did" HEIGHT="34" HPOS="136" ID="ST_437.14.5.1" STYLEREFS="Style_5" VPOS="2299" WIDTH="60" WC="0.85" CC="000" TAGREFS=""/>
            <SP HPOS="196" ID="SP_437.14.5.2" VPOS="2305" WIDTH="13"/>
            <String CONTENT="not" HEIGHT="29" HPOS="209" ID="ST_437.14.5.3" STYLEREFS="Style_5" VPOS="2305" WIDTH="60" WC="1.00" CC="000" TAGREFS=""/>
            <SP HPOS="269" ID="SP_437.14.5.4" VPOS="2305" WIDTH="13"/>
            <String CONTENT="grant" HEIGHT="38" HPOS="282" ID="ST_437.14.5.5" STYLEREFS="Style_5" VPOS="2305" WIDTH="101" WC="0.95" CC="00000" TAGREFS=""/>
            <SP HPOS="383" ID="SP_437.14.5.6" VPOS="2301" WIDTH="12"/>
            <String CONTENT="the" HEIGHT="34" HPOS="395" ID="ST_437.14.5.7" STYLEREFS="Style_5" VPOS="2301" WIDTH="60" WC="0.97" CC="000" TAGREFS=""/>
            <SP HPOS="455" ID="SP_437.14.5.8" VPOS="2300" WIDTH="12"/>
            <String CONTENT="motion," HEIGHT="41" HPOS="467" ID="ST_437.14.5.9" STYLEREFS="Style_5" VPOS="2300" WIDTH="142" WC="0.98" CC="0000000" TAGREFS=""/>
            <SP HPOS="609" ID="SP_437.14.5.10" VPOS="2301" WIDTH="15"/>
            <String CONTENT="he" HEIGHT="35" HPOS="624" ID="ST_437.14.5.11" STYLEREFS="Style_5" VPOS="2301" WIDTH="44" WC="1.00" CC="00" TAGREFS=""/>
            <SP HPOS="668" ID="SP_437.14.5.12" VPOS="2302" WIDTH="12"/>
            <String CONTENT="also" HEIGHT="34" HPOS="680" ID="ST_437.14.5.13" STYLEREFS="Style_5" VPOS="2302" WIDTH="73" WC="1.00" CC="0000" TAGREFS=""/>
            <SP HPOS="753" ID="SP_437.14.5.14" VPOS="2301" WIDTH="12"/>
            <String CONTENT="did" HEIGHT="34" HPOS="765" ID="ST_437.14.5.15" STYLEREFS="Style_5" VPOS="2301" WIDTH="60" WC="0.87" CC="000" TAGREFS=""/>
            <SP HPOS="825" ID="SP_437.14.5.16" VPOS="2307" WIDTH="12"/>
            <String CONTENT="not" HEIGHT="29" HPOS="837" ID="ST_437.14.5.17" STYLEREFS="Style_5" VPOS="2307" WIDTH="60" WC="0.82" CC="000" TAGREFS=""/>
            <SP HPOS="897" ID="SP_437.14.5.18" VPOS="2301" WIDTH="13"/>
            <String CONTENT="deny" HEIGHT="44" HPOS="910" ID="ST_437.14.5.19" STYLEREFS="Style_5" VPOS="2301" WIDTH="90" WC="0.85" CC="0000" TAGREFS=""/>
            <SP HPOS="1000" ID="SP_437.14.5.20" VPOS="2301" WIDTH="13"/>
            <String CONTENT="it." HEIGHT="35" HPOS="1013" ID="ST_437.14.5.21" STYLEREFS="Style_5" VPOS="2301" WIDTH="36" WC="1.00" CC="000" TAGREFS=""/>
            <SP HPOS="1049" ID="SP_437.14.5.22" VPOS="2301" WIDTH="14"/>
            <String CONTENT="Thereafter," HEIGHT="41" HPOS="1063" ID="ST_437.14.5.23" STYLEREFS="Style_5" VPOS="2301" WIDTH="216" WC="0.89" CC="00000000000" TAGREFS=""/>
            <SP HPOS="1279" ID="SP_437.14.5.24" VPOS="2302" WIDTH="14"/>
            <String CONTENT="the" HEIGHT="34" HPOS="1293" ID="ST_437.14.5.25" STYLEREFS="Style_5" VPOS="2302" WIDTH="59" WC="0.90" CC="000" TAGREFS=""/>
          </TextLine>
          <TextLine HEIGHT="45" HPOS="136" ID="TL_437.14.6" VPOS="2350" WIDTH="1214">
            <String CONTENT="appellant," HEIGHT="43" HPOS="136" ID="ST_437.14.6.1" STYLEREFS="Style_5" VPOS="2350" WIDTH="188" WC="0.93" CC="0000000000" TAGREFS=""/>
            <SP HPOS="324" ID="SP_437.14.6.2" VPOS="2350" WIDTH="14"/>
            <String CONTENT="in" HEIGHT="34" HPOS="338" ID="ST_437.14.6.3" STYLEREFS="Style_5" VPOS="2350" WIDTH="35" WC="0.88" CC="00" TAGREFS=""/>
            <SP HPOS="373" ID="SP_437.14.6.4" VPOS="2361" WIDTH="13"/>
            <String CONTENT="a" HEIGHT="24" HPOS="386" ID="ST_437.14.6.5" STYLEREFS="Style_5" VPOS="2361" WIDTH="21" WC="0.69" CC="0" TAGREFS=""/>
            <SP HPOS="407" ID="SP_437.14.6.6" VPOS="2350" WIDTH="13"/>
            <String CONTENT="sidebar" HEIGHT="36" HPOS="420" ID="ST_437.14.6.7" STYLEREFS="Style_5" VPOS="2350" WIDTH="137" WC="1.00" CC="0000000" TAGREFS=""/>
            <SP HPOS="557" ID="SP_437.14.6.8" VPOS="2351" WIDTH="13"/>
            <String CONTENT="conference," HEIGHT="41" HPOS="570" ID="ST_437.14.6.9" STYLEREFS="Style_5" VPOS="2351" WIDTH="215" WC="0.91" CC="00000000000" TAGREFS=""/>
            <SP HPOS="785" ID="SP_437.14.6.10" VPOS="2351" WIDTH="14"/>
            <String CONTENT="complained" HEIGHT="44" HPOS="799" ID="ST_437.14.6.11" STYLEREFS="Style_5" VPOS="2351" WIDTH="219" WC="0.88" CC="0000000000" TAGREFS=""/>
            <SP HPOS="1018" ID="SP_437.14.6.12" VPOS="2351" WIDTH="13"/>
            <String CONTENT="that" HEIGHT="35" HPOS="1031" ID="ST_437.14.6.13" STYLEREFS="Style_5" VPOS="2351" WIDTH="77" WC="0.90" CC="0000" TAGREFS=""/>
            <SP HPOS="1108" ID="SP_437.14.6.14" VPOS="2352" WIDTH="12"/>
            <String CONTENT="the" HEIGHT="34" HPOS="1120" ID="ST_437.14.6.15" STYLEREFS="Style_5" VPOS="2352" WIDTH="60" WC="0.95" CC="000" TAGREFS=""/>
            <SP HPOS="1180" ID="SP_437.14.6.16" VPOS="2362" WIDTH="12"/>
            <String CONTENT="prosecu­" HEIGHT="33" HPOS="1192" ID="ST_437.14.6.17" STYLEREFS="Style_5" VPOS="2362" WIDTH="158" WC="1.0" CC="00000000" TAGREFS=""/>
          </TextLine>
          <TextLine HEIGHT="46" HPOS="135" ID="TL_437.14.7" VPOS="2400" WIDTH="1216">
            <String CONTENT="tor" HEIGHT="29" HPOS="135" ID="ST_437.14.7.1" STYLEREFS="Style_5" VPOS="2405" WIDTH="55" WC="0.67" CC="000" TAGREFS=""/>
            <SP HPOS="190" ID="SP_437.14.7.2" VPOS="2400" WIDTH="14"/>
            <String CONTENT="had" HEIGHT="35" HPOS="204" ID="ST_437.14.7.3" STYLEREFS="Style_5" VPOS="2400" WIDTH="71" WC="0.43" CC="000" TAGREFS=""/>
            <SP HPOS="275" ID="SP_437.14.7.4" VPOS="2400" WIDTH="13"/>
            <String CONTENT="mentioned," HEIGHT="42" HPOS="288" ID="ST_437.14.7.5" STYLEREFS="Style_5" VPOS="2400" WIDTH="210" WC="0.52" CC="0000000000" TAGREFS=""/>
            <SP HPOS="498" ID="SP_437.14.7.6" VPOS="2400" WIDTH="14"/>
            <String CONTENT="in" HEIGHT="35" HPOS="512" ID="ST_437.14.7.7" STYLEREFS="Style_5" VPOS="2400" WIDTH="36" WC="0.58" CC="00" TAGREFS=""/>
            <SP HPOS="548" ID="SP_437.14.7.8" VPOS="2401" WIDTH="13"/>
            <String CONTENT="his" HEIGHT="34" HPOS="561" ID="ST_437.14.7.9" STYLEREFS="Style_5" VPOS="2401" WIDTH="53" WC="0.59" CC="000" TAGREFS=""/>
            <SP HPOS="614" ID="SP_437.14.7.10" VPOS="2402" WIDTH="14"/>
            <String CONTENT="opening" HEIGHT="43" HPOS="628" ID="ST_437.14.7.11" STYLEREFS="Style_5" VPOS="2402" WIDTH="149" WC="0.75" CC="0000000" TAGREFS=""/>
            <SP HPOS="777" ID="SP_437.14.7.12" VPOS="2402" WIDTH="13"/>
            <String CONTENT="remarks," HEIGHT="40" HPOS="790" ID="ST_437.14.7.13" STYLEREFS="Style_5" VPOS="2402" WIDTH="167" WC="0.74" CC="00000000" TAGREFS=""/>
            <SP HPOS="957" ID="SP_437.14.7.14" VPOS="2406" WIDTH="15"/>
            <String CONTENT="statements" HEIGHT="30" HPOS="972" ID="ST_437.14.7.15" STYLEREFS="Style_5" VPOS="2406" WIDTH="204" WC="0.87" CC="0000000000" TAGREFS=""/>
            <SP HPOS="1176" ID="SP_437.14.7.16" VPOS="2401" WIDTH="14"/>
            <String CONTENT="made" HEIGHT="35" HPOS="1190" ID="ST_437.14.7.17" STYLEREFS="Style_5" VPOS="2401" WIDTH="104" WC="0.95" CC="0000" TAGREFS=""/>
            <SP HPOS="1294" ID="SP_437.14.7.18" VPOS="2402" WIDTH="12"/>
            <String CONTENT="by" HEIGHT="44" HPOS="1306" ID="ST_437.14.7.19" STYLEREFS="Style_5" VPOS="2402" WIDTH="45" WC="0.59" CC="00" TAGREFS=""/>
          </TextLine>
        </TextBlock>
      </PrintSpace>
    </Page>
  </Layout>
</alto>
