1640 2693
304 404 137 43 eligible
458 404 54 34 for
529 404 118 43 parole
664 405 87 33 until
769 405 81 42 they
867 404 87 34 have
971 405 119 34 served
1108 404 249 35 three-fourths
1374 405 39 34 of
1428 405 89 34 their

304 459 171 35 sentence,
492 453 82 34 with
591 453 109 35 credit
717 453 53 35 for
786 453 89 44 good
892 454 93 34 time.
1003 455 85 33 Ark.
1106 454 89 34 Stat.
1213 455 92 33 Ann.
1325 454 17 42 ยง
1361 455 154 34 43-2829

306 502 120 43 (B)(4)
451 503 116 43 (Repl.
592 502 117 43 1977).
730 503 140 34 Tisdale
889 514 69 23 was
979 504 153 34 released
1152 514 44 23 on
1217 504 117 43 parole
1354 504 90 34 from
1464 503 52 35 his

304 552 126 35 second
449 557 161 30 sentence
628 552 34 34 in
686 553 98 34 1978.
806 553 55 34 He
879 563 70 23 was
968 553 178 34 convicted
1165 552 34 34 in
1223 553 86 34 1983
1330 553 39 34 of
1385 564 20 23 a
1424 552 92 35 third

304 602 116 43 felony
435 601 68 36 and
519 601 155 35 received
690 613 20 23 a
730 603 139 43 10-year
885 607 171 36 sentence,
1072 602 113 35 which
1200 602 27 34 is
1243 607 35 29 to
1294 613 63 23 run
1373 613 142 24 concur-

304 652 111 44 rently
434 652 82 35 with
536 652 59 34 the
615 653 144 42 21-year
778 657 162 30 sentence
959 652 69 34 and
1048 652 67 35 will
1135 652 116 44 expire
1270 663 44 24 on
1335 653 127 34 March
1483 653 32 40 9,

308 703 98 33 1993.
420 702 75 34 The
508 702 230 43 Department
751 702 170 35 classified
934 702 140 35 Tisdale
1087 714 37 23 as
1138 714 20 23 a
1172 702 92 34 third
1278 703 155 34 offender
1447 702 68 35 and

303 752 97 34 ruled
417 752 76 34 that
511 751 43 34 he
570 752 68 34 will
657 757 59 29 not
733 752 42 34 be
793 751 137 43 eligible
947 752 53 34 for
1017 753 118 42 parole
1151 752 87 34 until
1256 752 44 34 he
1316 753 62 34 has
1396 752 118 35 served

303 801 248 34 three-fourths
565 801 39 33 of
614 801 59 34 the
691 803 140 41 10-year
844 807 172 35 sentence,
1030 802 83 34 with
1127 801 109 35 credit
1249 801 53 34 for
1316 802 89 42 good
1418 803 95 39 time,

303 850 111 34 which
432 850 67 34 will
517 850 43 33 be
576 850 87 34 later
680 851 84 34 than
781 851 52 34 his
850 851 118 42 parole
985 851 180 43 eligibility
1181 851 152 43 actually
1350 851 165 34 occurred

303 899 109 35 under
422 900 59 34 the
492 899 122 34 earlier
625 901 144 42 21-year
779 905 171 29 sentence.
964 901 39 33 In
1014 900 83 41 fact,
1109 901 26 34 it
1145 911 70 23 was
1225 900 102 35 while
1337 901 43 34 he
1390 912 69 23 was
1470 912 44 23 on

302 950 118 43 parole
439 949 90 35 from
548 949 76 35 that
644 955 161 30 sentence
824 950 76 34 that
919 950 44 34 he
981 950 203 35 committed
1204 950 52 35 his
1275 950 93 35 third
1387 950 126 45 felony.

305 264 68 33 204

393 1087 31 34 It
435 1086 27 34 is
474 1091 86 35 true,
573 1097 37 23 as
622 1086 59 35 the
693 1087 229 44 Department
933 1087 178 42 concedes,
1123 1088 76 34 that
1210 1087 30 34 if
1248 1087 139 35 Tisdale
1398 1088 69 35 had
1478 1093 36 30 to

301 1147 95 23 serve
414 1136 82 35 both
515 1136 51 34 his
584 1141 178 30 sentences
780 1137 34 34 in
832 1136 74 41 full,
924 1137 59 34 the
1001 1138 144 42 21-year
1162 1142 161 29 sentence
1340 1138 113 34 would
1471 1138 43 34 be

302 1186 204 42 controlling
520 1196 37 23 as
571 1186 52 34 his
636 1186 160 35 ultimate
809 1186 140 41 release,
964 1186 148 35 because
1125 1187 26 34 it
1164 1186 113 35 would
1290 1198 64 23 run
1368 1187 53 34 for
1434 1187 81 35 nine

302 1236 137 34 months
450 1235 90 35 after
549 1235 60 34 the
618 1236 191 43 expiration
819 1235 39 34 of
865 1236 58 34 the
937 1237 140 43 10-year
1087 1241 170 30 sentence.
1269 1236 57 35 On
1336 1237 76 34 that
1422 1237 91 35 basis

301 1285 139 34 Tisdale
454 1295 122 32 argues
591 1285 76 34 that
681 1286 59 34 the
754 1287 144 42 21-year
912 1291 161 29 sentence
1086 1286 122 35 should
1223 1286 72 34 also
1309 1286 43 35 be
1365 1286 147 35 control-

301 1334 70 43 ling
392 1346 37 23 as
450 1340 35 29 to
506 1334 51 34 his
578 1335 117 43 parole
715 1335 190 43 eligibility.

483 1469 83 34 This
578 1475 183 37 argument
773 1470 195 42 disregards
980 1476 59 28 not
1051 1471 80 42 only
1142 1470 59 34 the
1212 1470 173 43 language
1396 1471 39 34 of
1443 1472 69 33 Act

302 1519 42 34 93
358 1519 61 34 but
430 1519 73 34 also
514 1518 42 34 its
567 1518 142 35 obvious
720 1519 121 40 intent,
853 1519 112 34 which
976 1531 69 23 was
1057 1525 36 29 to
1103 1519 163 43 lengthen
1278 1520 59 34 the
1348 1520 118 44 period
1477 1520 39 35 of

300 1568 231 35 confinement
555 1568 119 35 before
699 1569 117 43 parole
840 1568 180 45 eligibility
1045 1580 37 24 as
1107 1570 59 34 the
1190 1569 146 35 number
1361 1570 39 34 of
1421 1571 92 43 prior

300 1618 209 34 convictions
521 1617 181 36 increases.
715 1619 176 44 Everyone
901 1619 28 34 is
940 1619 151 43 charged
1102 1619 83 35 with
1196 1619 201 44 knowledge
1407 1620 39 34 of
1453 1620 59 35 the

299 1668 158 34 criminal
468 1669 75 33 law.
555 1669 131 40 Hence,
696 1669 98 34 when
804 1668 139 35 Tisdale
952 1680 69 23 was
1032 1669 153 35 released
1195 1680 43 23 on
1248 1670 118 43 parole
1375 1670 34 34 in
1424 1670 85 35 1978

299 1717 44 34 he
361 1723 92 29 must
473 1718 42 34 be
533 1718 104 34 taken
656 1723 35 29 to
709 1718 87 35 have
814 1719 123 34 known
956 1719 76 34 that
1051 1719 30 34 if
1096 1720 44 34 he
1158 1719 203 35 committed
1380 1731 20 23 a
1419 1719 92 35 third

299 1767 116 44 felony
429 1767 68 35 and
511 1778 69 24 was
594 1768 188 42 convicted,
797 1769 43 34 he
853 1768 113 35 would
981 1769 43 34 be
1036 1768 192 45 compelled
1242 1774 35 29 to
1291 1780 95 24 serve
1399 1770 111 35 three-ยญ

299 1817 135 35 fourths
445 1818 40 34 of
493 1817 52 34 his
556 1823 161 29 sentence
728 1818 118 35 before
858 1818 103 43 being
972 1819 138 43 eligible
1121 1819 53 34 for
1186 1819 130 35 release
1327 1830 44 24 on
1382 1820 128 44 parole.

299 1867 91 34 That
413 1867 138 35 Tisdale
573 1868 180 43 happened
776 1874 35 29 to
834 1868 43 34 be
899 1869 135 42 serving
1056 1880 20 23 a
1099 1870 144 41 21-year
1266 1874 160 30 sentence
1448 1870 62 34 has

299 1917 143 43 nothing
457 1917 172 34 whatever
644 1922 35 29 to
694 1917 44 35 do
753 1918 82 34 with
850 1918 53 34 his
918 1918 118 43 parole
1051 1918 181 44 eligibility
1246 1918 109 35 under
1369 1920 69 33 Act
1454 1921 55 33 93.

299 1967 65 33 We
378 1977 59 24 are
452 1966 131 35 certain
598 1967 76 34 that
689 1967 59 35 the
762 1967 199 44 legislature
975 1968 59 34 did
1050 1974 59 29 not
1123 1968 130 41 intend,
1269 1979 38 24 as
1322 1969 138 34 Tisdale
1474 1969 35 34 in

298 2016 103 35 effect
410 2027 134 32 argues,
554 2017 77 34 that
640 2017 147 35 because
796 2017 140 35 Tisdale
944 2029 69 23 was
1023 2018 134 43 serving
1167 2029 20 23 a
1197 2019 39 33 21
1243 2029 97 32 -year
1349 2024 161 29 sentence

298 2065 43 35 he
350 2066 27 34 is
388 2066 143 34 entitled
541 2071 35 29 to
585 2072 136 37 greater
731 2067 156 43 leniency
897 2067 84 34 than
991 2067 30 34 if
1027 2068 44 34 he
1080 2068 69 34 had
1160 2067 86 34 been
1255 2068 134 43 serving
1398 2069 80 43 only
1488 2078 20 24 a

301 2117 140 42 15-year
464 2120 170 30 sentence.
658 2117 69 34 Act
750 2118 42 33 93
817 2116 159 43 changed
998 2117 59 34 the
1079 2118 66 34 law
1167 2117 68 34 and
1258 2117 143 44 thereby
1422 2129 87 32 gave

296 2165 140 35 Tisdale
449 2165 114 35 notice
576 2165 38 34 of
624 2166 93 34 what
730 2166 113 35 would
857 2166 138 44 happen
1008 2167 29 34 if
1048 2167 44 34 he
1105 2166 122 36 should
1241 2167 43 34 be
1296 2168 178 34 convicted
1488 2178 20 23 a

298 2215 91 34 third
400 2215 94 34 time.
507 2216 56 33 He
572 2226 70 23 was
652 2226 37 24 so
700 2215 178 35 convicted
889 2216 69 34 and
968 2222 93 29 must
1071 2217 107 34 suffer
1188 2217 59 34 the
1256 2227 252 34 consequences

297 2264 155 44 imposed
473 2265 44 42 by
538 2265 74 34 law.
634 2265 74 34 The
729 2266 258 44 Departmentโs
1008 2266 207 35 calculation
1236 2277 69 24 was
1325 2272 142 29 correct.

386 2400 180 34 Affirmed.
