1632 2696
1247 265 63 33 109

197 798 80 33 Dan
296 796 131 40 Kroha,
449 795 53 35 for
522 795 187 44 appellant.

198 877 67 32 Joe
284 874 103 43 Kelly
406 873 150 41 Hardin,
577 873 54 34 for
651 872 182 44 appellees.

199 955 123 33 James
342 954 35 33 L.
398 952 123 40 Sloan,
542 951 54 35 for
616 951 221 34 intervenors.

201 1032 155 34 Robert
366 1032 44 33 H.
423 1031 169 39 Dudley,
603 1029 141 35 Justice.

754 1029 75 34 The
838 1028 254 43 incorporation
1102 1027 39 34 of
1147 1027 59 34 the
1214 1028 106 33 Town

109 1081 40 35 of
155 1080 199 36 Alexander
363 1091 69 24 was
442 1079 146 44 granted
598 1079 35 35 in
647 1080 39 33 18
692 1080 42 33 87
745 1079 45 43 by
799 1078 59 35 the
868 1078 139 43 County
1017 1078 111 34 Court
1137 1076 39 35 of
1183 1076 137 35 Pulaski

110 1131 151 43 County.
274 1131 40 34 In
330 1131 97 40 1982,
439 1130 59 34 the
507 1130 107 34 Town
625 1129 40 34 of
672 1128 208 41 Alexander,
892 1139 41 23 ex
944 1133 109 39 parte,
1065 1126 187 45 petitioned
1263 1126 59 34 the

111 1181 136 34 Circuit
264 1181 109 34 Court
389 1179 39 35 of
441 1180 119 34 Saline
577 1179 139 43 County
733 1178 53 35 for
802 1189 45 24 an
863 1178 100 34 order
979 1177 176 43 declaring
1172 1177 76 34 that
1264 1176 59 34 the

111 1236 91 29 town
215 1241 70 24 was
299 1229 239 45 incorporated
551 1229 34 34 in
598 1229 84 35 both
695 1228 119 35 Saline
826 1228 68 34 and
906 1227 140 35 Pulaski
1059 1227 176 34 Counties.
1249 1226 74 34 The

111 1281 146 43 petition
271 1291 70 23 was
356 1279 79 35 filed
450 1280 34 34 in
499 1279 100 35 order
614 1284 36 29 to
664 1278 119 35 obtain
797 1278 172 34 turnback
982 1277 104 34 funds
1101 1276 90 35 from
1206 1276 117 35 Saline

112 1331 141 43 County
268 1341 37 24 as
321 1330 74 34 well
411 1340 37 24 as
464 1329 91 35 from
569 1328 140 35 Pulaski
725 1328 149 43 County.
890 1327 180 43 Although
1085 1327 97 34 there
1196 1337 68 23 was
1280 1336 43 24 no

112 1381 115 34 notice
239 1380 40 34 of
289 1391 68 32 any
370 1385 90 38 type,
475 1379 59 35 the
548 1378 134 35 Circuit
696 1378 110 35 Court
819 1377 145 44 granted
978 1377 59 34 the
1049 1376 100 35 order
1163 1376 68 34 and
1245 1375 78 35 held

112 1431 78 34 that
214 1429 198 35 Alexander
437 1440 69 24 was
532 1428 240 45 incorporated
797 1428 34 34 in
856 1427 84 35 both
964 1427 166 34 counties.
1157 1427 39 34 In
1224 1427 99 40 1984,

113 1480 189 44 appellant,
321 1479 154 35 William
492 1479 139 41 Parker,
649 1478 80 35 filed
747 1478 59 35 the
823 1478 130 34 instant
969 1477 69 35 suit
1055 1476 136 44 against
1208 1476 117 34 Saline

114 1530 141 44 County
264 1529 68 36 and
342 1530 59 34 the
410 1529 139 44 County
559 1528 112 44 Judge
680 1528 39 35 of
726 1528 118 35 Saline
853 1528 150 43 County.
1015 1528 31 33 It
1055 1538 69 23 was
1134 1526 80 35 filed
1223 1526 34 34 in
1267 1526 58 34 the

114 1580 185 44 Chancery
320 1580 109 34 Court
449 1579 39 35 of
505 1579 119 35 Saline
644 1579 140 43 County
804 1577 68 35 and
892 1578 59 34 the
971 1588 124 33 prayer
1114 1576 132 35 recites:

331 1658 316 40 WHEREFORE,
667 1657 153 44 plaintiff
835 1667 102 33 prays
955 1656 77 34 that
1049 1656 68 34 this
1137 1655 109 34 Court
1264 1655 61 34 im-

240 1708 185 44 mediately
437 1708 90 34 issue
538 1708 43 34 its
592 1707 114 34 Order
716 1707 176 42 declaring
903 1706 77 34 that
990 1706 59 34 the
1060 1705 118 34 Saline
1189 1701 138 46 County

240 1758 134 33 Circuit
390 1758 110 33 Court
515 1756 113 34 Order
643 1756 40 34 of
695 1757 88 41 May
802 1757 52 38 17;
874 1756 88 33 1982
977 1755 28 33 is
1020 1759 143 35 correct,
1178 1754 76 34 that
1269 1754 59 33 the

240 1811 180 38 corporate
429 1806 106 33 limits
544 1805 40 34 of
590 1804 199 35 Alexander
798 1804 125 34 extend
933 1804 72 33 into
1014 1803 119 34 Saline
1142 1803 139 42 County
1290 1813 37 23 as

241 1856 117 34 shown
368 1855 45 43 by
422 1855 59 34 the
491 1854 73 44 plat
574 1854 80 34 filed
664 1854 83 34 with
757 1854 59 34 the
825 1853 183 43 Secretary
1017 1852 40 34 of
1064 1852 109 40 State,
1184 1852 76 34 that
1269 1851 59 34 the

242 1905 139 43 County
404 1904 113 43 Judge
540 1903 69 35 and
633 1904 52 34 his
709 1908 132 38 agents,
865 1907 154 30 servants
1042 1901 69 35 and
1135 1901 193 44 employees

242 1954 123 35 should
375 1954 181 44 recognize
566 1954 60 34 the
635 1952 210 36 established
856 1952 105 35 limits
972 1952 40 35 of
1018 1951 209 41 Alexander,
1239 1955 89 30 costs

243 2005 68 35 and
332 2005 45 34 all
397 2015 123 34 proper
541 2003 108 36 relief.

209 2084 75 34 The
297 2083 183 44 Chancery
493 2083 111 34 Court
617 2083 82 34 took
707 2081 218 44 jurisdiction
939 2081 39 35 of
988 2081 59 35 the
1059 2091 80 24 case
1152 2080 68 35 and
1233 2079 97 35 ruled

118 2134 78 34 that
217 2134 60 34 the
297 2133 139 43 County
457 2132 113 43 Judge
590 2132 113 34 would
725 2137 59 29 not
805 2132 43 34 be
868 2130 192 44 compelled
1080 2136 36 29 to
1137 2130 114 34 follow
1272 2129 59 34 the

120 2183 136 34 Circuit
277 2183 109 34 Court
406 2182 100 34 order
526 2182 149 34 because
695 2181 198 34 Alexander
913 2180 104 34 exists
1037 2180 80 43 only
1138 2179 34 34 in
1192 2179 139 34 Pulaski

120 2233 151 43 County.
288 2233 65 33 We
367 2242 133 24 reverse
514 2231 69 35 and
598 2230 145 35 remand
758 2230 94 35 since
865 2230 59 34 the
939 2230 184 42 Chancery
1137 2228 110 34 Court
1262 2239 69 23 was

119 2282 208 45 completely
346 2281 145 36 without
511 2281 134 44 subject
665 2285 127 30 matter
809 2279 229 45 jurisdiction.

345 2361 74 35 The
447 2360 144 45 petition
619 2359 145 45 praying
792 2359 77 35 that
896 2359 60 34 the
984 2358 139 44 County
1151 2357 112 44 Judge
1291 2357 43 34 be

121 2411 193 45 compelled
324 2417 35 29 to
368 2410 44 36 do
422 2422 44 24 an
476 2416 56 29 act
542 2410 28 35 is
579 2421 20 24 a
610 2410 144 44 petition
764 2409 53 35 for
827 2420 20 24 a
856 2409 76 34 writ
941 2408 39 35 of
987 2408 218 35 mandamus.
1215 2408 33 33 A
1258 2407 75 34 writ
