1647 2692
312 412 59 34 the
379 412 131 34 motion
521 412 68 35 had
599 412 87 35 been
696 412 227 44 “presented”
934 412 68 35 and
1012 411 59 35 the
1079 417 99 29 court
1187 412 69 35 had
1266 412 104 35 taken
1380 412 26 35 it
1415 411 109 35 under

312 462 213 35 advisement
546 462 118 35 within
686 462 59 34 the
765 462 192 44 thirty-day
977 461 118 45 period
1117 462 59 34 the
1196 462 130 35 motion
1348 461 112 36 would
1481 462 43 34 be

311 512 144 34 deemed
467 517 35 29 to
512 512 87 35 have
609 513 87 34 been
707 511 159 44 disposed
876 512 39 34 of
923 518 36 28 at
969 513 59 33 the
1038 511 66 35 end
1115 512 40 34 of
1162 512 59 34 the
1231 512 106 44 thirty
1347 512 96 43 days,
1454 512 69 34 and

311 561 60 34 the
389 562 86 33 time
495 561 52 35 for
567 562 96 42 filing
684 572 20 23 a
725 562 113 33 notice
857 561 39 34 of
914 561 124 44 appeal
1057 561 114 34 would
1191 561 102 43 begin
1313 562 93 34 then.

313 272 68 32 232

495 652 91 35 That
599 657 130 30 statute
741 652 61 34 has
815 652 177 44 obviously
1004 653 87 33 been
1104 652 207 44 superseded
1324 652 45 44 by
1381 652 84 35 Ark.
1480 653 42 33 R.

311 702 90 43 App.
413 702 35 34 P.
459 701 76 43 4(c)
547 702 68 34 and
625 702 43 34 its
677 713 81 32 very
767 702 131 34 similar
907 702 188 44 provisions
1104 712 44 24 on
1158 702 98 34 when
1266 702 85 35 time
1360 701 118 44 begins
1488 707 36 29 to

311 762 63 23 run
388 762 43 23 on
445 752 96 43 filing
554 763 20 23 a
587 751 114 35 notice
714 751 39 35 of
763 752 123 43 appeal
899 752 91 34 after
1003 763 19 23 a
1036 752 131 34 motion
1181 752 53 34 for
1247 763 20 24 a
1281 763 74 24 new
1368 752 79 35 trial
1460 752 62 34 has

311 801 86 34 been
410 801 102 34 made
524 812 38 24 or
574 801 97 35 ruled
683 812 54 23 on.
752 803 178 39 However,
944 802 59 34 the
1014 807 130 29 statute
1155 802 184 34 contained
1351 813 38 23 as
1402 802 42 34 its
1457 802 66 34 last

310 856 161 28 sentence
491 851 59 34 the
570 851 174 42 following
765 856 59 29 not
844 851 108 34 found
973 852 34 33 in
1028 851 59 34 the
1107 851 83 34 rule:

433 940 75 34 The
523 940 193 44 expiration
730 951 38 23 or
784 941 97 42 lapse
894 941 40 33 of
947 952 21 23 a
983 946 90 29 term
1088 940 39 34 of
1139 946 99 29 court
1253 952 38 23 or
1306 952 216 23 commence-

434 994 96 30 ment
540 989 39 35 of
587 1000 20 24 a
618 989 210 43 subsequent
839 995 89 29 term
939 989 88 35 shall
1038 994 59 29 not
1108 990 106 33 affect
1224 990 60 34 the
1294 1001 113 32 power
1418 989 39 34 of
1464 990 60 34 the

434 1044 98 29 court
548 1044 35 29 to
600 1039 81 34 take
697 1049 68 33 any
781 1039 115 34 action
913 1040 118 34 herein
1047 1039 175 44 provided,
1239 1050 38 24 or
1294 1040 59 34 the
1369 1040 84 34 time
1469 1039 54 35 for

434 1088 95 43 filing
549 1089 114 34 notice
682 1088 39 34 of
738 1089 134 43 appeal.

309 1179 74 35 The
409 1180 155 44 appellee
589 1190 123 33 argues
738 1180 76 35 that
840 1186 161 29 sentence
1026 1180 115 35 favors
1167 1181 52 34 his
1245 1181 159 44 position,
1431 1192 38 23 as
1495 1181 26 34 it

309 1234 156 38 suggests
478 1230 97 34 there
586 1240 59 24 are
657 1240 44 24 no
713 1230 105 34 limits
832 1236 36 28 at
880 1231 46 34 all
938 1241 44 24 on
994 1230 99 35 when
1106 1231 59 34 the
1176 1236 98 29 court
1286 1236 93 30 must
1391 1231 74 34 rule
1477 1242 44 23 on

308 1279 59 33 the
377 1290 74 23 new
462 1279 78 34 trial
552 1280 140 34 motion.
705 1280 65 33 We
779 1280 158 43 disagree
947 1280 148 34 because
1105 1280 112 43 ruling
1228 1291 44 23 on
1282 1281 59 34 the
1351 1280 131 35 motion
1492 1281 28 33 is

308 1333 61 29 not
388 1329 91 43 “any
499 1329 114 34 action
634 1328 117 35 herein
770 1329 186 43 provided”
978 1341 37 23 as
1035 1329 27 34 it
1081 1329 28 34 is
1128 1335 61 29 not
1208 1330 170 42 governed
1398 1330 45 43 by
1462 1330 60 34 the

309 1383 139 29 statute.
462 1378 249 43 Additionally,
725 1389 50 23 we
787 1378 80 35 held
879 1379 35 34 in
926 1381 108 32 Jones
1045 1390 30 23 v.
1088 1380 134 33 Benton
1236 1380 137 43 County
1388 1379 134 34 Circuit

311 1428 120 40 Court,
442 1429 68 33 260
518 1428 84 35 Ark.
614 1428 155 40 893, 545
780 1428 143 34 S.W.2d
933 1429 64 34 621
1013 1428 137 43 (1977),
1160 1429 76 34 that
1245 1429 59 34 the
1312 1433 99 30 court
1419 1429 102 34 could

309 1482 59 29 not
381 1478 73 34 rule
467 1488 43 24 on
523 1489 20 23 a
556 1489 74 23 new
642 1477 79 35 trial
735 1478 130 34 motion
878 1479 98 34 when
990 1479 59 34 the
1061 1483 89 29 term
1163 1478 39 35 of
1211 1484 98 29 court
1322 1479 34 34 in
1369 1479 112 34 which
1494 1479 27 34 it

308 1538 69 23 was
392 1527 102 34 made
508 1527 68 35 had
591 1527 110 35 ended
716 1527 68 35 and
798 1528 97 34 there
908 1540 70 23 was
992 1538 44 25 no
1051 1528 162 34 evidence
1227 1529 76 34 that
1317 1529 59 34 the
1389 1529 131 34 motion

308 1576 69 34 had
395 1577 86 34 been
499 1577 226 44 “presented”
744 1588 37 23 or
799 1578 127 34 “taken
943 1578 110 34 under
1070 1578 236 35 advisement”
1325 1578 119 35 within
1461 1579 59 34 the

307 1626 85 34 time
410 1627 195 43 prescribed
623 1627 35 34 in
679 1627 17 42 §
717 1628 200 34 27-2106.4.
935 1628 69 34 See
1022 1627 78 35 also
1117 1628 119 34 Smith
1254 1639 30 23 v.
1303 1630 128 38 Boone,
1451 1629 69 33 284

307 1676 84 34 Ark.
418 1677 75 40 183,
515 1677 67 34 680
603 1676 142 35 S.W.2d
767 1678 66 33 709
857 1677 137 43 (1984).

492 1768 115 34 While
621 1778 51 24 we
687 1778 59 24 are
760 1779 44 23 no
819 1768 119 43 longer
953 1768 171 43 governed
1140 1768 45 44 by
1199 1773 106 30 terms
1320 1769 40 34 of
1371 1774 98 29 court
1484 1769 35 34 in

308 1816 67 35 this
393 1822 143 39 respect,
554 1829 50 23 we
621 1817 43 35 do
681 1817 87 35 have
784 1829 20 23 a
821 1818 75 34 rule
912 1817 179 45 providing
1108 1818 77 35 that
1201 1829 21 24 a
1239 1824 97 29 court
1352 1824 93 30 must
1462 1824 57 29 act

307 1866 119 35 within
437 1867 118 44 ninety
565 1867 83 44 days
660 1867 39 34 of
706 1867 59 34 the
775 1868 96 43 filing
881 1868 40 34 of
928 1868 59 35 the
994 1867 185 44 judgment
1189 1869 82 34 with
1282 1869 58 34 the
1350 1869 94 35 clerk
1454 1868 31 35 if
1492 1869 27 34 it

307 1916 27 34 is
344 1921 35 29 to
389 1917 132 43 modify
529 1928 38 23 or
576 1923 51 29 set
637 1917 95 34 aside
741 1917 42 35 its
789 1918 196 43 judgment,
995 1918 85 35 Ark.
1092 1919 42 34 R.
1146 1918 74 35 Civ.
1230 1919 36 34 P.
1277 1919 115 43 60(b),
1403 1919 114 34 unless

306 1966 131 34 certain
448 1967 202 40 conditions,
662 1972 60 29 not
733 1967 152 35 relevant
896 1968 92 41 here,
1000 1968 96 34 exist.
1108 1969 85 33 Ark.
1206 1969 42 34 R.
1261 1969 73 34 Civ.
1347 1970 35 33 P.
1395 1969 45 34 60
1452 1968 64 43 (c).

305 2016 180 43 Although
496 2016 97 35 these
603 2016 187 44 provisions
801 2028 60 23 are
871 2023 60 29 not
942 2017 109 35 found
1062 2018 34 33 in
1108 2018 90 34 Rule
1210 2019 54 40 59,
1276 2018 81 44 they
1367 2019 104 43 apply
1482 2023 36 29 to

305 2065 59 34 the
375 2076 114 33 power
500 2066 39 34 of
547 2066 58 34 the
616 2071 98 30 court
726 2071 35 29 to
772 2072 102 37 grant
886 2078 20 23 a
918 2078 74 23 new
1004 2067 89 35 trial.
1106 2067 74 34 The
1191 2068 160 43 granting
1363 2067 39 35 of
1410 2079 20 23 a
1442 2079 74 23 new

306 2115 79 34 trial
412 2116 206 44 necessarily
645 2115 148 36 involves
820 2117 59 34 the
906 2117 126 42 setting
1060 2117 95 34 aside
1181 2117 39 34 of
1243 2129 67 32 any
1332 2118 185 43 judgment

306 2165 140 34 entered
455 2166 34 34 in
499 2166 59 34 the
566 2176 89 25 case.
666 2166 90 34 Rule
765 2166 99 43 60(c)
875 2167 128 44 clearly
1012 2167 196 43 recognizes
1217 2167 76 35 that
1302 2167 72 35 fact
1383 2167 99 35 when
1491 2168 27 34 it

305 2214 107 35 refers
428 2220 35 29 to
478 2216 150 42 grounds
644 2215 53 34 for
712 2216 126 43 setting
854 2216 96 35 aside
964 2228 20 23 a
996 2216 184 44 judgment
1195 2217 89 34 after
1300 2218 117 42 ninety
1432 2217 85 43 days

305 2264 91 34 from
410 2265 43 34 its
468 2265 95 43 filing
578 2265 104 43 “[b]y
696 2266 161 43 granting
872 2277 20 23 a
907 2277 74 23 new
995 2266 102 35 trial”
1113 2266 68 34 and
1196 2266 104 44 “[b]y
1314 2278 20 23 a
1349 2278 73 23 new
1437 2267 80 34 trial

304 2314 180 42 granted.”
505 2315 68 34 See
593 2315 90 34 Rule
704 2315 158 43 60(c)(1)
886 2316 68 33 and
977 2315 66 43 (2).

395 2405 184 35 Reversed.
