1664 2690
443 402 174 35 recorded.
631 402 160 35 Number
800 413 75 29 one,
888 402 14 33 I
913 401 96 35 don’t
1019 401 67 34 feel
1097 402 76 34 that
1184 401 58 34 the
1252 400 133 35 Sheriff
1391 400 68 35 and
1471 400 57 34 the

443 453 100 34 State
559 452 114 34 Police
689 450 172 45 promised
878 451 72 34 him
966 451 77 34 that
1060 451 43 34 he
1119 450 101 34 could
1236 450 78 34 visit
1331 450 51 34 his
1399 450 79 34 wife
1494 449 34 34 in

443 501 100 34 order
553 506 35 29 to
598 506 57 38 get
665 501 72 34 him
747 506 35 29 to
791 505 193 38 cooperate.
996 500 14 33 I
1021 499 99 35 think
1130 500 76 34 that
1215 499 67 34 this
1292 499 236 34 conversation

444 561 100 24 came
562 561 46 33 up
628 549 68 36 and
716 549 26 35 it
761 561 69 23 was
850 560 95 24 more
964 549 39 34 of
1019 559 45 24 an
1083 548 300 35 accommodation
1403 553 35 29 to
1458 548 69 34 Mr.

442 600 127 43 Taylor
579 600 84 34 than
673 599 26 34 it
708 610 70 24 was
788 610 20 23 a
818 599 159 43 promise,
988 598 30 34 if
1025 598 26 34 it
1060 609 70 24 was
1140 609 83 23 even
1233 608 44 24 an
1288 597 239 35 accommoda-

443 649 83 35 tion.
545 649 15 34 I
578 649 99 35 think
693 648 81 44 they
787 648 73 44 just
878 647 62 36 felt
957 648 76 34 that
1050 647 94 35 since
1160 648 44 34 he
1220 658 70 24 was
1308 647 220 43 cooperating

443 699 83 35 with
544 698 95 36 them
657 698 76 35 that
751 698 81 44 they
849 697 113 35 would
980 708 43 33 go
1041 697 102 44 along
1161 696 68 36 and
1247 702 182 39 cooperate
1446 696 82 35 with

443 749 83 39 him;
544 748 76 36 that
637 748 82 43 they
735 748 110 34 didn’t
862 748 149 43 promise
1028 747 72 34 him
1117 747 44 34 he
1177 746 101 35 could
1295 757 57 24 see
1369 746 52 34 his
1437 746 89 41 wife,

443 798 76 35 that
541 797 105 35 that’s
668 797 59 34 the
749 798 79 42 only
850 808 75 31 way
948 797 43 34 he
1012 797 102 34 could
1136 807 57 23 see
1214 796 52 34 his
1288 796 90 40 wife,
1401 807 69 23 was
1493 801 35 28 to

443 853 183 37 cooperate
639 847 83 34 with
736 847 105 34 them.
858 847 14 33 I
886 846 96 35 don’t
996 846 99 34 think
1108 846 105 34 that’s
1227 846 93 34 what
1333 845 82 43 they
1428 845 69 34 did.
1513 845 15 34 I

443 896 67 37 feel
525 896 75 37 that
614 901 36 31 at
664 901 90 30 most
767 896 26 35 it
808 906 69 24 was
890 906 44 24 an
949 895 299 35 accommodation
1263 895 68 35 and
1346 895 81 43 they
1441 905 88 24 were

443 946 103 43 going
560 951 46 37 to,
621 946 94 35 since
729 945 43 35 he
785 956 70 24 was
870 945 221 44 cooperating
1106 945 82 34 with
1203 944 106 42 them,
1325 945 47 34 let
1386 944 72 35 him
1472 955 57 24 see

443 996 52 35 his
518 995 80 36 wife
619 995 145 35 without
786 996 59 34 the
866 995 115 35 threat
1003 994 40 35 of
1062 1000 109 29 arrest
1193 1005 44 23 on
1259 995 60 34 the
1341 994 187 44 particular

443 1045 169 35 occasion.
624 1046 15 34 I
649 1045 67 35 feel
725 1045 27 34 it
760 1056 70 24 was
840 1050 59 29 not
908 1056 20 24 a
938 1045 149 44 promise
1096 1045 68 34 and
1173 1044 183 41 therefore,
1367 1044 43 34 he
1419 1044 110 34 didn’t

443 1096 71 42 rely
524 1106 44 23 on
579 1095 86 35 that.
677 1096 56 33 He
742 1106 70 23 was
822 1095 141 43 already
973 1094 132 43 talking
1116 1100 35 29 to
1161 1095 95 33 them
1267 1094 68 34 and
1346 1094 44 34 he
1399 1094 129 42 merely

442 1144 186 35 continued
647 1149 36 30 to
701 1144 74 34 talk
792 1149 36 29 to
846 1144 96 34 them
961 1143 90 35 after
1070 1144 81 43 they
1170 1143 71 34 told
1261 1144 72 33 him
1352 1143 76 34 that
1447 1143 81 43 they

443 1192 112 35 would
576 1194 47 33 let
642 1193 53 35 his
715 1193 79 34 wife
813 1203 98 24 come
931 1203 79 24 over
1030 1193 68 33 and
1118 1193 78 33 visit
1216 1192 82 34 him.

320 262 68 34 460

409 1269 103 35 After
533 1279 44 24 an
599 1269 231 44 independent
851 1268 121 35 review
993 1268 40 35 of
1051 1268 46 35 all
1118 1269 59 34 the
1198 1268 185 43 testimony
1404 1278 44 24 on
1469 1268 59 34 the

319 1319 145 45 subject,
482 1330 51 24 we
550 1324 127 30 cannot
694 1329 61 33 say
772 1319 76 34 that
866 1318 58 35 the
941 1318 79 35 trial
1038 1319 126 34 court’s
1183 1317 112 44 ruling
1313 1329 70 23 was
1401 1318 127 43 clearly

319 1379 194 25 erroneous.
528 1368 75 35 Our
618 1369 112 44 ruling
744 1379 91 34 upon
849 1368 121 35 review
985 1368 27 34 is
1027 1367 194 36 buttressed
1235 1367 45 45 by
1293 1368 60 34 the
1366 1367 72 35 fact
1452 1367 76 35 that

319 1419 176 44 appellant
512 1429 70 24 was
600 1430 44 26 an
663 1418 157 36 habitual
838 1418 157 35 criminal
1014 1417 82 36 with
1114 1418 65 35 five
1196 1417 92 44 prior
1306 1417 220 41 convictions,

319 1468 68 37 and
403 1469 203 45 apparently
622 1468 152 36 familiar
789 1468 82 35 with
886 1468 158 35 criminal
1060 1468 199 44 procedure.
1276 1469 56 34 He
1347 1478 70 24 was
1432 1473 60 29 not
1507 1478 20 24 a

318 1519 200 35 vulnerable
537 1518 199 36 defendant.

502 1595 188 44 Appellant
699 1600 80 30 next
787 1594 165 36 contends
961 1595 77 34 that
1047 1594 59 35 the
1115 1594 161 35 evidence
1284 1593 114 36 seized
1407 1593 91 36 from
1506 1605 20 23 a

319 1645 217 35 warrantless
561 1645 121 35 search
707 1644 39 35 of
768 1645 58 34 the
855 1645 88 34 1972
968 1645 81 34 blue
1075 1644 122 43 Dodge
1222 1644 211 35 automobile
1457 1655 70 23 was

320 1695 218 42 erroneously
559 1694 169 35 admitted
749 1695 72 36 into
842 1693 171 36 evidence.
1035 1694 75 34 The
1131 1699 183 38 argument
1334 1694 28 33 is
1383 1693 144 35 without

319 1744 111 36 merit.
443 1745 51 43 By
503 1744 58 35 the
571 1744 82 35 time
663 1744 58 35 the
730 1743 211 35 automobile
950 1754 69 24 was
1029 1743 166 35 searched
1205 1743 59 35 the
1273 1743 175 44 appellant
1457 1742 69 36 had

318 1793 74 37 sold
406 1793 26 35 it
446 1799 35 29 to
494 1804 20 25 a
528 1793 92 35 third
634 1804 132 33 person.
782 1793 129 35 Fourth
925 1792 236 36 Amendment
1175 1793 108 42 rights
1297 1804 59 23 are
1369 1792 157 44 personal

319 1843 108 42 rights
447 1843 77 34 that
543 1853 81 33 may
644 1848 59 29 not
723 1843 43 34 be
785 1843 153 34 asserted
956 1842 217 44 vicariously.

502 1918 119 44 Citing
638 1920 108 34 Jones
763 1930 29 23 v.
814 1918 129 35 United
956 1919 132 40 States,
1110 1919 67 33 362
1197 1918 82 34 U.S.
1300 1919 67 33 257
1388 1917 136 43 (1960),

318 1969 176 43 appellant
503 1968 121 35 claims
635 1968 136 43 “target
781 1967 183 44 standing”
975 1979 38 23 or
1023 1968 162 43 standing
1195 1973 35 29 to
1240 1968 172 43 complain
1422 1967 39 35 of
1468 1967 59 35 the

318 2018 217 37 warrantless
546 2018 120 35 search
677 2017 39 35 of
722 2017 60 39 the
790 2029 60 23 car
860 2017 39 35 of
906 2018 145 35 another
1060 2017 46 45 by
1115 2018 111 34 virtue
1236 2017 39 35 of
1282 2017 102 43 being
1394 2017 59 35 the
1462 2028 65 25 one

319 2067 136 44 against
467 2067 114 35 whom
595 2068 59 34 the
666 2068 119 34 search
799 2078 70 24 was
883 2067 163 36 directed.
1062 2067 40 35 In
1114 2067 125 34 Rakas
1251 2078 31 24 v.
1296 2066 147 42 Illinois,
1458 2067 68 34 439

318 2117 83 35 U.S.
423 2118 75 40 128,
519 2118 62 33 135
601 2116 137 44 (1978),
754 2117 59 35 the
828 2117 169 44 Supreme
1013 2117 111 35 Court
1139 2116 39 35 of
1190 2116 59 35 the
1264 2116 130 36 United
1410 2116 116 35 States

318 2168 173 43 expressly
501 2167 150 43 rejected
661 2167 59 34 the
730 2172 113 38 target
853 2167 161 43 standing
1025 2167 121 44 theory
1156 2166 197 35 mentioned
1364 2166 34 35 in
1408 2168 116 33 Jones.

408 2245 49 35 At
470 2244 89 40 trial,
573 2244 176 44 appellant
762 2243 110 36 called
886 2244 129 34 several
1029 2243 175 35 witnesses
1217 2248 35 29 to
1265 2243 118 44 testify
1395 2243 75 35 that
1483 2243 45 35 he

318 2304 69 24 was
410 2299 61 30 out
493 2293 40 35 of
553 2298 89 31 state
665 2298 36 30 at
724 2293 59 35 the
805 2294 84 34 time
912 2294 59 34 the
994 2294 139 34 murder
1156 2304 70 23 was
1249 2293 212 35 committed.
1486 2293 40 34 In

318 2343 162 41 rebuttal,
492 2343 59 35 the
562 2349 90 29 state
662 2343 111 35 called
785 2354 20 24 a
817 2343 129 44 deputy
957 2343 123 35 sheriff
1088 2349 35 29 to
1135 2342 118 44 testify
1264 2343 77 35 that
1352 2343 175 43 appellant

318 2393 114 34 stated
441 2393 77 38 that
527 2393 44 34 he
579 2404 70 24 was
659 2393 34 35 in
703 2393 59 35 the
770 2398 127 38 county
906 2394 114 34 where
1029 2393 59 34 the
1097 2391 140 36 murder
1246 2403 70 24 was
1325 2392 202 35 committed
