1648 2688
284 390 145 35 without
446 390 167 35 coercion.
633 390 188 44 Appellant
839 390 69 35 and
925 390 53 35 his
996 390 135 35 mother
1149 390 149 35 testified
1315 390 87 42 that,
1421 395 36 30 at
1475 401 20 24 a

284 440 151 43 meeting
445 440 83 35 with
538 440 59 35 the
607 440 146 41 mother,
764 440 59 35 the
833 441 203 34 Prosecutor
1046 440 173 45 promised
1229 446 188 29 treatment
1426 452 38 23 as
1475 451 20 24 a

280 490 152 43 juvenile
443 490 30 34 if
482 490 176 44 appellant
669 490 113 35 would
795 491 102 34 make
908 501 21 24 a
942 495 197 30 statement.
1152 491 33 34 A
1197 490 180 44 recording
1389 490 39 35 of
1437 490 59 35 the

284 540 151 43 meeting
455 540 82 34 with
557 540 59 34 the
635 540 135 35 mother
790 540 184 35 contained
994 551 44 23 no
1058 540 161 35 evidence
1238 540 40 35 of
1294 551 20 24 a
1334 540 159 44 promise.

285 249 68 33 454

373 619 75 35 The
458 620 79 34 trial
549 625 98 29 court
659 620 172 43 expressly
843 619 108 35 found
962 620 77 34 that
1050 631 44 23 no
1105 620 149 44 promise
1265 631 69 23 was
1346 620 103 34 made
1459 625 36 29 to

283 669 176 44 appellant
469 680 38 23 or
517 669 52 34 his
580 669 146 41 mother,
737 669 77 35 that
824 670 176 43 appellant
1010 669 131 35 waived
1152 670 51 34 his
1214 670 93 43 right
1316 675 36 29 to
1362 670 132 34 remain

283 719 101 34 silent
404 719 68 34 and
493 730 101 23 never
614 719 106 35 asked
741 719 76 35 that
837 719 59 35 the
915 719 218 44 questioning
1154 719 43 35 be
1216 719 155 44 stopped.

466 798 57 34 On
546 798 124 44 appeal
693 798 40 35 of
752 809 20 24 a
795 798 131 43 finding
950 798 39 34 of
1007 798 262 41 voluntariness,
1293 799 68 34 this
1384 799 110 34 Court

283 848 119 33 makes
418 847 43 34 its
477 858 75 23 own
568 847 232 44 independent
814 848 268 34 determination
1098 848 40 34 of
1149 848 60 34 the
1224 848 91 34 issue
1330 848 90 34 from
1436 848 59 34 the

282 896 138 43 totality
438 896 40 35 of
493 897 60 34 the
571 897 279 40 circumstances,
870 897 62 34 but
951 897 68 34 will
1039 908 134 23 reverse
1191 897 59 34 the
1269 897 79 35 trial
1367 898 126 34 court’s

282 945 267 35 determination
558 946 40 34 of
603 946 59 35 the
671 946 90 35 issue
769 947 80 43 only
858 946 30 34 if
894 946 27 35 it
929 946 28 35 is
966 946 129 44 clearly
1104 957 194 24 erroneous.
1308 946 146 35 Lockett
1461 958 31 23 v.

281 996 113 41 State,
411 997 66 33 275
494 996 85 34 Ark.
597 997 78 40 338,
692 997 67 34 629
775 996 143 35 S.W.2d
935 997 68 34 302
1020 996 138 43 (1982).
1173 996 104 35 After
1292 997 142 43 making
1449 1008 45 23 an

282 1045 232 44 independent
522 1046 234 35 examination
765 1046 39 35 of
809 1046 60 35 the
877 1047 196 43 testimony,
1082 1057 52 24 we
1141 1052 128 29 cannot
1277 1058 62 33 say
1347 1047 59 35 the
1414 1047 79 35 trial

281 1096 128 34 court’s
429 1095 267 36 determination
716 1107 69 24 was
805 1096 128 44 clearly
953 1107 194 25 erroneous.

372 1175 180 35 Affirmed.

372 1255 159 40 Purtle,
552 1255 43 41 J.,
616 1260 60 29 not
696 1255 254 44 participating.

450 1536 126 43 Randy
596 1537 249 34 HALLMAN
866 1548 28 23 v.
916 1537 153 34 STATE
1088 1537 39 34 of
1144 1538 179 34 Arkansas

280 1614 66 34 CR
367 1615 178 34 85-153-C

1171 1616 67 34 706
1259 1616 144 35 S.W.2d
1424 1618 66 33 387

608 1694 170 44 Supreme
798 1694 110 35 Court
928 1694 39 35 of
983 1695 179 35 Arkansas

545 1744 151 44 Opinion
716 1744 171 35 delivered
909 1745 127 35 March
1058 1747 55 39 31,
1138 1746 87 34 1986
