1646 2697
311 418 36 29 to
356 413 60 34 the
424 413 173 34 testator’s
607 412 154 36 children
771 419 35 29 to
816 413 100 34 avoid
926 424 20 24 a
956 414 239 43 pretermitted
1204 413 93 35 child
1307 413 165 44 problem.
1484 414 40 34 In

311 473 37 23 so
364 462 151 43 holding,
532 463 68 34 this
616 467 98 30 court
730 462 107 35 found
854 463 76 34 that
945 463 94 34 since
1054 463 59 34 the
1128 468 145 30 testator
1288 463 69 35 had
1374 474 43 24 no
1433 463 90 35 heirs

311 512 99 34 other
425 512 84 35 than
525 512 51 34 his
591 513 98 34 three
703 512 166 41 children,
885 512 26 35 it
927 513 27 34 is
969 513 203 34 reasonable
1187 518 35 29 to
1237 524 138 24 assume
1390 513 76 34 that
1481 513 43 35 he

311 562 84 34 used
418 562 59 34 the
500 562 93 34 word
617 561 148 42 “heirs”,
789 562 34 34 in
847 562 59 34 the
929 562 241 35 nontechnical
1193 573 98 24 sense
1314 563 68 34 and
1406 569 118 28 meant

311 612 143 43 thereby
474 612 52 34 his
547 611 165 35 children.

312 273 68 33 202

402 688 39 34 In
461 689 101 41 Petty
580 699 31 23 v.
634 687 151 44 Chaney,
807 688 103 40 Ex’x,
930 699 120 32 supra,
1071 699 51 23 we
1142 688 107 34 found
1269 688 59 34 the
1347 688 177 44 appellant

310 736 93 35 child
430 748 69 23 was
526 737 207 43 sufficiently
759 737 163 44 provided
950 738 54 34 for
1031 737 34 34 in
1092 738 60 34 the
1178 738 196 44 paragraph
1401 737 39 35 of
1464 738 59 34 the

310 786 173 34 testator’s
494 786 67 34 will
572 786 155 43 creating
738 798 20 23 a
768 791 89 30 trust
867 786 54 35 for
931 787 59 34 the
1000 788 173 33 testator’s
1185 786 285 36 “descendants.”
1482 787 40 35 In

310 836 163 42 reaching
493 836 77 34 that
589 835 152 35 decision
761 848 51 22 we
832 836 201 35 considered
1053 836 59 35 the
1132 837 68 34 will
1220 847 38 24 as
1279 848 20 23 a
1319 837 119 34 whole.

493 912 176 43 Applying
688 912 96 34 these
802 911 191 44 guidelines
1012 917 35 29 to
1066 912 59 34 the
1143 912 68 35 will
1230 912 35 34 in
1284 912 168 44 question,
1472 923 51 24 we

309 961 71 34 find
391 961 77 35 that
479 961 59 34 the
548 961 125 44 phrase
684 961 81 44 “my
776 961 113 35 heirs”
901 973 69 23 was
982 973 20 24 a
1014 961 176 36 reference
1200 967 36 29 to
1247 962 59 35 the
1316 962 204 45 appellants,

309 1011 182 43 excluding
505 1011 96 35 them
614 1011 91 35 from
719 1011 214 36 inheritance
945 1023 38 24 as
997 1012 239 45 pretermitted
1249 1012 166 36 children.
1431 1013 39 34 In
1484 1024 37 24 so

309 1061 141 44 holding
462 1072 51 24 we
524 1067 80 30 note
615 1061 77 36 that
703 1062 184 35 elsewhere
898 1062 34 35 in
945 1063 59 35 the
1015 1062 68 35 will
1095 1063 58 35 the
1165 1063 205 45 appellant’s
1383 1063 139 35 brother

309 1111 68 35 and
399 1112 234 35 sister-in-law
654 1123 89 24 were
765 1113 209 44 specifically
995 1113 208 35 mentioned.
1226 1113 75 35 The
1321 1114 81 44 only
1422 1114 99 35 other

308 1163 121 43 people
455 1162 77 34 who
557 1162 102 35 could
686 1162 43 35 be
754 1163 201 35 considered
981 1163 91 35 heirs
1098 1174 38 24 or
1163 1163 158 35 relatives
1347 1174 89 25 were
1462 1164 59 35 the

308 1212 173 34 testator’s
494 1212 154 35 children
661 1212 68 34 and
741 1212 267 43 grandchildren
1021 1213 68 34 and
1102 1213 52 35 his
1167 1213 146 35 mother.
1327 1213 82 35 This
1422 1219 98 29 court

309 1261 62 34 has
390 1261 192 44 previously
601 1262 203 43 recognized
823 1262 76 34 that
918 1263 59 34 the
995 1262 94 35 word
1108 1263 137 34 “heirs”
1264 1263 99 35 when
1382 1263 84 34 used
1486 1264 34 34 in

308 1321 160 24 common
491 1312 124 43 speech
638 1311 27 34 is
688 1322 231 34 synonymous
942 1313 83 34 with
1047 1312 165 35 children.
1236 1313 141 41 Powell,
1399 1323 119 33 supra.

308 1361 228 42 Considering
554 1361 59 34 the
629 1361 67 34 will
715 1372 37 23 as
770 1373 20 23 a
808 1361 120 41 whole,
947 1373 37 23 as
1002 1373 51 23 we
1070 1373 59 23 are
1145 1362 160 44 required
1322 1368 36 29 to
1375 1362 54 41 do,
1447 1363 27 34 it
1491 1363 28 34 is

307 1415 168 38 apparent
484 1410 77 34 that
570 1411 59 34 the
637 1415 145 30 testator
791 1422 70 23 was
871 1411 169 43 referring
1048 1416 36 29 to
1093 1412 53 34 his
1155 1411 155 35 children
1319 1423 39 23 as
1367 1412 52 34 his
1429 1412 90 34 heirs

307 1460 99 33 when
427 1460 44 34 he
491 1460 113 34 stated
626 1461 34 33 in
682 1460 51 34 his
755 1461 67 34 will
844 1461 77 34 that
942 1461 43 34 he
1006 1461 69 34 had
1096 1461 240 44 intentionally
1357 1461 106 35 failed
1484 1465 35 31 to

307 1509 140 42 provide
463 1508 53 34 for
533 1509 76 34 that
625 1509 88 35 class
731 1510 39 34 of
783 1510 131 43 people.
933 1511 65 33 His
1015 1510 136 34 mother
1167 1510 69 35 and
1252 1510 267 43 grandchildren

306 1558 102 34 could
432 1558 75 33 well
531 1558 62 34 fall
616 1558 119 35 within
760 1559 58 34 the
843 1559 121 34 “other
987 1559 182 35 relatives”
1193 1559 227 44 designation.
1445 1561 74 34 The

306 1616 149 34 purpose
476 1607 40 34 of
535 1608 60 34 the
617 1608 239 44 pretermitted
878 1609 94 34 child
995 1614 131 29 statute
1148 1609 28 35 is
1199 1614 60 30 not
1282 1614 36 30 to
1341 1610 134 43 compel
1499 1621 20 23 a

307 1661 144 31 testator
462 1662 35 29 to
508 1658 103 34 make
622 1669 20 24 a
654 1658 169 43 provision
835 1657 54 35 for
899 1658 53 35 his
963 1658 166 42 children,
1142 1659 62 35 but
1215 1664 35 29 to
1261 1659 110 43 guard
1383 1659 136 43 against

306 1711 250 40 testamentary
584 1708 304 43 thoughtlessness.
923 1708 138 44 Taylor,
1090 1719 118 34 supra.
1240 1709 65 35 We
1333 1709 99 35 think
1460 1709 59 35 the

306 1762 145 30 testator
468 1768 69 24 was
556 1757 148 36 mindful
722 1757 39 36 of
775 1759 59 34 the
852 1758 73 35 fact
943 1759 76 35 that
1037 1759 44 34 he
1098 1759 69 35 had
1185 1759 154 35 children
1358 1759 98 36 when
1475 1760 43 35 he

306 1813 107 29 wrote
432 1807 52 35 his
503 1808 79 34 will.

489 1885 50 32 As
552 1889 35 29 to
599 1885 59 33 the
669 1884 98 34 other
778 1885 108 34 issues
898 1885 114 34 raised
1024 1885 45 43 by
1081 1885 59 34 the
1151 1885 138 44 parties,
1302 1886 59 34 the
1373 1886 145 44 probate

301 1932 108 44 judge
432 1933 168 44 correctly
622 1934 137 43 applied
783 1934 179 35 Arkansas
986 1935 65 34 law
1074 1935 35 34 in
1132 1935 199 44 construing
1354 1936 59 34 the
1435 1936 80 41 will,

305 1984 157 42 Layman
473 1993 31 24 v.
517 1983 169 41 Hodnett,
700 1985 66 33 205
781 1984 85 35 Ark.
882 1985 160 40 367, 168
1057 1984 143 35 S.W.2d
1213 1986 66 33 819
1295 1984 138 44 (1943),
1447 1986 70 34 and

305 2043 50 24 we
371 2031 87 36 need
474 2038 60 29 not
550 2034 102 34 reach
670 2033 58 35 the
743 2034 159 43 question
918 2034 40 34 of
971 2035 58 34 the
1045 2034 242 44 admissibility
1302 2035 39 34 of
1354 2035 163 35 extrinsic

304 2082 162 34 evidence
476 2082 93 35 since
579 2083 58 34 the
647 2083 67 34 will
724 2094 65 24 can
800 2084 43 34 be
852 2084 129 43 upheld
991 2084 106 35 based
1107 2085 106 43 solely
1222 2095 44 23 on
1276 2085 59 34 the
1344 2086 172 42 language

304 2132 94 34 used.

394 2207 180 34 Affirmed.

394 2283 160 41 Purtle,
575 2284 42 40 J.,
639 2288 59 30 not
718 2283 256 44 participating.
