1632 2696
112 410 94 33 show
226 420 21 23 a
267 409 134 44 portion
422 409 39 34 of
477 410 59 34 the
554 410 148 34 victim’s
723 410 88 34 skull
831 409 68 35 and
920 410 75 34 hair
1015 410 101 34 stuck
1135 415 36 29 to
1190 409 59 35 the
1268 420 59 24 car

112 459 189 34 headliner.
321 459 139 34 Exhibit
482 461 12 32 1
515 470 70 23 was
602 459 85 34 used
705 459 45 44 by
767 460 60 33 Dr.
846 460 125 33 Donna
989 460 134 40 Brown,
1142 470 19 24 a
1179 459 149 35 forensic

112 509 222 43 pathologist,
348 514 35 29 to
397 509 136 43 explain
547 509 59 34 the
618 509 125 34 wound
757 509 155 34 received
926 509 45 43 by
984 509 59 34 the
1055 509 119 35 victim
1187 509 68 35 and
1269 509 59 34 the

113 569 145 23 manner
270 559 34 33 in
316 558 111 35 which
440 559 25 34 it
477 558 128 35 caused
616 559 62 34 her
689 558 116 35 death.
817 559 75 34 The
903 559 158 43 question
1073 559 39 34 of
1121 559 205 34 admissibil-

113 608 49 44 ity
174 608 40 35 of
224 608 233 44 photographs
471 608 60 35 lies
545 609 131 43 largely
689 608 34 34 in
737 608 59 35 the
808 608 109 35 sound
930 608 186 35 discretion
1129 609 39 34 of
1177 609 59 34 the
1248 609 79 34 trial

112 663 110 29 court.
248 658 80 35 Hill
351 670 29 23 v.
406 659 112 40 State,
545 659 66 34 275
638 658 86 34 Ark.
751 660 55 39 71,
832 659 66 34 628
925 658 144 35 S.W.2d
1095 660 66 33 285
1190 658 137 43 (1982),

113 708 187 44 rehearing
310 707 133 36 denied.
458 709 92 34 Even
563 708 258 44 inflammatory
833 708 150 44 pictures
996 719 59 24 are
1067 708 199 35 admissible
1278 708 53 35 “if

113 758 82 44 they
215 757 82 35 tend
317 763 35 29 to
371 758 84 34 shed
475 758 87 43 light
581 769 44 23 on
645 769 68 32 any
733 758 90 35 issue
842 769 37 23 or
899 769 60 24 are
977 758 114 35 useful
1111 763 35 30 to
1166 759 122 34 enable
1307 770 20 23 a

114 808 138 34 witness
271 813 35 29 to
326 808 111 35 better
455 808 157 35 describe
631 808 60 35 the
709 808 131 44 objects
859 808 185 44 portrayed
1063 820 38 23 or
1120 809 59 34 the
1194 809 80 44 jury
1293 814 35 29 to

114 858 112 35 better
246 858 211 35 understand
476 858 59 35 the
553 858 187 44 testimony
759 869 37 24 or
815 863 35 30 to
869 859 221 34 corroborate
1108 859 219 44 testimony.”

114 910 133 41 Prunty
261 920 30 23 v.
307 909 112 40 State,
436 910 63 33 271
519 909 85 34 Ark.
621 910 56 39 77,
694 909 67 34 607
778 908 143 35 S.W.2d
937 909 68 34 374
1022 908 125 44 (1980)
1167 909 163 44 (quoting

112 958 144 35 Sumlin
273 970 30 22 v.
321 959 113 40 State,
454 959 67 34 266
540 959 85 34 Ark.
645 960 80 40 709,
745 960 66 33 587
830 958 144 35 S.W.2d
994 960 63 33 571
1081 958 155 44 (1979)).
1255 959 74 35 The

114 1008 218 44 photograph
349 1008 38 35 of
400 1009 59 34 the
474 1008 125 35 wound
615 1020 71 23 was
703 1009 215 44 permissible
933 1009 94 34 since
1043 1009 26 35 it
1085 1010 243 34 corroborated

114 1058 61 34 Dr.
199 1059 152 33 Brown’s
371 1059 196 43 testimony.
588 1058 122 35 Fuller
727 1070 31 22 v.
778 1059 112 39 State,
912 1070 119 32 supra.

1261 269 63 33 123

300 1144 156 34 Exhibits
470 1145 18 33 5
503 1144 69 34 and
589 1145 40 33 19
642 1155 90 23 were
744 1144 170 35 admitted
926 1145 73 34 into
1011 1144 163 35 evidence
1185 1145 144 34 without

114 1204 45 23 an
188 1193 172 43 objection
388 1194 44 42 by
461 1194 177 43 appellant
666 1205 37 23 as
732 1199 35 29 to
794 1194 116 35 unfair
938 1194 187 44 prejudice,
1154 1195 79 34 thus
1261 1195 67 34 this

114 1248 185 37 argument
310 1248 126 29 cannot
446 1243 43 34 be
500 1243 113 34 raised
624 1243 54 34 for
688 1244 60 34 the
757 1244 74 34 first
841 1244 85 34 time
936 1255 44 23 on
991 1244 135 44 appeal.
1138 1244 190 35 Neverthe­

114 1292 77 41 less,
206 1292 60 34 the
279 1292 79 35 trial
369 1292 107 43 judge
489 1293 59 34 did
563 1298 60 29 not
636 1293 109 34 abuse
758 1293 52 34 his
823 1293 186 35 discretion
1023 1294 35 34 in
1072 1294 185 43 admitting
1271 1294 59 34 the

114 1342 151 43 pictures
285 1342 93 35 since
397 1342 81 44 they
496 1354 90 23 were
604 1343 86 34 used
709 1343 45 44 by
772 1343 243 44 investigating
1035 1344 133 34 officers
1187 1344 34 34 in
1241 1344 89 34 their

114 1392 187 44 testimony
328 1397 35 30 to
389 1392 236 35 demonstrate
651 1393 115 35 where
792 1393 58 35 the
877 1393 109 35 bullet
1012 1394 51 34 hit
1090 1394 59 34 the
1175 1405 59 24 car
1261 1394 68 35 and

114 1442 180 35 deflected.

206 1529 189 43 Appellant
415 1534 81 29 next
516 1529 167 34 contends
704 1530 76 34 that
800 1530 59 34 the
879 1535 205 29 statements
1105 1530 102 35 made
1227 1530 45 44 by
1294 1532 34 32 5-

114 1578 157 43 year-old
296 1578 101 44 Patty
422 1579 143 34 Daniels
589 1584 36 29 to
648 1579 60 34 the
732 1579 110 44 police
865 1590 89 24 were
978 1580 147 43 hearsay
1149 1580 68 34 and
1241 1591 89 23 were

114 1627 175 35 therefore
299 1628 246 35 inadmissible.
556 1629 183 44 Auxiliary
749 1630 140 44 Deputy
898 1630 110 44 Larry
1018 1630 153 35 Haskins
1181 1630 149 35 testified

114 1678 78 36 that
205 1679 43 35 he
259 1679 202 45 questioned
474 1680 103 44 Patty
589 1679 108 36 about
709 1680 93 35 what
813 1680 182 45 happened
1008 1680 69 36 and
1089 1680 61 36 she
1162 1680 71 36 told
1246 1680 83 43 him,

115 1730 95 35 “Yes
223 1730 69 35 this
306 1741 81 24 man
400 1730 77 36 shot
490 1742 59 33 my
562 1731 189 44 mommy.”
765 1731 71 35 She
848 1731 75 36 said
936 1743 20 24 a
970 1732 118 35 brown
1101 1732 101 35 truck
1214 1732 116 44 pulled

115 1791 47 32 up
175 1780 118 34 beside
306 1781 89 34 their
408 1792 59 23 car
481 1781 69 34 and
563 1782 62 33 her
638 1782 136 34 mother
787 1782 72 34 told
873 1782 59 34 the
945 1793 82 23 man
1040 1787 36 29 to
1089 1793 44 32 go
1146 1783 102 33 home
1262 1782 68 34 and

115 1830 61 33 she
199 1830 72 33 also
294 1830 75 33 said
392 1830 58 33 the
472 1841 82 22 man
578 1841 91 23 wore
691 1830 87 34 dark
799 1831 148 33 rimmed
970 1831 139 42 glasses.
1134 1832 102 41 Patty
1258 1831 72 34 told

116 1878 140 42 Deputy
272 1878 132 33 Sheriff
417 1878 118 42 Major
552 1879 217 33 McPherson
784 1879 77 33 that
876 1890 20 23 a
912 1890 83 23 man
1010 1879 36 34 in
1061 1890 21 23 a
1098 1879 117 34 brown
1230 1880 101 33 truck

114 1927 84 33 with
218 1926 88 34 dark
325 1926 135 35 framed
481 1927 129 42 glasses
631 1928 78 33 shot
729 1927 61 34 her
810 1938 154 33 mommy
984 1928 35 34 in
1039 1928 60 34 the
1118 1928 100 34 head.

300 2011 130 43 Patty’s
441 2016 205 29 statements
656 2016 36 29 to
701 2011 60 34 the
770 2012 110 42 police
889 2023 90 23 were
988 2012 148 43 hearsay
1146 2012 68 34 and
1224 2012 27 34 it
1260 2023 70 23 was

115 2070 94 24 error
225 2065 36 29 to
276 2060 110 35 admit
401 2060 106 35 them.
524 2060 97 44 They
636 2060 45 35 do
697 2066 59 29 not
771 2060 62 35 fall
848 2061 120 35 within
983 2061 60 35 the
1058 2061 97 35 Unif.
1173 2062 42 34 R.
1232 2061 96 35 Evid.

116 2109 126 44 803(3)
259 2110 179 45 exception
451 2111 187 44 governing
652 2116 204 30 statements
869 2111 39 36 of
918 2111 83 35 then
1015 2111 147 44 existing
1175 2117 106 30 states
1295 2112 39 35 of

115 2160 108 41 mind,
242 2160 148 35 because
407 2161 76 34 that
500 2161 181 44 exception
698 2161 82 35 does
798 2167 59 29 not
874 2162 138 34 include
1030 2162 43 35 “a
1091 2167 187 30 statement
1294 2162 40 35 of

115 2221 157 32 memory
292 2221 38 24 or
350 2210 107 35 belief
474 2216 35 29 to
530 2222 103 32 prove
653 2211 59 34 the
732 2211 72 35 fact
824 2212 239 34 remembered
1083 2223 38 23 or
1141 2212 188 34 believed.”

115 2260 132 43 Patty’s
275 2260 128 43 quoted
430 2260 230 35 declarations
688 2272 90 23 were
804 2261 238 34 inadmissible
1069 2272 37 24 as
1134 2262 82 43 they
1242 2273 90 23 were

115 2314 206 30 statements
337 2309 39 35 of
388 2310 61 34 her
465 2321 155 33 memory
636 2311 108 34 about
759 2310 59 35 the
834 2316 88 39 past,
939 2316 60 30 not
1014 2316 204 30 statements
1234 2311 40 34 of
1287 2322 44 23 an

115 2360 148 43 existing
282 2365 90 29 state
389 2360 39 34 of
443 2360 106 35 mind.
568 2361 104 34 State
688 2372 30 23 v.
737 2360 215 44 Abernathy,
972 2361 66 34 265
1058 2361 85 34 Ark.
1164 2362 79 40 218,
1264 2362 66 34 577

115 2409 145 35 S.W.2d
282 2411 63 34 591
372 2410 137 43 (1979).
