<?xml version='1.0' encoding='utf-8'?>
<alto xmlns="http://www.loc.gov/standards/alto/ns-v3#">
  <!--Created by Innodata R.E.D. RLI tool: 2017-04-25 06:27:27.353030-->
  <Description>
    <MeasurementUnit>pixel</MeasurementUnit>
    <sourceImageInformation>
      <fileName>32044078577194_00177_1.tif</fileName>
    </sourceImageInformation>
    <OCRProcessing ID="OP_1">
      <ocrProcessingStep>
        <processingStepDescription>Alto coordinates refer to the deskewed TIFF file. 
		To convert point (x, y) to original image (TIFF or JP2) apply transformation matrix T=(m00, m01, m10, m11, b0, b1) using the rule:
			T * (x,y) = (m00 * x + m01 * y + b0), (m10 * x + m11 * y + b1)</processingStepDescription>
        <processingStepSettings>RED.transform=(1.0, -0.0, 0.0, 1.0, 0.0, -0.0)</processingStepSettings>
      </ocrProcessingStep>
    </OCRProcessing>
  </Description>
  <Styles>
    <TextStyle FONTFAMILY="Times New Roman" FONTSIZE="10.50" FONTSTYLE="bold" FONTTYPE="serif" FONTWIDTH="proportional" ID="Style_2"/>
    <TextStyle FONTFAMILY="Times New Roman" FONTSIZE="10.50" FONTSTYLE="bold smallcaps" FONTTYPE="serif" FONTWIDTH="proportional" ID="Style_3"/>
    <TextStyle FONTFAMILY="Times New Roman" FONTSIZE="11.00" FONTTYPE="serif" FONTWIDTH="proportional" ID="Style_4"/>
    <TextStyle FONTFAMILY="Times New Roman" FONTSIZE="11.00" FONTSTYLE="italics" FONTTYPE="serif" FONTWIDTH="proportional" ID="Style_5"/>
  </Styles>
  <Tags>
    <StructureTag ID="b354-1" LABEL="pagelabel"/>
    <StructureTag ID="b354-5" LABEL="p"/>
    <StructureTag ID="b354-6" LABEL="p"/>
    <StructureTag ID="b354-7" LABEL="p"/>
    <StructureTag ID="b354-8" LABEL="p"/>
    <StructureTag ID="b354-9" LABEL="judges"/>
  </Tags>
  <Layout>
    <Page HEIGHT="2680" ID="PG_354" PHYSICAL_IMG_NR="354" WIDTH="1656">
      <PrintSpace HEIGHT="2680" HPOS="0" ID="PS_354" VPOS="0" WIDTH="1656">
        <TextBlock HEIGHT="34.0" HPOS="313.0" ID="BL_354.1" TAGREFS="b354-1" VPOS="276.0" WIDTH="67.0">
          <TextLine HEIGHT="34" HPOS="313" ID="TL_354.1.1" VPOS="276" WIDTH="67">
            <String CONTENT="322" HEIGHT="34" HPOS="313" ID="ST_354.1.1.1" STYLEREFS="Style_4" VPOS="276" WIDTH="67" WC="0.88" CC="000" TAGREFS=""/>
          </TextLine>
        </TextBlock>
        <TextBlock HEIGHT="740.0" HPOS="307.0" ID="BL_354.3" TAGREFS="b354-5" VPOS="417.0" WIDTH="1215.0">
          <TextLine HEIGHT="45" HPOS="402" ID="TL_354.3.1" VPOS="417" WIDTH="1119">
            <String CONTENT="It" HEIGHT="34" HPOS="496" ID="ST_354.3.1.3" STYLEREFS="Style_4" VPOS="418" WIDTH="31" WC="1.00" CC="00" TAGREFS=""/>
            <SP HPOS="527" ID="SP_354.3.1.4" VPOS="418" WIDTH="13"/>
            <String CONTENT="is" HEIGHT="34" HPOS="540" ID="ST_354.3.1.5" STYLEREFS="Style_4" VPOS="418" WIDTH="28" WC="1.00" CC="00" TAGREFS=""/>
            <SP HPOS="568" ID="SP_354.3.1.6" VPOS="418" WIDTH="13"/>
            <String CONTENT="first" HEIGHT="34" HPOS="581" ID="ST_354.3.1.7" STYLEREFS="Style_4" VPOS="418" WIDTH="74" WC="0.99" CC="00000" TAGREFS=""/>
            <SP HPOS="655" ID="SP_354.3.1.8" VPOS="417" WIDTH="13"/>
            <String CONTENT="contended" HEIGHT="35" HPOS="668" ID="ST_354.3.1.9" STYLEREFS="Style_4" VPOS="417" WIDTH="193" WC="0.97" CC="000000000" TAGREFS=""/>
            <SP HPOS="861" ID="SP_354.3.1.10" VPOS="418" WIDTH="14"/>
            <String CONTENT="that" HEIGHT="35" HPOS="875" ID="ST_354.3.1.11" STYLEREFS="Style_4" VPOS="418" WIDTH="76" WC="1.00" CC="0000" TAGREFS=""/>
            <SP HPOS="951" ID="SP_354.3.1.12" VPOS="418" WIDTH="14"/>
            <String CONTENT="the" HEIGHT="34" HPOS="965" ID="ST_354.3.1.13" STYLEREFS="Style_4" VPOS="418" WIDTH="59" WC="0.89" CC="000" TAGREFS=""/>
            <SP HPOS="1024" ID="SP_354.3.1.14" VPOS="418" WIDTH="13"/>
            <String CONTENT="appellant’s" HEIGHT="44" HPOS="1037" ID="ST_354.3.1.15" STYLEREFS="Style_4" VPOS="418" WIDTH="205" WC="0.83" CC="00000000090" TAGREFS=""/>
            <SP HPOS="1242" ID="SP_354.3.1.16" VPOS="418" WIDTH="14"/>
            <String CONTENT="signed" HEIGHT="44" HPOS="1256" ID="ST_354.3.1.17" STYLEREFS="Style_4" VPOS="418" WIDTH="120" WC="0.94" CC="000000" TAGREFS=""/>
            <SP HPOS="1376" ID="SP_354.3.1.18" VPOS="419" WIDTH="13"/>
            <String CONTENT="confes­" HEIGHT="34" HPOS="1389" ID="ST_354.3.1.19" STYLEREFS="Style_4" VPOS="419" WIDTH="132" WC="1.0" CC="0000000" TAGREFS=""/>
          </TextLine>
          <TextLine HEIGHT="44" HPOS="311" ID="TL_354.3.2" VPOS="467" WIDTH="1211">
            <String CONTENT="sion" HEIGHT="34" HPOS="311" ID="ST_354.3.2.1" STYLEREFS="Style_4" VPOS="467" WIDTH="73" WC="0.89" CC="0000" TAGREFS=""/>
            <SP HPOS="384" ID="SP_354.3.2.2" VPOS="478" WIDTH="26"/>
            <String CONTENT="was" HEIGHT="23" HPOS="410" ID="ST_354.3.2.3" STYLEREFS="Style_4" VPOS="478" WIDTH="70" WC="0.97" CC="000" TAGREFS=""/>
            <SP HPOS="480" ID="SP_354.3.2.4" VPOS="467" WIDTH="27"/>
            <String CONTENT="involuntary" HEIGHT="44" HPOS="507" ID="ST_354.3.2.5" STYLEREFS="Style_4" VPOS="467" WIDTH="218" WC="0.96" CC="00000000000" TAGREFS=""/>
            <SP HPOS="725" ID="SP_354.3.2.6" VPOS="467" WIDTH="25"/>
            <String CONTENT="and" HEIGHT="35" HPOS="750" ID="ST_354.3.2.7" STYLEREFS="Style_4" VPOS="467" WIDTH="69" WC="0.96" CC="000" TAGREFS=""/>
            <SP HPOS="819" ID="SP_354.3.2.8" VPOS="468" WIDTH="26"/>
            <String CONTENT="should" HEIGHT="34" HPOS="845" ID="ST_354.3.2.9" STYLEREFS="Style_4" VPOS="468" WIDTH="124" WC="0.93" CC="000000" TAGREFS=""/>
            <SP HPOS="969" ID="SP_354.3.2.10" VPOS="473" WIDTH="26"/>
            <String CONTENT="not" HEIGHT="29" HPOS="995" ID="ST_354.3.2.11" STYLEREFS="Style_4" VPOS="473" WIDTH="59" WC="0.77" CC="000" TAGREFS=""/>
            <SP HPOS="1054" ID="SP_354.3.2.12" VPOS="468" WIDTH="27"/>
            <String CONTENT="have" HEIGHT="34" HPOS="1081" ID="ST_354.3.2.13" STYLEREFS="Style_4" VPOS="468" WIDTH="86" WC="1.00" CC="0000" TAGREFS=""/>
            <SP HPOS="1167" ID="SP_354.3.2.14" VPOS="468" WIDTH="27"/>
            <String CONTENT="been" HEIGHT="34" HPOS="1194" ID="ST_354.3.2.15" STYLEREFS="Style_4" VPOS="468" WIDTH="86" WC="1.00" CC="0000" TAGREFS=""/>
            <SP HPOS="1280" ID="SP_354.3.2.16" VPOS="468" WIDTH="27"/>
            <String CONTENT="received" HEIGHT="35" HPOS="1307" ID="ST_354.3.2.17" STYLEREFS="Style_4" VPOS="468" WIDTH="154" WC="0.97" CC="00000000" TAGREFS=""/>
            <SP HPOS="1461" ID="SP_354.3.2.18" VPOS="469" WIDTH="26"/>
            <String CONTENT="in" HEIGHT="34" HPOS="1487" ID="ST_354.3.2.19" STYLEREFS="Style_4" VPOS="469" WIDTH="35" WC="0.52" CC="00" TAGREFS=""/>
          </TextLine>
          <TextLine HEIGHT="45" HPOS="311" ID="TL_354.3.3" VPOS="516" WIDTH="1211">
            <String CONTENT="evidence." HEIGHT="35" HPOS="311" ID="ST_354.3.3.1" STYLEREFS="Style_4" VPOS="516" WIDTH="171" WC="0.99" CC="000000000" TAGREFS=""/>
            <SP HPOS="482" ID="SP_354.3.3.2" VPOS="518" WIDTH="15"/>
            <String CONTENT="At" HEIGHT="33" HPOS="497" ID="ST_354.3.3.3" STYLEREFS="Style_4" VPOS="518" WIDTH="49" WC="1.00" CC="00" TAGREFS=""/>
            <SP HPOS="546" ID="SP_354.3.3.4" VPOS="517" WIDTH="14"/>
            <String CONTENT="the" HEIGHT="34" HPOS="560" ID="ST_354.3.3.5" STYLEREFS="Style_4" VPOS="517" WIDTH="59" WC="0.80" CC="000" TAGREFS=""/>
            <SP HPOS="619" ID="SP_354.3.3.6" VPOS="517" WIDTH="13"/>
            <String CONTENT="suppression" HEIGHT="43" HPOS="632" ID="ST_354.3.3.7" STYLEREFS="Style_4" VPOS="517" WIDTH="218" WC="1.00" CC="00000000000" TAGREFS=""/>
            <SP HPOS="850" ID="SP_354.3.3.8" VPOS="517" WIDTH="14"/>
            <String CONTENT="hearing" HEIGHT="43" HPOS="864" ID="ST_354.3.3.9" STYLEREFS="Style_4" VPOS="517" WIDTH="143" WC="0.99" CC="0000000" TAGREFS=""/>
            <SP HPOS="1007" ID="SP_354.3.3.10" VPOS="518" WIDTH="14"/>
            <String CONTENT="the" HEIGHT="33" HPOS="1021" ID="ST_354.3.3.11" STYLEREFS="Style_4" VPOS="518" WIDTH="59" WC="1.00" CC="000" TAGREFS=""/>
            <SP HPOS="1080" ID="SP_354.3.3.12" VPOS="518" WIDTH="14"/>
            <String CONTENT="appellant" HEIGHT="43" HPOS="1094" ID="ST_354.3.3.13" STYLEREFS="Style_4" VPOS="518" WIDTH="176" WC="0.91" CC="000000000" TAGREFS=""/>
            <SP HPOS="1270" ID="SP_354.3.3.14" VPOS="518" WIDTH="13"/>
            <String CONTENT="testified" HEIGHT="34" HPOS="1283" ID="ST_354.3.3.15" STYLEREFS="Style_4" VPOS="518" WIDTH="149" WC="1.00" CC="000000000" TAGREFS=""/>
            <SP HPOS="1432" ID="SP_354.3.3.16" VPOS="518" WIDTH="13"/>
            <String CONTENT="that" HEIGHT="35" HPOS="1445" ID="ST_354.3.3.17" STYLEREFS="Style_4" VPOS="518" WIDTH="77" WC="0.98" CC="0000" TAGREFS=""/>
          </TextLine>
          <TextLine HEIGHT="44" HPOS="310" ID="TL_354.3.4" VPOS="566" WIDTH="1212">
            <String CONTENT="the" HEIGHT="34" HPOS="310" ID="ST_354.3.4.1" STYLEREFS="Style_4" VPOS="566" WIDTH="59" WC="1.00" CC="000" TAGREFS=""/>
            <SP HPOS="369" ID="SP_354.3.4.2" VPOS="566" WIDTH="12"/>
            <String CONTENT="police" HEIGHT="44" HPOS="381" ID="ST_354.3.4.3" STYLEREFS="Style_4" VPOS="566" WIDTH="110" WC="0.97" CC="000000" TAGREFS=""/>
            <SP HPOS="491" ID="SP_354.3.4.4" VPOS="566" WIDTH="12"/>
            <String CONTENT="officers" HEIGHT="34" HPOS="503" ID="ST_354.3.4.5" STYLEREFS="Style_4" VPOS="566" WIDTH="133" WC="0.76" CC="00000000" TAGREFS=""/>
            <SP HPOS="636" ID="SP_354.3.4.6" VPOS="566" WIDTH="12"/>
            <String CONTENT="compelled" HEIGHT="44" HPOS="648" ID="ST_354.3.4.7" STYLEREFS="Style_4" VPOS="566" WIDTH="191" WC="0.91" CC="000000000" TAGREFS=""/>
            <SP HPOS="839" ID="SP_354.3.4.8" VPOS="567" WIDTH="13"/>
            <String CONTENT="him" HEIGHT="34" HPOS="852" ID="ST_354.3.4.9" STYLEREFS="Style_4" VPOS="567" WIDTH="73" WC="0.85" CC="000" TAGREFS=""/>
            <SP HPOS="925" ID="SP_354.3.4.10" VPOS="572" WIDTH="12"/>
            <String CONTENT="to" HEIGHT="29" HPOS="937" ID="ST_354.3.4.11" STYLEREFS="Style_4" VPOS="572" WIDTH="36" WC="1.00" CC="00" TAGREFS=""/>
            <SP HPOS="973" ID="SP_354.3.4.12" VPOS="567" WIDTH="12"/>
            <String CONTENT="sign" HEIGHT="43" HPOS="985" ID="ST_354.3.4.13" STYLEREFS="Style_4" VPOS="567" WIDTH="75" WC="0.93" CC="0000" TAGREFS=""/>
            <SP HPOS="1060" ID="SP_354.3.4.14" VPOS="567" WIDTH="13"/>
            <String CONTENT="the" HEIGHT="34" HPOS="1073" ID="ST_354.3.4.15" STYLEREFS="Style_4" VPOS="567" WIDTH="59" WC="0.97" CC="000" TAGREFS=""/>
            <SP HPOS="1132" ID="SP_354.3.4.16" VPOS="572" WIDTH="12"/>
            <String CONTENT="statement," HEIGHT="37" HPOS="1144" ID="ST_354.3.4.17" STYLEREFS="Style_4" VPOS="572" WIDTH="197" WC="0.97" CC="0000000000" TAGREFS=""/>
            <SP HPOS="1341" ID="SP_354.3.4.18" VPOS="568" WIDTH="13"/>
            <String CONTENT="which" HEIGHT="34" HPOS="1354" ID="ST_354.3.4.19" STYLEREFS="Style_4" VPOS="568" WIDTH="112" WC="0.94" CC="00000" TAGREFS=""/>
            <SP HPOS="1466" ID="SP_354.3.4.20" VPOS="568" WIDTH="13"/>
            <String CONTENT="he" HEIGHT="34" HPOS="1479" ID="ST_354.3.4.21" STYLEREFS="Style_4" VPOS="568" WIDTH="43" WC="1.00" CC="00" TAGREFS=""/>
          </TextLine>
          <TextLine HEIGHT="47" HPOS="310" ID="TL_354.3.5" VPOS="615" WIDTH="1212">
            <String CONTENT="said" HEIGHT="35" HPOS="310" ID="ST_354.3.5.1" STYLEREFS="Style_4" VPOS="615" WIDTH="74" WC="0.98" CC="0000" TAGREFS=""/>
            <SP HPOS="384" ID="SP_354.3.5.2" VPOS="626" WIDTH="17"/>
            <String CONTENT="was" HEIGHT="24" HPOS="401" ID="ST_354.3.5.3" STYLEREFS="Style_4" VPOS="626" WIDTH="70" WC="0.99" CC="000" TAGREFS=""/>
            <SP HPOS="471" ID="SP_354.3.5.4" VPOS="621" WIDTH="18"/>
            <String CONTENT="not" HEIGHT="30" HPOS="489" ID="ST_354.3.5.5" STYLEREFS="Style_4" VPOS="621" WIDTH="59" WC="0.80" CC="000" TAGREFS=""/>
            <SP HPOS="548" ID="SP_354.3.5.6" VPOS="621" WIDTH="17"/>
            <String CONTENT="true." HEIGHT="30" HPOS="565" ID="ST_354.3.5.7" STYLEREFS="Style_4" VPOS="621" WIDTH="86" WC="0.97" CC="00000" TAGREFS=""/>
            <SP HPOS="651" ID="SP_354.3.5.8" VPOS="616" WIDTH="19"/>
            <String CONTENT="The" HEIGHT="35" HPOS="670" ID="ST_354.3.5.9" STYLEREFS="Style_4" VPOS="616" WIDTH="74" WC="0.90" CC="000" TAGREFS=""/>
            <SP HPOS="744" ID="SP_354.3.5.10" VPOS="616" WIDTH="16"/>
            <String CONTENT="State" HEIGHT="35" HPOS="760" ID="ST_354.3.5.11" STYLEREFS="Style_4" VPOS="616" WIDTH="100" WC="1.00" CC="00000" TAGREFS=""/>
            <SP HPOS="860" ID="SP_354.3.5.12" VPOS="616" WIDTH="17"/>
            <String CONTENT="presented" HEIGHT="45" HPOS="877" ID="ST_354.3.5.13" STYLEREFS="Style_4" VPOS="616" WIDTH="181" WC="1.00" CC="000000000" TAGREFS=""/>
            <SP HPOS="1058" ID="SP_354.3.5.14" VPOS="617" WIDTH="18"/>
            <String CONTENT="convincing" HEIGHT="44" HPOS="1076" ID="ST_354.3.5.15" STYLEREFS="Style_4" VPOS="617" WIDTH="202" WC="0.84" CC="0000000000" TAGREFS=""/>
            <SP HPOS="1278" ID="SP_354.3.5.16" VPOS="617" WIDTH="17"/>
            <String CONTENT="proof" HEIGHT="45" HPOS="1295" ID="ST_354.3.5.17" STYLEREFS="Style_4" VPOS="617" WIDTH="103" WC="1.00" CC="00000" TAGREFS=""/>
            <SP HPOS="1398" ID="SP_354.3.5.18" VPOS="623" WIDTH="13"/>
            <String CONTENT="to" HEIGHT="29" HPOS="1411" ID="ST_354.3.5.19" STYLEREFS="Style_4" VPOS="623" WIDTH="35" WC="1.00" CC="00" TAGREFS=""/>
            <SP HPOS="1446" ID="SP_354.3.5.20" VPOS="618" WIDTH="18"/>
            <String CONTENT="the" HEIGHT="34" HPOS="1464" ID="ST_354.3.5.21" STYLEREFS="Style_4" VPOS="618" WIDTH="58" WC="1.00" CC="000" TAGREFS=""/>
          </TextLine>
          <TextLine HEIGHT="45" HPOS="309" ID="TL_354.3.6" VPOS="665" WIDTH="1213">
            <String CONTENT="contrary." HEIGHT="39" HPOS="309" ID="ST_354.3.6.1" STYLEREFS="Style_4" VPOS="671" WIDTH="171" WC="0.91" CC="000000000" TAGREFS=""/>
            <SP HPOS="480" ID="SP_354.3.6.2" VPOS="666" WIDTH="17"/>
            <String CONTENT="The" HEIGHT="35" HPOS="497" ID="ST_354.3.6.3" STYLEREFS="Style_4" VPOS="666" WIDTH="74" WC="1.00" CC="000" TAGREFS=""/>
            <SP HPOS="571" ID="SP_354.3.6.4" VPOS="665" WIDTH="14"/>
            <String CONTENT="officers" HEIGHT="36" HPOS="585" ID="ST_354.3.6.5" STYLEREFS="Style_4" VPOS="665" WIDTH="132" WC="0.73" CC="00000000" TAGREFS=""/>
            <SP HPOS="717" ID="SP_354.3.6.6" VPOS="666" WIDTH="16"/>
            <String CONTENT="testified" HEIGHT="35" HPOS="733" ID="ST_354.3.6.7" STYLEREFS="Style_4" VPOS="666" WIDTH="149" WC="0.98" CC="000000000" TAGREFS=""/>
            <SP HPOS="882" ID="SP_354.3.6.8" VPOS="667" WIDTH="15"/>
            <String CONTENT="that" HEIGHT="34" HPOS="897" ID="ST_354.3.6.9" STYLEREFS="Style_4" VPOS="667" WIDTH="76" WC="0.98" CC="0000" TAGREFS=""/>
            <SP HPOS="973" ID="SP_354.3.6.10" VPOS="667" WIDTH="16"/>
            <String CONTENT="Huffman" HEIGHT="35" HPOS="989" ID="ST_354.3.6.11" STYLEREFS="Style_4" VPOS="667" WIDTH="172" WC="0.80" CC="0000000" TAGREFS=""/>
            <SP HPOS="1161" ID="SP_354.3.6.12" VPOS="667" WIDTH="15"/>
            <String CONTENT="had" HEIGHT="35" HPOS="1176" ID="ST_354.3.6.13" STYLEREFS="Style_4" VPOS="667" WIDTH="70" WC="0.85" CC="000" TAGREFS=""/>
            <SP HPOS="1246" ID="SP_354.3.6.14" VPOS="673" WIDTH="14"/>
            <String CONTENT="not" HEIGHT="29" HPOS="1260" ID="ST_354.3.6.15" STYLEREFS="Style_4" VPOS="673" WIDTH="60" WC="0.97" CC="000" TAGREFS=""/>
            <SP HPOS="1320" ID="SP_354.3.6.16" VPOS="667" WIDTH="15"/>
            <String CONTENT="wanted" HEIGHT="35" HPOS="1335" ID="ST_354.3.6.17" STYLEREFS="Style_4" VPOS="667" WIDTH="136" WC="0.96" CC="000000" TAGREFS=""/>
            <SP HPOS="1471" ID="SP_354.3.6.18" VPOS="673" WIDTH="15"/>
            <String CONTENT="to" HEIGHT="29" HPOS="1486" ID="ST_354.3.6.19" STYLEREFS="Style_4" VPOS="673" WIDTH="36" WC="1.00" CC="00" TAGREFS=""/>
          </TextLine>
          <TextLine HEIGHT="42" HPOS="309" ID="TL_354.3.7" VPOS="716" WIDTH="1212">
            <String CONTENT="make" HEIGHT="34" HPOS="309" ID="ST_354.3.7.1" STYLEREFS="Style_4" VPOS="716" WIDTH="103" WC="0.90" CC="0000" TAGREFS=""/>
            <SP HPOS="412" ID="SP_354.3.7.2" VPOS="727" WIDTH="14"/>
            <String CONTENT="a" HEIGHT="23" HPOS="426" ID="ST_354.3.7.3" STYLEREFS="Style_4" VPOS="727" WIDTH="20" WC="1.00" CC="0" TAGREFS=""/>
            <SP HPOS="446" ID="SP_354.3.7.4" VPOS="721" WIDTH="15"/>
            <String CONTENT="statement" HEIGHT="29" HPOS="461" ID="ST_354.3.7.5" STYLEREFS="Style_4" VPOS="721" WIDTH="187" WC="1.00" CC="000000000" TAGREFS=""/>
            <SP HPOS="648" ID="SP_354.3.7.6" VPOS="716" WIDTH="14"/>
            <String CONTENT="when" HEIGHT="35" HPOS="662" ID="ST_354.3.7.7" STYLEREFS="Style_4" VPOS="716" WIDTH="99" WC="0.86" CC="0000" TAGREFS=""/>
            <SP HPOS="761" ID="SP_354.3.7.8" VPOS="717" WIDTH="14"/>
            <String CONTENT="he" HEIGHT="34" HPOS="775" ID="ST_354.3.7.9" STYLEREFS="Style_4" VPOS="717" WIDTH="44" WC="0.87" CC="00" TAGREFS=""/>
            <SP HPOS="819" ID="SP_354.3.7.10" VPOS="728" WIDTH="14"/>
            <String CONTENT="was" HEIGHT="23" HPOS="833" ID="ST_354.3.7.11" STYLEREFS="Style_4" VPOS="728" WIDTH="70" WC="1.00" CC="000" TAGREFS=""/>
            <SP HPOS="903" ID="SP_354.3.7.12" VPOS="716" WIDTH="15"/>
            <String CONTENT="arrested," HEIGHT="42" HPOS="918" ID="ST_354.3.7.13" STYLEREFS="Style_4" VPOS="716" WIDTH="165" WC="0.94" CC="000000000" TAGREFS=""/>
            <SP HPOS="1083" ID="SP_354.3.7.14" VPOS="717" WIDTH="15"/>
            <String CONTENT="but" HEIGHT="34" HPOS="1098" ID="ST_354.3.7.15" STYLEREFS="Style_4" VPOS="717" WIDTH="63" WC="0.99" CC="000" TAGREFS=""/>
            <SP HPOS="1161" ID="SP_354.3.7.16" VPOS="717" WIDTH="14"/>
            <String CONTENT="after" HEIGHT="35" HPOS="1175" ID="ST_354.3.7.17" STYLEREFS="Style_4" VPOS="717" WIDTH="91" WC="0.95" CC="00000" TAGREFS=""/>
            <SP HPOS="1266" ID="SP_354.3.7.18" VPOS="718" WIDTH="14"/>
            <String CONTENT="three" HEIGHT="34" HPOS="1280" ID="ST_354.3.7.19" STYLEREFS="Style_4" VPOS="718" WIDTH="98" WC="0.88" CC="00000" TAGREFS=""/>
            <SP HPOS="1378" ID="SP_354.3.7.20" VPOS="729" WIDTH="13"/>
            <String CONTENT="or" HEIGHT="23" HPOS="1391" ID="ST_354.3.7.21" STYLEREFS="Style_4" VPOS="729" WIDTH="38" WC="1.00" CC="00" TAGREFS=""/>
            <SP HPOS="1429" ID="SP_354.3.7.22" VPOS="718" WIDTH="14"/>
            <String CONTENT="four" HEIGHT="34" HPOS="1443" ID="ST_354.3.7.23" STYLEREFS="Style_4" VPOS="718" WIDTH="78" WC="1.00" CC="0000" TAGREFS=""/>
          </TextLine>
          <TextLine HEIGHT="43" HPOS="309" ID="TL_354.3.8" VPOS="765" WIDTH="1210">
            <String CONTENT="days" HEIGHT="43" HPOS="309" ID="ST_354.3.8.1" STYLEREFS="Style_4" VPOS="765" WIDTH="84" WC="0.96" CC="0000" TAGREFS=""/>
            <SP HPOS="393" ID="SP_354.3.8.2" VPOS="766" WIDTH="15"/>
            <String CONTENT="he" HEIGHT="36" HPOS="408" ID="ST_354.3.8.3" STYLEREFS="Style_4" VPOS="766" WIDTH="44" WC="0.72" CC="00" TAGREFS=""/>
            <SP HPOS="452" ID="SP_354.3.8.4" VPOS="765" WIDTH="13"/>
            <String CONTENT="said" HEIGHT="35" HPOS="465" ID="ST_354.3.8.5" STYLEREFS="Style_4" VPOS="765" WIDTH="75" WC="1.00" CC="0000" TAGREFS=""/>
            <SP HPOS="540" ID="SP_354.3.8.6" VPOS="766" WIDTH="14"/>
            <String CONTENT="he" HEIGHT="33" HPOS="554" ID="ST_354.3.8.7" STYLEREFS="Style_4" VPOS="766" WIDTH="44" WC="0.92" CC="00" TAGREFS=""/>
            <SP HPOS="598" ID="SP_354.3.8.8" VPOS="765" WIDTH="13"/>
            <String CONTENT="wanted" HEIGHT="35" HPOS="611" ID="ST_354.3.8.9" STYLEREFS="Style_4" VPOS="765" WIDTH="136" WC="0.84" CC="000000" TAGREFS=""/>
            <SP HPOS="747" ID="SP_354.3.8.10" VPOS="771" WIDTH="14"/>
            <String CONTENT="to" HEIGHT="29" HPOS="761" ID="ST_354.3.8.11" STYLEREFS="Style_4" VPOS="771" WIDTH="36" WC="1.00" CC="00" TAGREFS=""/>
            <SP HPOS="797" ID="SP_354.3.8.12" VPOS="777" WIDTH="14"/>
            <String CONTENT="see" HEIGHT="23" HPOS="811" ID="ST_354.3.8.13" STYLEREFS="Style_4" VPOS="777" WIDTH="57" WC="1.00" CC="000" TAGREFS=""/>
            <SP HPOS="868" ID="SP_354.3.8.14" VPOS="766" WIDTH="14"/>
            <String CONTENT="the" HEIGHT="34" HPOS="882" ID="ST_354.3.8.15" STYLEREFS="Style_4" VPOS="766" WIDTH="59" WC="1.00" CC="000" TAGREFS=""/>
            <SP HPOS="941" ID="SP_354.3.8.16" VPOS="767" WIDTH="14"/>
            <String CONTENT="sheriff" HEIGHT="34" HPOS="955" ID="ST_354.3.8.17" STYLEREFS="Style_4" VPOS="767" WIDTH="123" WC="0.78" CC="0000000" TAGREFS=""/>
            <SP HPOS="1078" ID="SP_354.3.8.18" VPOS="767" WIDTH="11"/>
            <String CONTENT="and" HEIGHT="34" HPOS="1089" ID="ST_354.3.8.19" STYLEREFS="Style_4" VPOS="767" WIDTH="68" WC="1.00" CC="000" TAGREFS=""/>
            <SP HPOS="1157" ID="SP_354.3.8.20" VPOS="767" WIDTH="15"/>
            <String CONTENT="make" HEIGHT="34" HPOS="1172" ID="ST_354.3.8.21" STYLEREFS="Style_4" VPOS="767" WIDTH="103" WC="1.00" CC="0000" TAGREFS=""/>
            <SP HPOS="1275" ID="SP_354.3.8.22" VPOS="778" WIDTH="13"/>
            <String CONTENT="a" HEIGHT="23" HPOS="1288" ID="ST_354.3.8.23" STYLEREFS="Style_4" VPOS="778" WIDTH="20" WC="1.00" CC="0" TAGREFS=""/>
            <SP HPOS="1308" ID="SP_354.3.8.24" VPOS="772" WIDTH="15"/>
            <String CONTENT="statement." HEIGHT="30" HPOS="1323" ID="ST_354.3.8.25" STYLEREFS="Style_4" VPOS="772" WIDTH="196" WC="0.92" CC="0000000000" TAGREFS=""/>
          </TextLine>
          <TextLine HEIGHT="43" HPOS="309" ID="TL_354.3.9" VPOS="814" WIDTH="1211">
            <String CONTENT="According" HEIGHT="43" HPOS="309" ID="ST_354.3.9.1" STYLEREFS="Style_4" VPOS="814" WIDTH="197" WC="0.93" CC="000000000" TAGREFS=""/>
            <SP HPOS="506" ID="SP_354.3.9.2" VPOS="820" WIDTH="13"/>
            <String CONTENT="to" HEIGHT="28" HPOS="519" ID="ST_354.3.9.3" STYLEREFS="Style_4" VPOS="820" WIDTH="35" WC="1.00" CC="00" TAGREFS=""/>
            <SP HPOS="554" ID="SP_354.3.9.4" VPOS="815" WIDTH="12"/>
            <String CONTENT="the" HEIGHT="33" HPOS="566" ID="ST_354.3.9.5" STYLEREFS="Style_4" VPOS="815" WIDTH="59" WC="1.00" CC="000" TAGREFS=""/>
            <SP HPOS="625" ID="SP_354.3.9.6" VPOS="815" WIDTH="12"/>
            <String CONTENT="officers," HEIGHT="40" HPOS="637" ID="ST_354.3.9.7" STYLEREFS="Style_4" VPOS="815" WIDTH="144" WC="0.74" CC="000000000" TAGREFS=""/>
            <SP HPOS="781" ID="SP_354.3.9.8" VPOS="815" WIDTH="14"/>
            <String CONTENT="Huffman" HEIGHT="34" HPOS="795" ID="ST_354.3.9.9" STYLEREFS="Style_4" VPOS="815" WIDTH="173" WC="0.77" CC="0000000" TAGREFS=""/>
            <SP HPOS="968" ID="SP_354.3.9.10" VPOS="815" WIDTH="13"/>
            <String CONTENT="made" HEIGHT="35" HPOS="981" ID="ST_354.3.9.11" STYLEREFS="Style_4" VPOS="815" WIDTH="102" WC="1.00" CC="0000" TAGREFS=""/>
            <SP HPOS="1083" ID="SP_354.3.9.12" VPOS="816" WIDTH="12"/>
            <String CONTENT="the" HEIGHT="34" HPOS="1095" ID="ST_354.3.9.13" STYLEREFS="Style_4" VPOS="816" WIDTH="59" WC="0.84" CC="000" TAGREFS=""/>
            <SP HPOS="1154" ID="SP_354.3.9.14" VPOS="821" WIDTH="12"/>
            <String CONTENT="statement" HEIGHT="29" HPOS="1166" ID="ST_354.3.9.15" STYLEREFS="Style_4" VPOS="821" WIDTH="187" WC="0.94" CC="000000000" TAGREFS=""/>
            <SP HPOS="1353" ID="SP_354.3.9.16" VPOS="817" WIDTH="11"/>
            <String CONTENT="volunta­" HEIGHT="34" HPOS="1364" ID="ST_354.3.9.17" STYLEREFS="Style_4" VPOS="817" WIDTH="156" WC="1.0" CC="00000000" TAGREFS=""/>
          </TextLine>
          <TextLine HEIGHT="46" HPOS="309" ID="TL_354.3.10" VPOS="863" WIDTH="1212">
            <String CONTENT="rily." HEIGHT="43" HPOS="309" ID="ST_354.3.10.1" STYLEREFS="Style_4" VPOS="863" WIDTH="74" WC="1.00" CC="00000" TAGREFS=""/>
            <SP HPOS="383" ID="SP_354.3.10.2" VPOS="864" WIDTH="16"/>
            <String CONTENT="At" HEIGHT="33" HPOS="399" ID="ST_354.3.10.3" STYLEREFS="Style_4" VPOS="864" WIDTH="49" WC="0.98" CC="00" TAGREFS=""/>
            <SP HPOS="448" ID="SP_354.3.10.4" VPOS="863" WIDTH="15"/>
            <String CONTENT="the" HEIGHT="34" HPOS="463" ID="ST_354.3.10.5" STYLEREFS="Style_4" VPOS="863" WIDTH="58" WC="1.00" CC="000" TAGREFS=""/>
            <SP HPOS="521" ID="SP_354.3.10.6" VPOS="864" WIDTH="15"/>
            <String CONTENT="hearing" HEIGHT="42" HPOS="536" ID="ST_354.3.10.7" STYLEREFS="Style_4" VPOS="864" WIDTH="143" WC="0.95" CC="0000000" TAGREFS=""/>
            <SP HPOS="679" ID="SP_354.3.10.8" VPOS="863" WIDTH="16"/>
            <String CONTENT="Huffman" HEIGHT="35" HPOS="695" ID="ST_354.3.10.9" STYLEREFS="Style_4" VPOS="863" WIDTH="171" WC="0.66" CC="0000000" TAGREFS=""/>
            <SP HPOS="866" ID="SP_354.3.10.10" VPOS="864" WIDTH="16"/>
            <String CONTENT="admitted" HEIGHT="34" HPOS="882" ID="ST_354.3.10.11" STYLEREFS="Style_4" VPOS="864" WIDTH="170" WC="0.95" CC="00000000" TAGREFS=""/>
            <SP HPOS="1052" ID="SP_354.3.10.12" VPOS="865" WIDTH="15"/>
            <String CONTENT="the" HEIGHT="34" HPOS="1067" ID="ST_354.3.10.13" STYLEREFS="Style_4" VPOS="865" WIDTH="59" WC="1.00" CC="000" TAGREFS=""/>
            <SP HPOS="1126" ID="SP_354.3.10.14" VPOS="865" WIDTH="15"/>
            <String CONTENT="truth" HEIGHT="34" HPOS="1141" ID="ST_354.3.10.15" STYLEREFS="Style_4" VPOS="865" WIDTH="96" WC="0.91" CC="00000" TAGREFS=""/>
            <SP HPOS="1237" ID="SP_354.3.10.16" VPOS="865" WIDTH="14"/>
            <String CONTENT="of" HEIGHT="34" HPOS="1251" ID="ST_354.3.10.17" STYLEREFS="Style_4" VPOS="865" WIDTH="40" WC="1.00" CC="00" TAGREFS=""/>
            <SP HPOS="1291" ID="SP_354.3.10.18" VPOS="870" WIDTH="11"/>
            <String CONTENT="parts" HEIGHT="39" HPOS="1302" ID="ST_354.3.10.19" STYLEREFS="Style_4" VPOS="870" WIDTH="95" WC="0.96" CC="00000" TAGREFS=""/>
            <SP HPOS="1397" ID="SP_354.3.10.20" VPOS="865" WIDTH="14"/>
            <String CONTENT="of" HEIGHT="34" HPOS="1411" ID="ST_354.3.10.21" STYLEREFS="Style_4" VPOS="865" WIDTH="40" WC="0.94" CC="00" TAGREFS=""/>
            <SP HPOS="1451" ID="SP_354.3.10.22" VPOS="866" WIDTH="11"/>
            <String CONTENT="the" HEIGHT="34" HPOS="1462" ID="ST_354.3.10.23" STYLEREFS="Style_4" VPOS="866" WIDTH="59" WC="0.85" CC="000" TAGREFS=""/>
          </TextLine>
          <TextLine HEIGHT="47" HPOS="308" ID="TL_354.3.11" VPOS="911" WIDTH="1211">
            <String CONTENT="statement," HEIGHT="36" HPOS="308" ID="ST_354.3.11.1" STYLEREFS="Style_4" VPOS="917" WIDTH="198" WC="0.92" CC="0000000000" TAGREFS=""/>
            <SP HPOS="506" ID="SP_354.3.11.2" VPOS="913" WIDTH="12"/>
            <String CONTENT="relating" HEIGHT="42" HPOS="518" ID="ST_354.3.11.3" STYLEREFS="Style_4" VPOS="913" WIDTH="147" WC="1.00" CC="00000000" TAGREFS=""/>
            <SP HPOS="665" ID="SP_354.3.11.4" VPOS="918" WIDTH="11"/>
            <String CONTENT="to" HEIGHT="29" HPOS="676" ID="ST_354.3.11.5" STYLEREFS="Style_4" VPOS="918" WIDTH="36" WC="1.00" CC="00" TAGREFS=""/>
            <SP HPOS="712" ID="SP_354.3.11.6" VPOS="913" WIDTH="11"/>
            <String CONTENT="his" HEIGHT="34" HPOS="723" ID="ST_354.3.11.7" STYLEREFS="Style_4" VPOS="913" WIDTH="52" WC="1.00" CC="000" TAGREFS=""/>
            <SP HPOS="775" ID="SP_354.3.11.8" VPOS="911" WIDTH="11"/>
            <String CONTENT="childhood" HEIGHT="37" HPOS="786" ID="ST_354.3.11.9" STYLEREFS="Style_4" VPOS="911" WIDTH="186" WC="0.97" CC="000000000" TAGREFS=""/>
            <SP HPOS="972" ID="SP_354.3.11.10" VPOS="913" WIDTH="11"/>
            <String CONTENT="and" HEIGHT="34" HPOS="983" ID="ST_354.3.11.11" STYLEREFS="Style_4" VPOS="913" WIDTH="69" WC="0.81" CC="000" TAGREFS=""/>
            <SP HPOS="1052" ID="SP_354.3.11.12" VPOS="914" WIDTH="12"/>
            <String CONTENT="his" HEIGHT="34" HPOS="1064" ID="ST_354.3.11.13" STYLEREFS="Style_4" VPOS="914" WIDTH="52" WC="0.79" CC="000" TAGREFS=""/>
            <SP HPOS="1116" ID="SP_354.3.11.14" VPOS="914" WIDTH="11"/>
            <String CONTENT="first" HEIGHT="34" HPOS="1127" ID="ST_354.3.11.15" STYLEREFS="Style_4" VPOS="914" WIDTH="75" WC="0.99" CC="00000" TAGREFS=""/>
            <SP HPOS="1202" ID="SP_354.3.11.16" VPOS="914" WIDTH="7"/>
            <String CONTENT="job." HEIGHT="43" HPOS="1209" ID="ST_354.3.11.17" STYLEREFS="Style_4" VPOS="914" WIDTH="72" WC="1.00" CC="0000" TAGREFS=""/>
            <SP HPOS="1281" ID="SP_354.3.11.18" VPOS="914" WIDTH="14"/>
            <String CONTENT="His" HEIGHT="34" HPOS="1295" ID="ST_354.3.11.19" STYLEREFS="Style_4" VPOS="914" WIDTH="64" WC="0.76" CC="000" TAGREFS=""/>
            <SP HPOS="1359" ID="SP_354.3.11.20" VPOS="914" WIDTH="12"/>
            <String CONTENT="descrip­" HEIGHT="44" HPOS="1371" ID="ST_354.3.11.21" STYLEREFS="Style_4" VPOS="914" WIDTH="148" WC="1.0" CC="00000000" TAGREFS=""/>
          </TextLine>
          <TextLine HEIGHT="46" HPOS="308" ID="TL_354.3.12" VPOS="961" WIDTH="1212">
            <String CONTENT="tion" HEIGHT="35" HPOS="308" ID="ST_354.3.12.1" STYLEREFS="Style_4" VPOS="961" WIDTH="72" WC="0.94" CC="0000" TAGREFS=""/>
            <SP HPOS="380" ID="SP_354.3.12.2" VPOS="961" WIDTH="16"/>
            <String CONTENT="of" HEIGHT="35" HPOS="396" ID="ST_354.3.12.3" STYLEREFS="Style_4" VPOS="961" WIDTH="39" WC="1.00" CC="00" TAGREFS=""/>
            <SP HPOS="435" ID="SP_354.3.12.4" VPOS="961" WIDTH="13"/>
            <String CONTENT="the" HEIGHT="35" HPOS="448" ID="ST_354.3.12.5" STYLEREFS="Style_4" VPOS="961" WIDTH="60" WC="0.96" CC="000" TAGREFS=""/>
            <SP HPOS="508" ID="SP_354.3.12.6" VPOS="962" WIDTH="15"/>
            <String CONTENT="criminal" HEIGHT="34" HPOS="523" ID="ST_354.3.12.7" STYLEREFS="Style_4" VPOS="962" WIDTH="157" WC="0.98" CC="00000000" TAGREFS=""/>
            <SP HPOS="680" ID="SP_354.3.12.8" VPOS="962" WIDTH="17"/>
            <String CONTENT="incident" HEIGHT="35" HPOS="697" ID="ST_354.3.12.9" STYLEREFS="Style_4" VPOS="962" WIDTH="152" WC="0.97" CC="00000000" TAGREFS=""/>
            <SP HPOS="849" ID="SP_354.3.12.10" VPOS="973" WIDTH="16"/>
            <String CONTENT="was" HEIGHT="24" HPOS="865" ID="ST_354.3.12.11" STYLEREFS="Style_4" VPOS="973" WIDTH="70" WC="0.91" CC="000" TAGREFS=""/>
            <SP HPOS="935" ID="SP_354.3.12.12" VPOS="963" WIDTH="17"/>
            <String CONTENT="the" HEIGHT="34" HPOS="952" ID="ST_354.3.12.13" STYLEREFS="Style_4" VPOS="963" WIDTH="59" WC="0.87" CC="000" TAGREFS=""/>
            <SP HPOS="1011" ID="SP_354.3.12.14" VPOS="974" WIDTH="15"/>
            <String CONTENT="same" HEIGHT="23" HPOS="1026" ID="ST_354.3.12.15" STYLEREFS="Style_4" VPOS="974" WIDTH="96" WC="1.00" CC="0000" TAGREFS=""/>
            <SP HPOS="1122" ID="SP_354.3.12.16" VPOS="974" WIDTH="16"/>
            <String CONTENT="as" HEIGHT="24" HPOS="1138" ID="ST_354.3.12.17" STYLEREFS="Style_4" VPOS="974" WIDTH="38" WC="1.00" CC="00" TAGREFS=""/>
            <SP HPOS="1176" ID="SP_354.3.12.18" VPOS="964" WIDTH="16"/>
            <String CONTENT="that" HEIGHT="34" HPOS="1192" ID="ST_354.3.12.19" STYLEREFS="Style_4" VPOS="964" WIDTH="77" WC="0.97" CC="0000" TAGREFS=""/>
            <SP HPOS="1269" ID="SP_354.3.12.20" VPOS="964" WIDTH="15"/>
            <String CONTENT="given" HEIGHT="43" HPOS="1284" ID="ST_354.3.12.21" STYLEREFS="Style_4" VPOS="964" WIDTH="100" WC="0.82" CC="00000" TAGREFS=""/>
            <SP HPOS="1384" ID="SP_354.3.12.22" VPOS="964" WIDTH="17"/>
            <String CONTENT="by" HEIGHT="43" HPOS="1401" ID="ST_354.3.12.23" STYLEREFS="Style_4" VPOS="964" WIDTH="45" WC="0.86" CC="00" TAGREFS=""/>
            <SP HPOS="1446" ID="SP_354.3.12.24" VPOS="964" WIDTH="15"/>
            <String CONTENT="the" HEIGHT="34" HPOS="1461" ID="ST_354.3.12.25" STYLEREFS="Style_4" VPOS="964" WIDTH="59" WC="0.99" CC="000" TAGREFS=""/>
          </TextLine>
          <TextLine HEIGHT="45" HPOS="308" ID="TL_354.3.13" VPOS="1011" WIDTH="1212">
            <String CONTENT="child" HEIGHT="35" HPOS="308" ID="ST_354.3.13.1" STYLEREFS="Style_4" VPOS="1011" WIDTH="92" WC="0.68" CC="00000" TAGREFS=""/>
            <SP HPOS="400" ID="SP_354.3.13.2" VPOS="1011" WIDTH="28"/>
            <String CONTENT="in" HEIGHT="35" HPOS="428" ID="ST_354.3.13.3" STYLEREFS="Style_4" VPOS="1011" WIDTH="34" WC="0.90" CC="00" TAGREFS=""/>
            <SP HPOS="462" ID="SP_354.3.13.4" VPOS="1011" WIDTH="28"/>
            <String CONTENT="her" HEIGHT="35" HPOS="490" ID="ST_354.3.13.5" STYLEREFS="Style_4" VPOS="1011" WIDTH="61" WC="0.98" CC="000" TAGREFS=""/>
            <SP HPOS="551" ID="SP_354.3.13.6" VPOS="1011" WIDTH="27"/>
            <String CONTENT="testimony" HEIGHT="45" HPOS="578" ID="ST_354.3.13.7" STYLEREFS="Style_4" VPOS="1011" WIDTH="186" WC="0.96" CC="000000000" TAGREFS=""/>
            <SP HPOS="764" ID="SP_354.3.13.8" VPOS="1017" WIDTH="27"/>
            <String CONTENT="at" HEIGHT="30" HPOS="791" ID="ST_354.3.13.9" STYLEREFS="Style_4" VPOS="1017" WIDTH="37" WC="1.00" CC="00" TAGREFS=""/>
            <SP HPOS="828" ID="SP_354.3.13.10" VPOS="1012" WIDTH="27"/>
            <String CONTENT="the" HEIGHT="35" HPOS="855" ID="ST_354.3.13.11" STYLEREFS="Style_4" VPOS="1012" WIDTH="59" WC="0.84" CC="000" TAGREFS=""/>
            <SP HPOS="914" ID="SP_354.3.13.12" VPOS="1012" WIDTH="27"/>
            <String CONTENT="trial." HEIGHT="35" HPOS="941" ID="ST_354.3.13.13" STYLEREFS="Style_4" VPOS="1012" WIDTH="90" WC="0.91" CC="000000" TAGREFS=""/>
            <SP HPOS="1031" ID="SP_354.3.13.14" VPOS="1013" WIDTH="29"/>
            <String CONTENT="We" HEIGHT="35" HPOS="1060" ID="ST_354.3.13.15" STYLEREFS="Style_4" VPOS="1013" WIDTH="66" WC="1.00" CC="00" TAGREFS=""/>
            <SP HPOS="1126" ID="SP_354.3.13.16" VPOS="1013" WIDTH="27"/>
            <String CONTENT="have" HEIGHT="35" HPOS="1153" ID="ST_354.3.13.17" STYLEREFS="Style_4" VPOS="1013" WIDTH="87" WC="0.94" CC="0000" TAGREFS=""/>
            <SP HPOS="1240" ID="SP_354.3.13.18" VPOS="1013" WIDTH="27"/>
            <String CONTENT="reviewed" HEIGHT="35" HPOS="1267" ID="ST_354.3.13.19" STYLEREFS="Style_4" VPOS="1013" WIDTH="166" WC="0.97" CC="00000000" TAGREFS=""/>
            <SP HPOS="1433" ID="SP_354.3.13.20" VPOS="1014" WIDTH="28"/>
            <String CONTENT="the" HEIGHT="35" HPOS="1461" ID="ST_354.3.13.21" STYLEREFS="Style_4" VPOS="1014" WIDTH="59" WC="0.89" CC="000" TAGREFS=""/>
          </TextLine>
          <TextLine HEIGHT="46" HPOS="308" ID="TL_354.3.14" VPOS="1061" WIDTH="1212">
            <String CONTENT="testimony" HEIGHT="45" HPOS="308" ID="ST_354.3.14.1" STYLEREFS="Style_4" VPOS="1061" WIDTH="185" WC="0.83" CC="000000000" TAGREFS=""/>
            <SP HPOS="493" ID="SP_354.3.14.2" VPOS="1062" WIDTH="21"/>
            <String CONTENT="taken" HEIGHT="34" HPOS="514" ID="ST_354.3.14.3" STYLEREFS="Style_4" VPOS="1062" WIDTH="104" WC="0.99" CC="00000" TAGREFS=""/>
            <SP HPOS="618" ID="SP_354.3.14.4" VPOS="1067" WIDTH="21"/>
            <String CONTENT="at" HEIGHT="30" HPOS="639" ID="ST_354.3.14.5" STYLEREFS="Style_4" VPOS="1067" WIDTH="37" WC="1.00" CC="00" TAGREFS=""/>
            <SP HPOS="676" ID="SP_354.3.14.6" VPOS="1062" WIDTH="21"/>
            <String CONTENT="the" HEIGHT="35" HPOS="697" ID="ST_354.3.14.7" STYLEREFS="Style_4" VPOS="1062" WIDTH="59" WC="0.85" CC="000" TAGREFS=""/>
            <SP HPOS="756" ID="SP_354.3.14.8" VPOS="1063" WIDTH="20"/>
            <String CONTENT="suppression" HEIGHT="44" HPOS="776" ID="ST_354.3.14.9" STYLEREFS="Style_4" VPOS="1063" WIDTH="218" WC="0.90" CC="00000000000" TAGREFS=""/>
            <SP HPOS="994" ID="SP_354.3.14.10" VPOS="1063" WIDTH="22"/>
            <String CONTENT="hearing" HEIGHT="44" HPOS="1016" ID="ST_354.3.14.11" STYLEREFS="Style_4" VPOS="1063" WIDTH="144" WC="0.86" CC="0000000" TAGREFS=""/>
            <SP HPOS="1160" ID="SP_354.3.14.12" VPOS="1063" WIDTH="21"/>
            <String CONTENT="and" HEIGHT="35" HPOS="1181" ID="ST_354.3.14.13" STYLEREFS="Style_4" VPOS="1063" WIDTH="69" WC="0.99" CC="000" TAGREFS=""/>
            <SP HPOS="1250" ID="SP_354.3.14.14" VPOS="1064" WIDTH="21"/>
            <String CONTENT="find" HEIGHT="34" HPOS="1271" ID="ST_354.3.14.15" STYLEREFS="Style_4" VPOS="1064" WIDTH="71" WC="0.86" CC="0000" TAGREFS=""/>
            <SP HPOS="1342" ID="SP_354.3.14.16" VPOS="1064" WIDTH="22"/>
            <String CONTENT="that" HEIGHT="35" HPOS="1364" ID="ST_354.3.14.17" STYLEREFS="Style_4" VPOS="1064" WIDTH="76" WC="0.79" CC="0000" TAGREFS=""/>
            <SP HPOS="1440" ID="SP_354.3.14.18" VPOS="1064" WIDTH="21"/>
            <String CONTENT="the" HEIGHT="35" HPOS="1461" ID="ST_354.3.14.19" STYLEREFS="Style_4" VPOS="1064" WIDTH="59" WC="1.00" CC="000" TAGREFS=""/>
          </TextLine>
          <TextLine HEIGHT="45" HPOS="307" ID="TL_354.3.15" VPOS="1112" WIDTH="635">
            <String CONTENT="statement" HEIGHT="29" HPOS="307" ID="ST_354.3.15.1" STYLEREFS="Style_4" VPOS="1117" WIDTH="187" WC="0.93" CC="000000000" TAGREFS=""/>
            <SP HPOS="494" ID="SP_354.3.15.2" VPOS="1123" WIDTH="20"/>
            <String CONTENT="was" HEIGHT="24" HPOS="514" ID="ST_354.3.15.3" STYLEREFS="Style_4" VPOS="1123" WIDTH="69" WC="0.91" CC="000" TAGREFS=""/>
            <SP HPOS="583" ID="SP_354.3.15.4" VPOS="1112" WIDTH="20"/>
            <String CONTENT="voluntarily" HEIGHT="45" HPOS="603" ID="ST_354.3.15.5" STYLEREFS="Style_4" VPOS="1112" WIDTH="207" WC="0.98" CC="00000000000" TAGREFS=""/>
            <SP HPOS="810" ID="SP_354.3.15.6" VPOS="1113" WIDTH="19"/>
            <String CONTENT="made." HEIGHT="35" HPOS="829" ID="ST_354.3.15.7" STYLEREFS="Style_4" VPOS="1113" WIDTH="113" WC="0.89" CC="00000" TAGREFS=""/>
          </TextLine>
        </TextBlock>
        <TextBlock HEIGHT="590.0" HPOS="303.0" ID="BL_354.4" TAGREFS="b354-6" VPOS="1232.0" WIDTH="1216.0">
          <TextLine HEIGHT="44" HPOS="398" ID="TL_354.4.1" VPOS="1232" WIDTH="1121">
            <String CONTENT="A" HEIGHT="33" HPOS="490" ID="ST_354.4.1.3" STYLEREFS="Style_4" VPOS="1234" WIDTH="34" WC="1.00" CC="0" TAGREFS=""/>
            <SP HPOS="524" ID="SP_354.4.1.4" VPOS="1233" WIDTH="26"/>
            <String CONTENT="second" HEIGHT="34" HPOS="550" ID="ST_354.4.1.5" STYLEREFS="Style_4" VPOS="1233" WIDTH="126" WC="0.92" CC="000000" TAGREFS=""/>
            <SP HPOS="676" ID="SP_354.4.1.6" VPOS="1239" WIDTH="27"/>
            <String CONTENT="argument" HEIGHT="37" HPOS="703" ID="ST_354.4.1.7" STYLEREFS="Style_4" VPOS="1239" WIDTH="184" WC="0.93" CC="00000000" TAGREFS=""/>
            <SP HPOS="887" ID="SP_354.4.1.8" VPOS="1234" WIDTH="27"/>
            <String CONTENT="is" HEIGHT="34" HPOS="914" ID="ST_354.4.1.9" STYLEREFS="Style_4" VPOS="1234" WIDTH="27" WC="1.00" CC="00" TAGREFS=""/>
            <SP HPOS="941" ID="SP_354.4.1.10" VPOS="1234" WIDTH="27"/>
            <String CONTENT="that" HEIGHT="34" HPOS="968" ID="ST_354.4.1.11" STYLEREFS="Style_4" VPOS="1234" WIDTH="76" WC="0.94" CC="0000" TAGREFS=""/>
            <SP HPOS="1044" ID="SP_354.4.1.12" VPOS="1234" WIDTH="27"/>
            <String CONTENT="the" HEIGHT="35" HPOS="1071" ID="ST_354.4.1.13" STYLEREFS="Style_4" VPOS="1234" WIDTH="59" WC="0.96" CC="000" TAGREFS=""/>
            <SP HPOS="1130" ID="SP_354.4.1.14" VPOS="1240" WIDTH="26"/>
            <String CONTENT="court" HEIGHT="29" HPOS="1156" ID="ST_354.4.1.15" STYLEREFS="Style_4" VPOS="1240" WIDTH="99" WC="0.89" CC="00000" TAGREFS=""/>
            <SP HPOS="1255" ID="SP_354.4.1.16" VPOS="1235" WIDTH="27"/>
            <String CONTENT="should" HEIGHT="34" HPOS="1282" ID="ST_354.4.1.17" STYLEREFS="Style_4" VPOS="1235" WIDTH="122" WC="1.00" CC="000000" TAGREFS=""/>
            <SP HPOS="1404" ID="SP_354.4.1.18" VPOS="1236" WIDTH="27"/>
            <String CONTENT="have" HEIGHT="34" HPOS="1431" ID="ST_354.4.1.19" STYLEREFS="Style_4" VPOS="1236" WIDTH="88" WC="0.90" CC="0000" TAGREFS=""/>
          </TextLine>
          <TextLine HEIGHT="45" HPOS="306" ID="TL_354.4.2" VPOS="1282" WIDTH="1213">
            <String CONTENT="granted" HEIGHT="42" HPOS="306" ID="ST_354.4.2.1" STYLEREFS="Style_4" VPOS="1282" WIDTH="146" WC="0.96" CC="0000000" TAGREFS=""/>
            <SP HPOS="452" ID="SP_354.4.2.2" VPOS="1293" WIDTH="10"/>
            <String CONTENT="a" HEIGHT="23" HPOS="462" ID="ST_354.4.2.3" STYLEREFS="Style_4" VPOS="1293" WIDTH="20" WC="1.00" CC="0" TAGREFS=""/>
            <SP HPOS="482" ID="SP_354.4.2.4" VPOS="1282" WIDTH="10"/>
            <String CONTENT="continuance" HEIGHT="35" HPOS="492" ID="ST_354.4.2.5" STYLEREFS="Style_4" VPOS="1282" WIDTH="230" WC="0.95" CC="00000000000" TAGREFS=""/>
            <SP HPOS="722" ID="SP_354.4.2.6" VPOS="1283" WIDTH="9"/>
            <String CONTENT="when," HEIGHT="41" HPOS="731" ID="ST_354.4.2.7" STYLEREFS="Style_4" VPOS="1283" WIDTH="109" WC="0.98" CC="00000" TAGREFS=""/>
            <SP HPOS="840" ID="SP_354.4.2.8" VPOS="1283" WIDTH="8"/>
            <String CONTENT="just" HEIGHT="43" HPOS="848" ID="ST_354.4.2.9" STYLEREFS="Style_4" VPOS="1283" WIDTH="73" WC="0.99" CC="0000" TAGREFS=""/>
            <SP HPOS="921" ID="SP_354.4.2.10" VPOS="1283" WIDTH="9"/>
            <String CONTENT="before" HEIGHT="35" HPOS="930" ID="ST_354.4.2.11" STYLEREFS="Style_4" VPOS="1283" WIDTH="119" WC="0.96" CC="000000" TAGREFS=""/>
            <SP HPOS="1049" ID="SP_354.4.2.12" VPOS="1284" WIDTH="10"/>
            <String CONTENT="the" HEIGHT="34" HPOS="1059" ID="ST_354.4.2.13" STYLEREFS="Style_4" VPOS="1284" WIDTH="58" WC="0.93" CC="000" TAGREFS=""/>
            <SP HPOS="1117" ID="SP_354.4.2.14" VPOS="1284" WIDTH="9"/>
            <String CONTENT="trial" HEIGHT="34" HPOS="1126" ID="ST_354.4.2.15" STYLEREFS="Style_4" VPOS="1284" WIDTH="80" WC="0.95" CC="00000" TAGREFS=""/>
            <SP HPOS="1206" ID="SP_354.4.2.16" VPOS="1285" WIDTH="10"/>
            <String CONTENT="began," HEIGHT="42" HPOS="1216" ID="ST_354.4.2.17" STYLEREFS="Style_4" VPOS="1285" WIDTH="123" WC="1.00" CC="000000" TAGREFS=""/>
            <SP HPOS="1339" ID="SP_354.4.2.18" VPOS="1285" WIDTH="11"/>
            <String CONTENT="the" HEIGHT="34" HPOS="1350" ID="ST_354.4.2.19" STYLEREFS="Style_4" VPOS="1285" WIDTH="59" WC="1.00" CC="000" TAGREFS=""/>
            <SP HPOS="1409" ID="SP_354.4.2.20" VPOS="1285" WIDTH="10"/>
            <String CONTENT="State" HEIGHT="34" HPOS="1419" ID="ST_354.4.2.21" STYLEREFS="Style_4" VPOS="1285" WIDTH="100" WC="1.00" CC="00000" TAGREFS=""/>
          </TextLine>
          <TextLine HEIGHT="46" HPOS="306" ID="TL_354.4.3" VPOS="1331" WIDTH="1213">
            <String CONTENT="was" HEIGHT="23" HPOS="306" ID="ST_354.4.3.1" STYLEREFS="Style_4" VPOS="1342" WIDTH="70" WC="0.99" CC="000" TAGREFS=""/>
            <SP HPOS="376" ID="SP_354.4.3.2" VPOS="1331" WIDTH="17"/>
            <String CONTENT="allowed" HEIGHT="35" HPOS="393" ID="ST_354.4.3.3" STYLEREFS="Style_4" VPOS="1331" WIDTH="144" WC="0.99" CC="0000000" TAGREFS=""/>
            <SP HPOS="537" ID="SP_354.4.3.4" VPOS="1337" WIDTH="17"/>
            <String CONTENT="to" HEIGHT="29" HPOS="554" ID="ST_354.4.3.5" STYLEREFS="Style_4" VPOS="1337" WIDTH="35" WC="1.00" CC="00" TAGREFS=""/>
            <SP HPOS="589" ID="SP_354.4.3.6" VPOS="1332" WIDTH="17"/>
            <String CONTENT="amend" HEIGHT="34" HPOS="606" ID="ST_354.4.3.7" STYLEREFS="Style_4" VPOS="1332" WIDTH="125" WC="0.99" CC="00000" TAGREFS=""/>
            <SP HPOS="731" ID="SP_354.4.3.8" VPOS="1333" WIDTH="17"/>
            <String CONTENT="the" HEIGHT="34" HPOS="748" ID="ST_354.4.3.9" STYLEREFS="Style_4" VPOS="1333" WIDTH="59" WC="1.00" CC="000" TAGREFS=""/>
            <SP HPOS="807" ID="SP_354.4.3.10" VPOS="1332" WIDTH="17"/>
            <String CONTENT="information" HEIGHT="35" HPOS="824" ID="ST_354.4.3.11" STYLEREFS="Style_4" VPOS="1332" WIDTH="223" WC="0.88" CC="00000000000" TAGREFS=""/>
            <SP HPOS="1047" ID="SP_354.4.3.12" VPOS="1339" WIDTH="17"/>
            <String CONTENT="to" HEIGHT="29" HPOS="1064" ID="ST_354.4.3.13" STYLEREFS="Style_4" VPOS="1339" WIDTH="35" WC="1.00" CC="00" TAGREFS=""/>
            <SP HPOS="1099" ID="SP_354.4.3.14" VPOS="1334" WIDTH="17"/>
            <String CONTENT="allege" HEIGHT="43" HPOS="1116" ID="ST_354.4.3.15" STYLEREFS="Style_4" VPOS="1334" WIDTH="111" WC="0.95" CC="000000" TAGREFS=""/>
            <SP HPOS="1227" ID="SP_354.4.3.16" VPOS="1334" WIDTH="16"/>
            <String CONTENT="that" HEIGHT="35" HPOS="1243" ID="ST_354.4.3.17" STYLEREFS="Style_4" VPOS="1334" WIDTH="77" WC="0.99" CC="0000" TAGREFS=""/>
            <SP HPOS="1320" ID="SP_354.4.3.18" VPOS="1334" WIDTH="16"/>
            <String CONTENT="the" HEIGHT="35" HPOS="1336" ID="ST_354.4.3.19" STYLEREFS="Style_4" VPOS="1334" WIDTH="59" WC="0.84" CC="000" TAGREFS=""/>
            <SP HPOS="1395" ID="SP_354.4.3.20" VPOS="1335" WIDTH="16"/>
            <String CONTENT="crime" HEIGHT="34" HPOS="1411" ID="ST_354.4.3.21" STYLEREFS="Style_4" VPOS="1335" WIDTH="108" WC="0.88" CC="00000" TAGREFS=""/>
          </TextLine>
          <TextLine HEIGHT="46" HPOS="306" ID="TL_354.4.4" VPOS="1381" WIDTH="1212">
            <String CONTENT="occurred" HEIGHT="34" HPOS="306" ID="ST_354.4.4.1" STYLEREFS="Style_4" VPOS="1381" WIDTH="165" WC="0.99" CC="00000000" TAGREFS=""/>
            <SP HPOS="471" ID="SP_354.4.4.2" VPOS="1381" WIDTH="13"/>
            <String CONTENT="between" HEIGHT="35" HPOS="484" ID="ST_354.4.4.3" STYLEREFS="Style_4" VPOS="1381" WIDTH="154" WC="0.96" CC="0000000" TAGREFS=""/>
            <SP HPOS="638" ID="SP_354.4.4.4" VPOS="1382" WIDTH="12"/>
            <String CONTENT="November" HEIGHT="35" HPOS="650" ID="ST_354.4.4.5" STYLEREFS="Style_4" VPOS="1382" WIDTH="200" WC="0.96" CC="00000000" TAGREFS=""/>
            <SP HPOS="850" ID="SP_354.4.4.6" VPOS="1384" WIDTH="16"/>
            <String CONTENT="1,1983," HEIGHT="40" HPOS="866" ID="ST_354.4.4.7" STYLEREFS="Style_4" VPOS="1384" WIDTH="145" WC="1.00" CC="9990000" TAGREFS=""/>
            <SP HPOS="1011" ID="SP_354.4.4.8" VPOS="1383" WIDTH="13"/>
            <String CONTENT="and" HEIGHT="34" HPOS="1024" ID="ST_354.4.4.9" STYLEREFS="Style_4" VPOS="1383" WIDTH="69" WC="0.86" CC="000" TAGREFS=""/>
            <SP HPOS="1093" ID="SP_354.4.4.10" VPOS="1384" WIDTH="12"/>
            <String CONTENT="January" HEIGHT="43" HPOS="1105" ID="ST_354.4.4.11" STYLEREFS="Style_4" VPOS="1384" WIDTH="156" WC="0.76" CC="0000000" TAGREFS=""/>
            <SP HPOS="1261" ID="SP_354.4.4.12" VPOS="1385" WIDTH="16"/>
            <String CONTENT="15,1984." HEIGHT="40" HPOS="1277" ID="ST_354.4.4.13" STYLEREFS="Style_4" VPOS="1385" WIDTH="168" WC="0.88" CC="99999000" TAGREFS=""/>
            <SP HPOS="1445" ID="SP_354.4.4.14" VPOS="1385" WIDTH="13"/>
            <String CONTENT="No" HEIGHT="34" HPOS="1458" ID="ST_354.4.4.15" STYLEREFS="Style_4" VPOS="1385" WIDTH="60" WC="1.00" CC="00" TAGREFS=""/>
          </TextLine>
          <TextLine HEIGHT="44" HPOS="306" ID="TL_354.4.5" VPOS="1430" WIDTH="1211">
            <String CONTENT="prejudice" HEIGHT="44" HPOS="306" ID="ST_354.4.5.1" STYLEREFS="Style_4" VPOS="1430" WIDTH="176" WC="0.96" CC="000000000" TAGREFS=""/>
            <SP HPOS="482" ID="SP_354.4.5.2" VPOS="1431" WIDTH="14"/>
            <String CONTENT="resulted" HEIGHT="35" HPOS="496" ID="ST_354.4.5.3" STYLEREFS="Style_4" VPOS="1431" WIDTH="150" WC="0.94" CC="00000000" TAGREFS=""/>
            <SP HPOS="646" ID="SP_354.4.5.4" VPOS="1431" WIDTH="14"/>
            <String CONTENT="from" HEIGHT="35" HPOS="660" ID="ST_354.4.5.5" STYLEREFS="Style_4" VPOS="1431" WIDTH="91" WC="0.93" CC="0000" TAGREFS=""/>
            <SP HPOS="751" ID="SP_354.4.5.6" VPOS="1432" WIDTH="14"/>
            <String CONTENT="the" HEIGHT="35" HPOS="765" ID="ST_354.4.5.7" STYLEREFS="Style_4" VPOS="1432" WIDTH="59" WC="0.86" CC="000" TAGREFS=""/>
            <SP HPOS="824" ID="SP_354.4.5.8" VPOS="1433" WIDTH="13"/>
            <String CONTENT="court’s" HEIGHT="34" HPOS="837" ID="ST_354.4.5.9" STYLEREFS="Style_4" VPOS="1433" WIDTH="127" WC="0.85" CC="0000090" TAGREFS=""/>
            <SP HPOS="964" ID="SP_354.4.5.10" VPOS="1433" WIDTH="15"/>
            <String CONTENT="action." HEIGHT="35" HPOS="979" ID="ST_354.4.5.11" STYLEREFS="Style_4" VPOS="1433" WIDTH="125" WC="1.00" CC="0000000" TAGREFS=""/>
            <SP HPOS="1104" ID="SP_354.4.5.12" VPOS="1434" WIDTH="17"/>
            <String CONTENT="In" HEIGHT="34" HPOS="1121" ID="ST_354.4.5.13" STYLEREFS="Style_4" VPOS="1434" WIDTH="39" WC="0.63" CC="00" TAGREFS=""/>
            <SP HPOS="1160" ID="SP_354.4.5.14" VPOS="1444" WIDTH="14"/>
            <String CONTENT="a" HEIGHT="24" HPOS="1174" ID="ST_354.4.5.15" STYLEREFS="Style_4" VPOS="1444" WIDTH="21" WC="1.00" CC="0" TAGREFS=""/>
            <SP HPOS="1195" ID="SP_354.4.5.16" VPOS="1444" WIDTH="14"/>
            <String CONTENT="case" HEIGHT="24" HPOS="1209" ID="ST_354.4.5.17" STYLEREFS="Style_4" VPOS="1444" WIDTH="80" WC="1.00" CC="0000" TAGREFS=""/>
            <SP HPOS="1289" ID="SP_354.4.5.18" VPOS="1434" WIDTH="13"/>
            <String CONTENT="of" HEIGHT="34" HPOS="1302" ID="ST_354.4.5.19" STYLEREFS="Style_4" VPOS="1434" WIDTH="40" WC="1.00" CC="00" TAGREFS=""/>
            <SP HPOS="1342" ID="SP_354.4.5.20" VPOS="1433" WIDTH="11"/>
            <String CONTENT="this" HEIGHT="36" HPOS="1353" ID="ST_354.4.5.21" STYLEREFS="Style_4" VPOS="1433" WIDTH="68" WC="0.85" CC="0000" TAGREFS=""/>
            <SP HPOS="1421" ID="SP_354.4.5.22" VPOS="1434" WIDTH="13"/>
            <String CONTENT="kind" HEIGHT="35" HPOS="1434" ID="ST_354.4.5.23" STYLEREFS="Style_4" VPOS="1434" WIDTH="83" WC="0.86" CC="0000" TAGREFS=""/>
          </TextLine>
          <TextLine HEIGHT="45" HPOS="306" ID="TL_354.4.6" VPOS="1480" WIDTH="1212">
            <String CONTENT="the" HEIGHT="34" HPOS="306" ID="ST_354.4.6.1" STYLEREFS="Style_4" VPOS="1480" WIDTH="58" WC="0.98" CC="000" TAGREFS=""/>
            <SP HPOS="364" ID="SP_354.4.6.2" VPOS="1480" WIDTH="20"/>
            <String CONTENT="particular" HEIGHT="44" HPOS="384" ID="ST_354.4.6.3" STYLEREFS="Style_4" VPOS="1480" WIDTH="189" WC="0.96" CC="0000000000" TAGREFS=""/>
            <SP HPOS="573" ID="SP_354.4.6.4" VPOS="1481" WIDTH="20"/>
            <String CONTENT="time" HEIGHT="35" HPOS="593" ID="ST_354.4.6.5" STYLEREFS="Style_4" VPOS="1481" WIDTH="84" WC="0.98" CC="0000" TAGREFS=""/>
            <SP HPOS="677" ID="SP_354.4.6.6" VPOS="1481" WIDTH="20"/>
            <String CONTENT="is" HEIGHT="35" HPOS="697" ID="ST_354.4.6.7" STYLEREFS="Style_4" VPOS="1481" WIDTH="27" WC="1.00" CC="00" TAGREFS=""/>
            <SP HPOS="724" ID="SP_354.4.6.8" VPOS="1487" WIDTH="21"/>
            <String CONTENT="not" HEIGHT="29" HPOS="745" ID="ST_354.4.6.9" STYLEREFS="Style_4" VPOS="1487" WIDTH="60" WC="0.87" CC="000" TAGREFS=""/>
            <SP HPOS="805" ID="SP_354.4.6.10" VPOS="1493" WIDTH="20"/>
            <String CONTENT="an" HEIGHT="23" HPOS="825" ID="ST_354.4.6.11" STYLEREFS="Style_4" VPOS="1493" WIDTH="45" WC="0.85" CC="00" TAGREFS=""/>
            <SP HPOS="870" ID="SP_354.4.6.12" VPOS="1482" WIDTH="20"/>
            <String CONTENT="ingredient" HEIGHT="43" HPOS="890" ID="ST_354.4.6.13" STYLEREFS="Style_4" VPOS="1482" WIDTH="193" WC="0.95" CC="0000000000" TAGREFS=""/>
            <SP HPOS="1083" ID="SP_354.4.6.14" VPOS="1483" WIDTH="20"/>
            <String CONTENT="of" HEIGHT="35" HPOS="1103" ID="ST_354.4.6.15" STYLEREFS="Style_4" VPOS="1483" WIDTH="39" WC="1.00" CC="00" TAGREFS=""/>
            <SP HPOS="1142" ID="SP_354.4.6.16" VPOS="1483" WIDTH="17"/>
            <String CONTENT="the" HEIGHT="35" HPOS="1159" ID="ST_354.4.6.17" STYLEREFS="Style_4" VPOS="1483" WIDTH="60" WC="0.95" CC="000" TAGREFS=""/>
            <SP HPOS="1219" ID="SP_354.4.6.18" VPOS="1483" WIDTH="19"/>
            <String CONTENT="offense;" HEIGHT="42" HPOS="1238" ID="ST_354.4.6.19" STYLEREFS="Style_4" VPOS="1483" WIDTH="142" WC="0.75" CC="00000000" TAGREFS=""/>
            <SP HPOS="1380" ID="SP_354.4.6.20" VPOS="1494" WIDTH="22"/>
            <String CONTENT="so" HEIGHT="24" HPOS="1402" ID="ST_354.4.6.21" STYLEREFS="Style_4" VPOS="1494" WIDTH="36" WC="0.96" CC="00" TAGREFS=""/>
            <SP HPOS="1438" ID="SP_354.4.6.22" VPOS="1484" WIDTH="21"/>
            <String CONTENT="the" HEIGHT="35" HPOS="1459" ID="ST_354.4.6.23" STYLEREFS="Style_4" VPOS="1484" WIDTH="59" WC="0.79" CC="000" TAGREFS=""/>
          </TextLine>
          <TextLine HEIGHT="48" HPOS="305" ID="TL_354.4.7" VPOS="1530" WIDTH="1211">
            <String CONTENT="amendment" HEIGHT="35" HPOS="305" ID="ST_354.4.7.1" STYLEREFS="Style_4" VPOS="1530" WIDTH="224" WC="0.86" CC="000000000" TAGREFS=""/>
            <SP HPOS="529" ID="SP_354.4.7.2" VPOS="1541" WIDTH="15"/>
            <String CONTENT="was" HEIGHT="24" HPOS="544" ID="ST_354.4.7.3" STYLEREFS="Style_4" VPOS="1541" WIDTH="70" WC="0.85" CC="000" TAGREFS=""/>
            <SP HPOS="614" ID="SP_354.4.7.4" VPOS="1531" WIDTH="16"/>
            <String CONTENT="permissible." HEIGHT="43" HPOS="630" ID="ST_354.4.7.5" STYLEREFS="Style_4" VPOS="1531" WIDTH="224" WC="1.00" CC="000000000000" TAGREFS=""/>
            <SP HPOS="854" ID="SP_354.4.7.6" VPOS="1532" WIDTH="17"/>
            <String CONTENT="Ark." HEIGHT="34" HPOS="871" ID="ST_354.4.7.7" STYLEREFS="Style_4" VPOS="1532" WIDTH="85" WC="1.00" CC="0000" TAGREFS=""/>
            <SP HPOS="956" ID="SP_354.4.7.8" VPOS="1532" WIDTH="18"/>
            <String CONTENT="Stat." HEIGHT="35" HPOS="974" ID="ST_354.4.7.9" STYLEREFS="Style_4" VPOS="1532" WIDTH="89" WC="1.00" CC="00000" TAGREFS=""/>
            <SP HPOS="1063" ID="SP_354.4.7.10" VPOS="1533" WIDTH="16"/>
            <String CONTENT="Ann." HEIGHT="34" HPOS="1079" ID="ST_354.4.7.11" STYLEREFS="Style_4" VPOS="1533" WIDTH="93" WC="0.92" CC="0000" TAGREFS=""/>
            <SP HPOS="1172" ID="SP_354.4.7.12" VPOS="1533" WIDTH="19"/>
            <String CONTENT="§" HEIGHT="42" HPOS="1191" ID="ST_354.4.7.13" STYLEREFS="Style_4" VPOS="1533" WIDTH="18" WC="1.00" CC="0" TAGREFS=""/>
            <SP HPOS="1209" ID="SP_354.4.7.14" VPOS="1534" WIDTH="18"/>
            <String CONTENT="43-1015" HEIGHT="34" HPOS="1227" ID="ST_354.4.7.15" STYLEREFS="Style_4" VPOS="1534" WIDTH="153" WC="0.85" CC="0099999" TAGREFS=""/>
            <SP HPOS="1380" ID="SP_354.4.7.16" VPOS="1533" WIDTH="20"/>
            <String CONTENT="(Repl." HEIGHT="45" HPOS="1400" ID="ST_354.4.7.17" STYLEREFS="Style_4" VPOS="1533" WIDTH="116" WC="0.91" CC="000090" TAGREFS=""/>
          </TextLine>
          <TextLine HEIGHT="47" HPOS="309" ID="TL_354.4.8" VPOS="1579" WIDTH="1206">
            <String CONTENT="1977);" HEIGHT="42" HPOS="309" ID="ST_354.4.8.1" STYLEREFS="Style_4" VPOS="1579" WIDTH="117" WC="0.95" CC="000000" TAGREFS=""/>
            <SP HPOS="426" ID="SP_354.4.8.2" VPOS="1580" WIDTH="12"/>
            <String CONTENT="Scoggins v." HEIGHT="43" HPOS="438" ID="ST_354.4.8.3" STYLEREFS="Style_5" VPOS="1580" WIDTH="212" WC="1.0" CC="00000000000" TAGREFS=""/>
            <SP HPOS="650" ID="SP_354.4.8.4" VPOS="1581" WIDTH="12"/>
            <String CONTENT="State," HEIGHT="40" HPOS="662" ID="ST_354.4.8.5" STYLEREFS="Style_5" VPOS="1581" WIDTH="113" WC="0.77" CC="000000" TAGREFS=""/>
            <SP HPOS="775" ID="SP_354.4.8.6" VPOS="1582" WIDTH="14"/>
            <String CONTENT="258" HEIGHT="33" HPOS="789" ID="ST_354.4.8.7" STYLEREFS="Style_4" VPOS="1582" WIDTH="66" WC="0.92" CC="000" TAGREFS=""/>
            <SP HPOS="855" ID="SP_354.4.8.8" VPOS="1582" WIDTH="13"/>
            <String CONTENT="Ark." HEIGHT="33" HPOS="868" ID="ST_354.4.8.9" STYLEREFS="Style_4" VPOS="1582" WIDTH="85" WC="1.00" CC="0000" TAGREFS=""/>
            <SP HPOS="953" ID="SP_354.4.8.10" VPOS="1583" WIDTH="15"/>
            <String CONTENT="749," HEIGHT="39" HPOS="968" ID="ST_354.4.8.11" STYLEREFS="Style_4" VPOS="1583" WIDTH="78" WC="0.93" CC="0000" TAGREFS=""/>
            <SP HPOS="1046" ID="SP_354.4.8.12" VPOS="1583" WIDTH="15"/>
            <String CONTENT="528" HEIGHT="33" HPOS="1061" ID="ST_354.4.8.13" STYLEREFS="Style_4" VPOS="1583" WIDTH="65" WC="0.91" CC="000" TAGREFS=""/>
            <SP HPOS="1126" ID="SP_354.4.8.14" VPOS="1582" WIDTH="14"/>
            <String CONTENT="S.W.2d" HEIGHT="34" HPOS="1140" ID="ST_354.4.8.15" STYLEREFS="Style_4" VPOS="1582" WIDTH="143" WC="0.91" CC="000000" TAGREFS=""/>
            <SP HPOS="1283" ID="SP_354.4.8.16" VPOS="1584" WIDTH="13"/>
            <String CONTENT="641" HEIGHT="33" HPOS="1296" ID="ST_354.4.8.17" STYLEREFS="Style_4" VPOS="1584" WIDTH="64" WC="0.98" CC="000" TAGREFS=""/>
            <SP HPOS="1360" ID="SP_354.4.8.18" VPOS="1583" WIDTH="19"/>
            <String CONTENT="(1975)." HEIGHT="43" HPOS="1379" ID="ST_354.4.8.19" STYLEREFS="Style_4" VPOS="1583" WIDTH="136" WC="1.00" CC="0000000" TAGREFS=""/>
          </TextLine>
          <TextLine HEIGHT="44" HPOS="304" ID="TL_354.4.9" VPOS="1628" WIDTH="1213">
            <String CONTENT="The" HEIGHT="35" HPOS="304" ID="ST_354.4.9.1" STYLEREFS="Style_4" VPOS="1628" WIDTH="74" WC="1.00" CC="000" TAGREFS=""/>
            <SP HPOS="378" ID="SP_354.4.9.2" VPOS="1630" WIDTH="15"/>
            <String CONTENT="prosecutrix" HEIGHT="42" HPOS="393" ID="ST_354.4.9.3" STYLEREFS="Style_4" VPOS="1630" WIDTH="213" WC="0.94" CC="00000000000" TAGREFS=""/>
            <SP HPOS="606" ID="SP_354.4.9.4" VPOS="1630" WIDTH="14"/>
            <String CONTENT="testified" HEIGHT="34" HPOS="620" ID="ST_354.4.9.5" STYLEREFS="Style_4" VPOS="1630" WIDTH="149" WC="1.00" CC="000000000" TAGREFS=""/>
            <SP HPOS="769" ID="SP_354.4.9.6" VPOS="1631" WIDTH="16"/>
            <String CONTENT="that" HEIGHT="34" HPOS="785" ID="ST_354.4.9.7" STYLEREFS="Style_4" VPOS="1631" WIDTH="76" WC="1.00" CC="0000" TAGREFS=""/>
            <SP HPOS="861" ID="SP_354.4.9.8" VPOS="1631" WIDTH="15"/>
            <String CONTENT="there" HEIGHT="34" HPOS="876" ID="ST_354.4.9.9" STYLEREFS="Style_4" VPOS="1631" WIDTH="97" WC="0.97" CC="00000" TAGREFS=""/>
            <SP HPOS="973" ID="SP_354.4.9.10" VPOS="1642" WIDTH="14"/>
            <String CONTENT="was" HEIGHT="23" HPOS="987" ID="ST_354.4.9.11" STYLEREFS="Style_4" VPOS="1642" WIDTH="70" WC="0.97" CC="000" TAGREFS=""/>
            <SP HPOS="1057" ID="SP_354.4.9.12" VPOS="1631" WIDTH="16"/>
            <String CONTENT="intercourse" HEIGHT="35" HPOS="1073" ID="ST_354.4.9.13" STYLEREFS="Style_4" VPOS="1631" WIDTH="211" WC="0.96" CC="00000000000" TAGREFS=""/>
            <SP HPOS="1284" ID="SP_354.4.9.14" VPOS="1632" WIDTH="15"/>
            <String CONTENT="both" HEIGHT="35" HPOS="1299" ID="ST_354.4.9.15" STYLEREFS="Style_4" VPOS="1632" WIDTH="84" WC="0.92" CC="0000" TAGREFS=""/>
            <SP HPOS="1383" ID="SP_354.4.9.16" VPOS="1633" WIDTH="16"/>
            <String CONTENT="before" HEIGHT="34" HPOS="1399" ID="ST_354.4.9.17" STYLEREFS="Style_4" VPOS="1633" WIDTH="118" WC="1.00" CC="000000" TAGREFS=""/>
          </TextLine>
          <TextLine HEIGHT="49" HPOS="304" ID="TL_354.4.10" VPOS="1677" WIDTH="1211">
            <String CONTENT="and" HEIGHT="35" HPOS="304" ID="ST_354.4.10.1" STYLEREFS="Style_4" VPOS="1678" WIDTH="69" WC="0.94" CC="000" TAGREFS=""/>
            <SP HPOS="373" ID="SP_354.4.10.2" VPOS="1678" WIDTH="20"/>
            <String CONTENT="after" HEIGHT="35" HPOS="393" ID="ST_354.4.10.3" STYLEREFS="Style_4" VPOS="1678" WIDTH="91" WC="0.93" CC="00000" TAGREFS=""/>
            <SP HPOS="484" ID="SP_354.4.10.4" VPOS="1679" WIDTH="21"/>
            <String CONTENT="Christmas" HEIGHT="35" HPOS="505" ID="ST_354.4.10.5" STYLEREFS="Style_4" VPOS="1679" WIDTH="195" WC="0.97" CC="000000000" TAGREFS=""/>
            <SP HPOS="700" ID="SP_354.4.10.6" VPOS="1677" WIDTH="23"/>
            <String CONTENT="(1983)." HEIGHT="46" HPOS="723" ID="ST_354.4.10.7" STYLEREFS="Style_4" VPOS="1677" WIDTH="137" WC="0.83" CC="0000000" TAGREFS=""/>
            <SP HPOS="860" ID="SP_354.4.10.8" VPOS="1681" WIDTH="23"/>
            <String CONTENT="In" HEIGHT="34" HPOS="883" ID="ST_354.4.10.9" STYLEREFS="Style_4" VPOS="1681" WIDTH="39" WC="0.84" CC="00" TAGREFS=""/>
            <SP HPOS="922" ID="SP_354.4.10.10" VPOS="1681" WIDTH="20"/>
            <String CONTENT="view" HEIGHT="34" HPOS="942" ID="ST_354.4.10.11" STYLEREFS="Style_4" VPOS="1681" WIDTH="85" WC="0.96" CC="0000" TAGREFS=""/>
            <SP HPOS="1027" ID="SP_354.4.10.12" VPOS="1680" WIDTH="20"/>
            <String CONTENT="of" HEIGHT="35" HPOS="1047" ID="ST_354.4.10.13" STYLEREFS="Style_4" VPOS="1680" WIDTH="40" WC="1.00" CC="00" TAGREFS=""/>
            <SP HPOS="1087" ID="SP_354.4.10.14" VPOS="1681" WIDTH="16"/>
            <String CONTENT="the" HEIGHT="35" HPOS="1103" ID="ST_354.4.10.15" STYLEREFS="Style_4" VPOS="1681" WIDTH="60" WC="0.79" CC="000" TAGREFS=""/>
            <SP HPOS="1163" ID="SP_354.4.10.16" VPOS="1687" WIDTH="20"/>
            <String CONTENT="statute" HEIGHT="30" HPOS="1183" ID="ST_354.4.10.17" STYLEREFS="Style_4" VPOS="1687" WIDTH="130" WC="1.00" CC="0000000" TAGREFS=""/>
            <SP HPOS="1313" ID="SP_354.4.10.18" VPOS="1683" WIDTH="20"/>
            <String CONTENT="making" HEIGHT="43" HPOS="1333" ID="ST_354.4.10.19" STYLEREFS="Style_4" VPOS="1683" WIDTH="141" WC="0.84" CC="000000" TAGREFS=""/>
            <SP HPOS="1474" ID="SP_354.4.10.20" VPOS="1694" WIDTH="21"/>
            <String CONTENT="a" HEIGHT="23" HPOS="1495" ID="ST_354.4.10.21" STYLEREFS="Style_4" VPOS="1694" WIDTH="20" WC="1.00" CC="0" TAGREFS=""/>
          </TextLine>
          <TextLine HEIGHT="43" HPOS="303" ID="TL_354.4.11" VPOS="1728" WIDTH="1212">
            <String CONTENT="variance" HEIGHT="35" HPOS="303" ID="ST_354.4.11.1" STYLEREFS="Style_4" VPOS="1728" WIDTH="162" WC="0.94" CC="00000000" TAGREFS=""/>
            <SP HPOS="465" ID="SP_354.4.11.2" VPOS="1728" WIDTH="14"/>
            <String CONTENT="in" HEIGHT="35" HPOS="479" ID="ST_354.4.11.3" STYLEREFS="Style_4" VPOS="1728" WIDTH="34" WC="0.94" CC="00" TAGREFS=""/>
            <SP HPOS="513" ID="SP_354.4.11.4" VPOS="1729" WIDTH="16"/>
            <String CONTENT="time" HEIGHT="35" HPOS="529" ID="ST_354.4.11.5" STYLEREFS="Style_4" VPOS="1729" WIDTH="84" WC="1.00" CC="0000" TAGREFS=""/>
            <SP HPOS="613" ID="SP_354.4.11.6" VPOS="1729" WIDTH="14"/>
            <String CONTENT="immaterial," HEIGHT="42" HPOS="627" ID="ST_354.4.11.7" STYLEREFS="Style_4" VPOS="1729" WIDTH="220" WC="0.94" CC="00000000000" TAGREFS=""/>
            <SP HPOS="847" ID="SP_354.4.11.8" VPOS="1741" WIDTH="15"/>
            <String CONTENT="we" HEIGHT="24" HPOS="862" ID="ST_354.4.11.9" STYLEREFS="Style_4" VPOS="1741" WIDTH="52" WC="0.88" CC="00" TAGREFS=""/>
            <SP HPOS="914" ID="SP_354.4.11.10" VPOS="1730" WIDTH="14"/>
            <String CONTENT="fail" HEIGHT="35" HPOS="928" ID="ST_354.4.11.11" STYLEREFS="Style_4" VPOS="1730" WIDTH="62" WC="0.97" CC="0000" TAGREFS=""/>
            <SP HPOS="990" ID="SP_354.4.11.12" VPOS="1736" WIDTH="15"/>
            <String CONTENT="to" HEIGHT="29" HPOS="1005" ID="ST_354.4.11.13" STYLEREFS="Style_4" VPOS="1736" WIDTH="35" WC="1.00" CC="00" TAGREFS=""/>
            <SP HPOS="1040" ID="SP_354.4.11.14" VPOS="1742" WIDTH="15"/>
            <String CONTENT="see" HEIGHT="24" HPOS="1055" ID="ST_354.4.11.15" STYLEREFS="Style_4" VPOS="1742" WIDTH="56" WC="1.00" CC="000" TAGREFS=""/>
            <SP HPOS="1111" ID="SP_354.4.11.16" VPOS="1731" WIDTH="15"/>
            <String CONTENT="how" HEIGHT="35" HPOS="1126" ID="ST_354.4.11.17" STYLEREFS="Style_4" VPOS="1731" WIDTH="76" WC="0.93" CC="000" TAGREFS=""/>
            <SP HPOS="1202" ID="SP_354.4.11.18" VPOS="1732" WIDTH="15"/>
            <String CONTENT="the" HEIGHT="34" HPOS="1217" ID="ST_354.4.11.19" STYLEREFS="Style_4" VPOS="1732" WIDTH="60" WC="1.00" CC="000" TAGREFS=""/>
            <SP HPOS="1277" ID="SP_354.4.11.20" VPOS="1731" WIDTH="13"/>
            <String CONTENT="defense" HEIGHT="36" HPOS="1290" ID="ST_354.4.11.21" STYLEREFS="Style_4" VPOS="1731" WIDTH="141" WC="0.87" CC="0000000" TAGREFS=""/>
            <SP HPOS="1431" ID="SP_354.4.11.22" VPOS="1743" WIDTH="14"/>
            <String CONTENT="was" HEIGHT="24" HPOS="1445" ID="ST_354.4.11.23" STYLEREFS="Style_4" VPOS="1743" WIDTH="70" WC="1.00" CC="000" TAGREFS=""/>
          </TextLine>
          <TextLine HEIGHT="44" HPOS="304" ID="TL_354.4.12" VPOS="1778" WIDTH="547">
            <String CONTENT="affected" HEIGHT="35" HPOS="304" ID="ST_354.4.12.1" STYLEREFS="Style_4" VPOS="1778" WIDTH="150" WC="0.84" CC="00000000" TAGREFS=""/>
            <SP HPOS="454" ID="SP_354.4.12.2" VPOS="1779" WIDTH="20"/>
            <String CONTENT="by" HEIGHT="43" HPOS="474" ID="ST_354.4.12.3" STYLEREFS="Style_4" VPOS="1779" WIDTH="46" WC="0.93" CC="00" TAGREFS=""/>
            <SP HPOS="520" ID="SP_354.4.12.4" VPOS="1779" WIDTH="19"/>
            <String CONTENT="the" HEIGHT="35" HPOS="539" ID="ST_354.4.12.5" STYLEREFS="Style_4" VPOS="1779" WIDTH="59" WC="1.00" CC="000" TAGREFS=""/>
            <SP HPOS="598" ID="SP_354.4.12.6" VPOS="1780" WIDTH="20"/>
            <String CONTENT="amendment." HEIGHT="35" HPOS="618" ID="ST_354.4.12.7" STYLEREFS="Style_4" VPOS="1780" WIDTH="233" WC="0.90" CC="0000000000" TAGREFS=""/>
          </TextLine>
        </TextBlock>
        <TextBlock HEIGHT="146.0" HPOS="302.0" ID="BL_354.5" TAGREFS="b354-7" VPOS="1900.0" WIDTH="1211.0">
          <TextLine HEIGHT="47" HPOS="394" ID="TL_354.5.1" VPOS="1900" WIDTH="1118">
            <String CONTENT="A" HEIGHT="34" HPOS="486" ID="ST_354.5.1.3" STYLEREFS="Style_4" VPOS="1901" WIDTH="34" WC="1.00" CC="0" TAGREFS=""/>
            <SP HPOS="520" ID="SP_354.5.1.4" VPOS="1901" WIDTH="14"/>
            <String CONTENT="third" HEIGHT="34" HPOS="534" ID="ST_354.5.1.5" STYLEREFS="Style_4" VPOS="1901" WIDTH="92" WC="0.98" CC="00000" TAGREFS=""/>
            <SP HPOS="626" ID="SP_354.5.1.6" VPOS="1907" WIDTH="15"/>
            <String CONTENT="argument" HEIGHT="37" HPOS="641" ID="ST_354.5.1.7" STYLEREFS="Style_4" VPOS="1907" WIDTH="183" WC="0.95" CC="00000000" TAGREFS=""/>
            <SP HPOS="824" ID="SP_354.5.1.8" VPOS="1902" WIDTH="14"/>
            <String CONTENT="is" HEIGHT="34" HPOS="838" ID="ST_354.5.1.9" STYLEREFS="Style_4" VPOS="1902" WIDTH="28" WC="0.97" CC="00" TAGREFS=""/>
            <SP HPOS="866" ID="SP_354.5.1.10" VPOS="1902" WIDTH="15"/>
            <String CONTENT="that" HEIGHT="35" HPOS="881" ID="ST_354.5.1.11" STYLEREFS="Style_4" VPOS="1902" WIDTH="76" WC="0.96" CC="0000" TAGREFS=""/>
            <SP HPOS="957" ID="SP_354.5.1.12" VPOS="1902" WIDTH="15"/>
            <String CONTENT="the" HEIGHT="35" HPOS="972" ID="ST_354.5.1.13" STYLEREFS="Style_4" VPOS="1902" WIDTH="59" WC="0.94" CC="000" TAGREFS=""/>
            <SP HPOS="1031" ID="SP_354.5.1.14" VPOS="1903" WIDTH="14"/>
            <String CONTENT="State’s" HEIGHT="34" HPOS="1045" ID="ST_354.5.1.15" STYLEREFS="Style_4" VPOS="1903" WIDTH="128" WC="1.00" CC="0000000" TAGREFS=""/>
            <SP HPOS="1173" ID="SP_354.5.1.16" VPOS="1903" WIDTH="14"/>
            <String CONTENT="proof" HEIGHT="44" HPOS="1187" ID="ST_354.5.1.17" STYLEREFS="Style_4" VPOS="1903" WIDTH="103" WC="1.00" CC="00000" TAGREFS=""/>
            <SP HPOS="1290" ID="SP_354.5.1.18" VPOS="1915" WIDTH="11"/>
            <String CONTENT="was" HEIGHT="23" HPOS="1301" ID="ST_354.5.1.19" STYLEREFS="Style_4" VPOS="1915" WIDTH="69" WC="1.00" CC="000" TAGREFS=""/>
            <SP HPOS="1370" ID="SP_354.5.1.20" VPOS="1904" WIDTH="14"/>
            <String CONTENT="insuffi­" HEIGHT="35" HPOS="1384" ID="ST_354.5.1.21" STYLEREFS="Style_4" VPOS="1904" WIDTH="128" WC="1.0" CC="00000000" TAGREFS=""/>
          </TextLine>
          <TextLine HEIGHT="45" HPOS="302" ID="TL_354.5.2" VPOS="1949" WIDTH="1211">
            <String CONTENT="cient," HEIGHT="41" HPOS="302" ID="ST_354.5.2.1" STYLEREFS="Style_4" VPOS="1949" WIDTH="102" WC="0.93" CC="000000" TAGREFS=""/>
            <SP HPOS="404" ID="SP_354.5.2.2" VPOS="1949" WIDTH="26"/>
            <String CONTENT="but" HEIGHT="35" HPOS="430" ID="ST_354.5.2.3" STYLEREFS="Style_4" VPOS="1949" WIDTH="62" WC="1.00" CC="000" TAGREFS=""/>
            <SP HPOS="492" ID="SP_354.5.2.4" VPOS="1950" WIDTH="24"/>
            <String CONTENT="the" HEIGHT="34" HPOS="516" ID="ST_354.5.2.5" STYLEREFS="Style_4" VPOS="1950" WIDTH="59" WC="1.00" CC="000" TAGREFS=""/>
            <SP HPOS="575" ID="SP_354.5.2.6" VPOS="1951" WIDTH="24"/>
            <String CONTENT="appellant" HEIGHT="43" HPOS="599" ID="ST_354.5.2.7" STYLEREFS="Style_4" VPOS="1951" WIDTH="176" WC="0.93" CC="000000000" TAGREFS=""/>
            <SP HPOS="775" ID="SP_354.5.2.8" VPOS="1951" WIDTH="24"/>
            <String CONTENT="concedes" HEIGHT="35" HPOS="799" ID="ST_354.5.2.9" STYLEREFS="Style_4" VPOS="1951" WIDTH="167" WC="0.93" CC="00000000" TAGREFS=""/>
            <SP HPOS="966" ID="SP_354.5.2.10" VPOS="1952" WIDTH="25"/>
            <String CONTENT="that" HEIGHT="35" HPOS="991" ID="ST_354.5.2.11" STYLEREFS="Style_4" VPOS="1952" WIDTH="77" WC="1.00" CC="0000" TAGREFS=""/>
            <SP HPOS="1068" ID="SP_354.5.2.12" VPOS="1952" WIDTH="24"/>
            <String CONTENT="if" HEIGHT="35" HPOS="1092" ID="ST_354.5.2.13" STYLEREFS="Style_4" VPOS="1952" WIDTH="30" WC="1.00" CC="00" TAGREFS=""/>
            <SP HPOS="1122" ID="SP_354.5.2.14" VPOS="1953" WIDTH="21"/>
            <String CONTENT="the" HEIGHT="34" HPOS="1143" ID="ST_354.5.2.15" STYLEREFS="Style_4" VPOS="1953" WIDTH="59" WC="1.00" CC="000" TAGREFS=""/>
            <SP HPOS="1202" ID="SP_354.5.2.16" VPOS="1953" WIDTH="24"/>
            <String CONTENT="confession" HEIGHT="35" HPOS="1226" ID="ST_354.5.2.17" STYLEREFS="Style_4" VPOS="1953" WIDTH="193" WC="0.92" CC="0000000000" TAGREFS=""/>
            <SP HPOS="1419" ID="SP_354.5.2.18" VPOS="1965" WIDTH="24"/>
            <String CONTENT="was" HEIGHT="23" HPOS="1443" ID="ST_354.5.2.19" STYLEREFS="Style_4" VPOS="1965" WIDTH="70" WC="1.00" CC="000" TAGREFS=""/>
          </TextLine>
          <TextLine HEIGHT="48" HPOS="302" ID="TL_354.5.3" VPOS="1998" WIDTH="1209">
            <String CONTENT="admissible," HEIGHT="42" HPOS="302" ID="ST_354.5.3.1" STYLEREFS="Style_4" VPOS="1998" WIDTH="210" WC="0.90" CC="00000000000" TAGREFS=""/>
            <SP HPOS="512" ID="SP_354.5.3.2" VPOS="2010" WIDTH="12"/>
            <String CONTENT="as" HEIGHT="24" HPOS="524" ID="ST_354.5.3.3" STYLEREFS="Style_4" VPOS="2010" WIDTH="37" WC="1.00" CC="00" TAGREFS=""/>
            <SP HPOS="561" ID="SP_354.5.3.4" VPOS="2011" WIDTH="11"/>
            <String CONTENT="we" HEIGHT="23" HPOS="572" ID="ST_354.5.3.5" STYLEREFS="Style_4" VPOS="2011" WIDTH="51" WC="0.86" CC="00" TAGREFS=""/>
            <SP HPOS="623" ID="SP_354.5.3.6" VPOS="2000" WIDTH="11"/>
            <String CONTENT="hold" HEIGHT="34" HPOS="634" ID="ST_354.5.3.7" STYLEREFS="Style_4" VPOS="2000" WIDTH="81" WC="1.00" CC="0000" TAGREFS=""/>
            <SP HPOS="715" ID="SP_354.5.3.8" VPOS="2001" WIDTH="11"/>
            <String CONTENT="it" HEIGHT="34" HPOS="726" ID="ST_354.5.3.9" STYLEREFS="Style_4" VPOS="2001" WIDTH="27" WC="1.00" CC="00" TAGREFS=""/>
            <SP HPOS="753" ID="SP_354.5.3.10" VPOS="2006" WIDTH="10"/>
            <String CONTENT="to" HEIGHT="29" HPOS="763" ID="ST_354.5.3.11" STYLEREFS="Style_4" VPOS="2006" WIDTH="35" WC="1.00" CC="00" TAGREFS=""/>
            <SP HPOS="798" ID="SP_354.5.3.12" VPOS="2001" WIDTH="11"/>
            <String CONTENT="have" HEIGHT="34" HPOS="809" ID="ST_354.5.3.13" STYLEREFS="Style_4" VPOS="2001" WIDTH="87" WC="0.95" CC="0000" TAGREFS=""/>
            <SP HPOS="896" ID="SP_354.5.3.14" VPOS="2001" WIDTH="11"/>
            <String CONTENT="been," HEIGHT="41" HPOS="907" ID="ST_354.5.3.15" STYLEREFS="Style_4" VPOS="2001" WIDTH="98" WC="0.91" CC="00000" TAGREFS=""/>
            <SP HPOS="1005" ID="SP_354.5.3.16" VPOS="2002" WIDTH="11"/>
            <String CONTENT="this" HEIGHT="34" HPOS="1016" ID="ST_354.5.3.17" STYLEREFS="Style_4" VPOS="2002" WIDTH="68" WC="0.95" CC="0000" TAGREFS=""/>
            <SP HPOS="1084" ID="SP_354.5.3.18" VPOS="2002" WIDTH="12"/>
            <String CONTENT="point" HEIGHT="44" HPOS="1096" ID="ST_354.5.3.19" STYLEREFS="Style_4" VPOS="2002" WIDTH="96" WC="1.00" CC="00000" TAGREFS=""/>
            <SP HPOS="1192" ID="SP_354.5.3.20" VPOS="2003" WIDTH="10"/>
            <String CONTENT="is" HEIGHT="34" HPOS="1202" ID="ST_354.5.3.21" STYLEREFS="Style_4" VPOS="2003" WIDTH="28" WC="1.00" CC="00" TAGREFS=""/>
            <SP HPOS="1230" ID="SP_354.5.3.22" VPOS="2008" WIDTH="11"/>
            <String CONTENT="not" HEIGHT="29" HPOS="1241" ID="ST_354.5.3.23" STYLEREFS="Style_4" VPOS="2008" WIDTH="59" WC="1.00" CC="000" TAGREFS=""/>
            <SP HPOS="1300" ID="SP_354.5.3.24" VPOS="2003" WIDTH="11"/>
            <String CONTENT="well" HEIGHT="34" HPOS="1311" ID="ST_354.5.3.25" STYLEREFS="Style_4" VPOS="2003" WIDTH="75" WC="0.97" CC="0000" TAGREFS=""/>
            <SP HPOS="1386" ID="SP_354.5.3.26" VPOS="2004" WIDTH="10"/>
            <String CONTENT="taken." HEIGHT="34" HPOS="1396" ID="ST_354.5.3.27" STYLEREFS="Style_4" VPOS="2004" WIDTH="115" WC="0.90" CC="000000" TAGREFS=""/>
          </TextLine>
        </TextBlock>
        <TextBlock HEIGHT="35.0" HPOS="391.0" ID="BL_354.6" TAGREFS="b354-8" VPOS="2120.0" WIDTH="180.0">
          <TextLine HEIGHT="35" HPOS="391" ID="TL_354.6.1" VPOS="2120" WIDTH="180">
            <String CONTENT="Affirmed." HEIGHT="35" HPOS="391" ID="ST_354.6.1.1" STYLEREFS="Style_4" VPOS="2120" WIDTH="180" WC="1.00" CC="000000000" TAGREFS=""/>
          </TextLine>
        </TextBlock>
        <TextBlock HEIGHT="45.0" HPOS="391.0" ID="BL_354.7" TAGREFS="b354-9" VPOS="2241.0" WIDTH="580.0">
          <TextLine HEIGHT="45" HPOS="391" ID="TL_354.7.1" VPOS="2241" WIDTH="580">
            <String CONTENT="Purtle," HEIGHT="41" HPOS="391" ID="ST_354.7.1.1" STYLEREFS="Style_3" VPOS="2241" WIDTH="160" WC="0.79" CC="0090000" TAGREFS=""/>
            <SP HPOS="551" ID="SP_354.7.1.2" VPOS="2242" WIDTH="21"/>
            <String CONTENT="J.," HEIGHT="40" HPOS="572" ID="ST_354.7.1.3" STYLEREFS="Style_2" VPOS="2242" WIDTH="42" WC="0.95" CC="099" TAGREFS=""/>
            <SP HPOS="614" ID="SP_354.7.1.4" VPOS="2246" WIDTH="22"/>
            <String CONTENT="not" HEIGHT="30" HPOS="636" ID="ST_354.7.1.5" STYLEREFS="Style_2" VPOS="2246" WIDTH="59" WC="1.00" CC="000" TAGREFS=""/>
            <SP HPOS="695" ID="SP_354.7.1.6" VPOS="2241" WIDTH="20"/>
            <String CONTENT="participating." HEIGHT="45" HPOS="715" ID="ST_354.7.1.7" STYLEREFS="Style_2" VPOS="2241" WIDTH="256" WC="1.00" CC="00000000000000" TAGREFS=""/>
          </TextLine>
        </TextBlock>
      </PrintSpace>
    </Page>
  </Layout>
</alto>
