1657 2694
1295 250 67 34 455

245 520 132 35 Robert
399 521 36 34 C.
458 522 196 42 Marquen,
675 520 53 35 for
748 521 187 43 appellant.

244 601 105 34 Steve
364 599 120 42 Clark,
499 600 100 44 Att’y
613 600 101 41 Gen.,
729 600 55 44 by:
803 600 181 36 Theodore
997 599 148 43 Holder,
1159 601 94 34 Asst.
1267 600 100 44 Att’y

154 649 101 42 Gen.,
277 649 53 35 for
350 650 164 44 appellee.

246 730 154 35 Robert
412 730 45 34 H.
470 730 173 41 Dudley,
654 730 142 35 Justice.

808 730 200 45 Appellant,
1021 730 157 35 Michael
1188 730 179 41 Hallman,

155 779 70 35 and
236 780 134 34 Arthur
381 779 89 35 Dale
481 780 128 44 Taylor
620 791 90 24 were
717 780 125 44 jointly
853 780 152 44 charged
1016 780 84 35 with
1111 780 59 35 the
1181 780 140 35 murder
1332 780 39 35 of

156 830 81 43 Ivey
250 830 113 34 Jones.
378 829 156 35 Michael
549 830 167 35 Hallman
729 841 70 24 was
812 830 108 35 found
933 830 111 44 guilty
1056 830 40 36 of
1106 830 125 35 second
1243 830 126 44 degree

156 879 140 35 murder
319 879 100 35 while
441 879 134 36 Arthur
598 880 90 35 Dale
709 880 127 44 Taylor
859 880 68 35 and
950 880 177 44 appellant
1149 892 89 24 were
1260 880 108 35 found

155 929 111 44 guilty
275 929 40 35 of
320 930 74 34 first
404 929 125 44 degree
539 930 150 35 murder.
700 930 97 44 They
806 931 124 44 appeal
939 930 205 44 separately.
1155 931 168 44 Opinions
1333 930 35 35 in

156 979 46 35 all
220 979 98 35 three
335 990 96 25 cases
449 990 60 25 are
526 980 139 35 handed
683 980 100 35 down
801 980 67 35 this
886 980 92 35 date.
997 981 189 43 Appellant
1203 980 165 36 contends

156 1029 99 35 there
276 1041 71 23 was
368 1029 209 36 insufficient
598 1030 163 35 evidence
782 1035 36 30 to
839 1031 134 35 sustain
994 1030 54 35 his
1069 1031 203 35 conviction.
1294 1030 76 35 The

157 1085 185 37 argument
361 1080 28 35 is
409 1079 229 36 meritorious.
660 1080 66 35 We
745 1091 133 24 reverse
897 1081 70 34 and
987 1080 147 35 dismiss.

250 1159 39 34 In
298 1159 154 43 January
460 1158 39 35 of
509 1160 100 40 1984,
619 1159 60 35 the
687 1159 182 35 Crawford
878 1160 141 44 County
1027 1160 158 35 Sheriff’s
1193 1161 99 34 office
1299 1171 70 24 was

157 1208 142 35 notified
310 1209 77 35 that
397 1213 68 30 two
475 1209 143 35 hunters
629 1209 70 35 had
710 1208 108 36 found
829 1221 20 23 a
860 1220 121 34 corpse
991 1209 35 35 in
1037 1221 20 23 a
1069 1210 93 35 rural
1173 1221 81 24 area
1265 1209 39 35 of
1311 1210 59 35 the

157 1263 139 39 county.
311 1258 245 44 Investigation
569 1258 139 36 showed
720 1259 60 35 the
791 1270 120 34 corpse
922 1265 36 30 to
970 1259 44 36 be
1026 1259 77 35 that
1114 1260 40 34 of
1164 1261 79 43 Ivey
1255 1260 114 35 Jones.

157 1309 58 34 An
231 1313 145 39 autopsy
391 1308 138 35 showed
544 1309 77 35 that
635 1309 61 35 the
708 1309 119 35 victim
842 1309 79 35 died
936 1310 92 34 from
1042 1314 68 30 two
1125 1320 131 31 causes,
1271 1309 100 35 blunt

158 1363 139 30 trauma
310 1363 35 30 to
357 1359 59 34 the
427 1358 63 35 left
502 1358 74 35 side
587 1359 40 34 of
635 1359 60 35 the
706 1358 90 35 head
808 1359 68 34 and
888 1359 79 35 four
978 1359 79 35 stab
1068 1359 142 35 wounds
1222 1360 149 43 through

158 1407 60 35 the
227 1408 91 35 back
326 1408 111 35 which
447 1408 139 44 pierced
595 1409 60 34 the
664 1408 92 43 right
766 1408 82 44 lung
858 1409 68 35 and
936 1410 60 34 the
1005 1414 109 30 aorta.
1126 1409 246 44 Investigation

158 1457 56 35 led
234 1462 37 30 to
290 1458 186 44 appellant,
498 1458 157 35 Michael
676 1458 178 42 Hallman,
875 1459 69 35 and
964 1459 134 35 Arthur
1118 1459 89 35 Dale
1226 1459 136 44 Taylor.

249 1538 50 34 At
311 1538 89 42 trial,
413 1537 59 36 the
484 1537 223 37 in-custodial
720 1543 202 31 statements
935 1539 40 35 of
983 1538 87 36 each
1082 1538 189 37 defendant
1282 1550 89 24 were

158 1587 204 36 introduced
383 1589 72 34 into
475 1588 163 36 evidence
658 1588 91 36 after
769 1589 59 35 the
848 1600 119 25 names
987 1589 40 35 of
1044 1589 60 36 the
1123 1589 247 36 codefendants

158 1649 91 24 were
260 1638 147 35 deleted.
418 1639 69 34 See
498 1640 136 33 Bruton
644 1651 31 23 v.
691 1639 128 35 United
827 1640 132 41 States,
974 1640 63 34 391
1053 1640 84 34 U.S.
1155 1641 62 33 123
1234 1639 137 44 (1968);

158 1688 136 34 Parker
304 1699 31 23 v.
348 1688 203 44 Randolph,
565 1689 69 33 442
647 1688 84 35 U.S.
747 1689 44 33 62
806 1688 138 43 (1979);
957 1688 70 35 and
1041 1689 163 35 Gammel
1214 1701 31 23 v.
1258 1689 113 41 State,

159 1738 68 34 259
237 1738 86 34 Ark.
334 1738 130 41 96, 531
478 1737 144 35 S.W.2d
632 1738 69 34 474
713 1737 136 44 (1976).
859 1738 75 35 The
943 1738 217 44 inculpatory
1169 1743 202 31 statements

158 1786 40 35 of
206 1787 156 35 Michael
373 1787 167 35 Hallman
550 1787 70 35 and
629 1787 134 35 Arthur
773 1788 89 35 Dale
870 1789 128 43 Taylor
1007 1788 104 35 make
1119 1799 44 24 no
1173 1788 153 36 mention
1335 1788 40 35 of

159 1837 187 44 appellant.
361 1837 189 44 Appellant
563 1848 86 33 gave
662 1848 45 25 an
721 1838 222 44 exculpatory
956 1843 188 30 statement
1156 1838 35 35 in
1204 1838 112 35 which
1329 1838 43 35 he

159 1886 76 35 said
251 1887 44 34 he
311 1887 80 44 only
407 1897 69 24 saw
494 1887 157 35 Michael
668 1887 167 36 Hallman
851 1888 69 35 and
936 1888 134 35 Arthur
1087 1888 89 35 Dale
1191 1888 126 45 Taylor
1334 1899 38 24 as

160 1936 82 44 they
254 1936 104 35 drove
369 1937 46 43 by
426 1937 52 34 his
490 1937 165 35 mother’s
667 1938 117 34 house.
798 1939 56 33 He
865 1938 75 34 said
952 1938 44 35 he
1007 1938 83 35 then
1102 1938 134 35 walked
1247 1949 79 24 over
1338 1943 36 29 to

159 1986 157 43 Taylor’s
337 1986 127 35 mobile
483 1986 104 36 home
606 1987 114 34 where
740 1997 20 24 a
780 1987 62 34 fire
861 1998 70 24 was
952 1987 148 43 burning
1120 1987 145 35 outside.

252 2065 135 43 Regina
415 2064 168 35 McGrew
611 2065 149 35 testified
787 2065 76 35 that
890 2066 59 34 the
975 2065 99 35 three
1099 2065 40 35 of
1162 2066 96 35 them
1284 2077 90 23 were

159 2114 159 43 together
334 2113 134 36 outside
483 2115 156 43 Taylor’s
655 2115 128 35 mobile
798 2115 102 35 home
915 2116 100 34 when
1030 2115 127 44 Taylor
1173 2115 132 36 burned
1320 2115 53 35 his

160 2163 249 37 blood-soaked
438 2164 86 35 shirt
553 2165 35 35 in
617 2165 59 35 the
704 2165 72 35 fire.
807 2165 91 35 That
927 2166 28 35 is
984 2165 47 35 all
1059 2165 40 35 of
1124 2165 60 36 the
1212 2165 162 36 evidence

160 2215 207 44 connecting
387 2215 176 44 appellant
583 2220 36 30 to
638 2216 60 35 the
717 2215 117 36 crime.

392 2295 74 35 The
487 2295 180 45 foregoing
688 2295 82 35 does
791 2301 59 30 not
871 2297 187 35 constitute
1079 2296 207 36 substantial
1307 2296 67 35 evi­

160 2344 110 36 dence
285 2345 40 35 of
337 2346 59 34 the
411 2345 86 43 guilt
513 2345 40 35 of
565 2347 187 44 appellant.
768 2346 75 34 The
858 2346 207 35 substantial
1081 2346 162 35 evidence
1258 2357 115 24 neces­

160 2405 80 32 sary
251 2400 36 29 to
297 2400 141 38 support
449 2406 20 23 a
480 2395 193 35 conviction
684 2400 93 29 must
787 2395 43 35 be
839 2396 40 34 of
886 2395 171 35 sufficient
1067 2395 94 35 force
1171 2396 77 34 that
1258 2396 26 34 it
1293 2396 80 40 will,
