1666 2704
300 414 118 45 period
432 425 70 24 was
516 414 70 35 Mr.
601 413 115 36 Smith
730 423 43 25 on
787 413 59 35 the
859 412 220 40 medication,
1093 411 174 36 Triavil?”
1282 411 74 34 The
1369 410 141 35 defense

300 465 106 35 asked
423 464 77 35 that
517 464 59 35 the
594 463 147 36 exhibits
760 463 42 36 be
819 467 75 31 sent
912 468 36 29 to
965 462 59 35 the
1037 462 81 44 jury
1137 462 147 34 because
1301 461 60 35 the
1378 470 131 25 answer

300 515 102 34 could
422 515 87 34 have
528 514 87 35 been
635 513 108 35 found
763 513 34 35 in
817 523 65 24 one
901 512 39 35 of
957 512 58 35 the
1035 511 157 35 exhibits.
1213 511 75 35 The
1307 510 79 35 trial
1402 510 108 44 judge

300 563 156 35 declined
473 569 35 29 to
524 563 44 34 do
584 574 37 23 so
638 563 68 34 and
722 562 72 35 told
810 562 60 35 the
881 562 82 43 jury
978 561 26 35 it
1020 561 113 35 would
1149 561 87 34 have
1253 566 34 28 to
1303 560 73 43 rely
1391 571 44 23 on
1452 560 58 34 the

301 613 161 34 evidence
472 612 192 44 previously
675 610 191 45 presented.
878 610 206 44 Appellants
1094 610 151 34 concede
1254 609 77 34 that
1341 609 68 34 this
1420 609 90 34 issue

301 661 78 35 falls
391 661 118 34 within
521 661 57 34 the
589 660 78 35 trial
674 660 136 43 judge’s
821 659 195 41 discretion,
1029 659 61 34 but
1101 659 82 42 they
1193 658 129 35 believe
1332 658 52 34 his
1395 657 114 35 denial

300 721 70 23 was
393 721 44 23 an
459 710 107 35 abuse
588 709 39 35 of
646 709 195 35 discretion.
865 709 65 34 We
951 708 158 43 disagree
1130 708 77 34 that
1228 708 52 33 his
1303 707 115 35 action
1440 717 69 23 was

301 759 134 44 beyond
456 760 58 34 the
534 758 133 36 bounds
687 758 40 35 of
742 758 195 36 discretion.

301 275 67 33 522

890 844 30 34 V

390 921 75 35 The
490 921 192 42 remaining
708 920 96 44 point
829 930 164 24 concerns
1020 931 20 23 a
1062 919 80 44 jury
1169 919 203 35 instruction
1398 918 111 35 which

300 971 193 43 appellants
509 981 61 32 say
585 970 122 34 should
723 975 59 29 not
798 970 87 34 have
901 970 85 34 been
1002 969 109 43 given.
1129 969 74 34 The
1218 968 203 35 instruction
1438 967 71 35 told

301 1020 59 35 the
372 1020 80 43 jury
470 1020 34 34 in
521 1019 103 36 effect
641 1019 76 35 that
733 1018 197 44 conflicting
948 1023 203 30 statements
1168 1018 103 35 made
1287 1017 35 35 in
1339 1017 59 35 the
1415 1028 95 24 same

301 1069 216 45 proceeding,
537 1069 31 35 if
582 1070 108 34 found
710 1075 36 29 to
764 1069 87 35 have
869 1068 176 41 occurred,
1065 1067 209 38 constituted
1294 1067 162 35 evidence
1474 1066 39 35 of

301 1121 148 43 perjury.
468 1120 65 35 We
549 1119 87 36 need
653 1125 60 29 not
730 1130 131 24 answer
877 1119 60 35 the
953 1118 167 35 assertion
1137 1118 76 35 that
1229 1118 60 34 the
1305 1117 204 36 instruction

300 1170 187 35 amounted
505 1175 36 29 to
556 1180 20 25 a
593 1174 175 30 comment
785 1180 43 24 on
845 1169 59 35 the
920 1169 171 40 evidence,
1108 1179 39 24 as
1163 1168 60 35 the
1238 1167 120 36 record
1375 1168 135 34 reflects

301 1220 76 34 that
397 1230 43 24 no
460 1220 85 34 such
565 1219 203 35 instruction
788 1230 70 23 was
878 1219 125 43 given.1

391 1296 74 34 The
481 1295 184 44 judgment
684 1306 44 24 on
748 1295 59 34 the
827 1300 177 29 sentences
1024 1294 28 34 is
1072 1294 168 35 affirmed.

368 2415 8 14 1
412 2415 107 29 Record,
534 2422 40 25 pp.
590 2415 120 25 289-296.

391 1372 160 39 Purtle,
571 1372 43 39 J.,
634 1376 61 29 not
714 1370 255 44 participating.

352 1648 138 35 Marvia
511 1648 208 36 DUGGAR
739 1658 28 23 v.
789 1648 184 34 ARROW
993 1647 171 35 COACH
1185 1647 154 41 LINES,
1361 1647 97 34 INC.

302 1726 125 34 85-271

1189 1725 66 33 707
1277 1723 143 35 S.W.2d
1442 1723 66 35 316

627 1802 170 44 Supreme
817 1801 110 36 Court
947 1801 40 35 of
1003 1802 177 34 Arkansas

578 1852 152 44 Opinion
750 1851 171 36 delivered
941 1852 100 43 April
1065 1853 52 40 14,
1142 1852 88 34 1986
