1665 2690
300 405 68 23 was
389 394 218 43 inadequate.
628 393 74 35 The
720 398 184 39 argument
923 392 118 35 merits
1060 392 81 44 only
1160 391 132 35 limited
1311 391 201 35 discussion.

300 444 188 43 Appellant
498 443 165 34 contends
674 443 76 34 that
760 443 59 34 the
828 448 161 30 amounts
1000 441 160 35 awarded
1171 441 53 35 for
1234 442 59 34 the
1302 442 166 34 elements
1478 440 39 35 of

301 493 147 34 medical
462 503 164 33 expenses
640 492 68 35 and
722 493 65 34 lost
801 493 135 33 income
948 502 89 24 were
1050 492 220 43 inadequate,
1284 491 69 34 and
1366 492 59 33 the
1434 491 80 43 jury

300 542 122 35 should
444 543 86 33 have
550 541 161 35 awarded
732 541 165 43 damages
918 541 54 34 for
992 541 80 43 pain
1094 540 68 35 and
1182 540 178 43 suffering.

301 252 66 34 560

484 616 74 34 The
576 616 162 34 evidence
755 627 43 23 on
816 616 59 33 the
892 616 166 33 elements
1076 615 39 34 of
1129 614 150 43 damage
1296 614 53 34 for
1366 614 148 34 medical

301 676 164 33 expenses
476 665 68 34 and
555 665 65 34 lost
630 665 136 34 income
774 676 70 23 was
855 665 34 33 in
899 664 150 40 conflict,
1060 664 69 34 and
1139 664 114 34 where
1262 675 20 23 a
1289 664 81 43 jury
1380 669 134 29 returns

300 726 20 23 a
345 714 131 35 verdict
502 714 52 34 for
580 714 206 35 substantial
811 714 166 43 damages
1002 724 44 23 on
1072 713 197 43 conflicting
1295 712 173 42 evidence,
1493 724 20 23 a

297 764 185 44 judgment
498 764 140 34 entered
656 764 142 34 thereon
814 763 68 34 will
900 769 59 29 not
976 763 43 34 be
1034 762 179 36 disturbed
1230 774 44 23 on
1291 763 123 43 appeal
1431 773 83 24 even

301 814 132 43 though
446 815 59 34 the
517 813 162 35 evidence
691 813 112 35 would
816 813 87 34 have
915 813 176 34 sustained
1105 824 20 23 a
1136 812 132 35 verdict
1280 812 54 35 for
1346 823 21 23 a
1379 817 136 39 greater

300 869 154 30 amount.
477 863 138 35 Pickett
636 863 96 35 Lake
752 865 127 33 Farms
898 874 29 23 v.
949 862 175 41 Sullivan,
1147 863 66 33 245
1236 863 85 34 Ark.
1345 863 78 40 709,
1446 862 68 34 434

301 913 143 35 S.W.2d
466 915 41 33 88
532 913 137 43 (1968).

391 989 75 35 The
474 989 81 43 jury
567 988 103 35 made
683 999 43 23 no
739 987 117 36 award
869 987 53 35 for
935 988 81 44 pain
1029 988 68 34 and
1110 987 167 44 suffering
1290 986 225 45 experienced

301 1040 34 34 in
356 1039 59 35 the
435 1044 77 39 past
533 1039 44 43 by
598 1038 187 45 appellant,
807 1038 118 35 Eileen
946 1038 142 35 Shaver.
1111 1037 97 35 With
1228 1042 134 40 respect
1383 1043 35 29 to
1439 1037 76 35 that

301 1090 149 34 element
463 1089 39 35 of
512 1088 160 44 damage,
687 1088 26 35 it
727 1088 27 35 is
767 1089 190 43 important
970 1093 35 30 to
1019 1094 80 29 note
1112 1088 77 35 that
1202 1088 61 34 she
1276 1087 149 35 testified
1439 1088 76 34 that

301 1140 45 42 by
355 1139 59 34 the
423 1139 85 34 time
517 1139 58 34 the
584 1139 111 43 police
704 1138 134 35 arrived
848 1143 36 30 at
893 1139 59 34 the
961 1138 159 35 accident
1129 1148 101 24 scene
1239 1138 61 34 she
1309 1137 63 35 felt
1381 1149 44 23 no
1434 1137 81 44 pain

301 1188 68 34 and
382 1187 58 34 did
454 1193 59 29 not
525 1188 131 34 believe
668 1188 60 33 she
740 1199 69 23 was
823 1187 107 44 really
942 1188 90 33 hurt.
1047 1188 39 33 In
1099 1187 83 40 fact,
1197 1188 87 33 Mrs.
1298 1187 133 34 Shaver
1443 1186 72 35 told

301 1237 59 34 the
374 1237 243 42 investigating
632 1237 110 42 police
756 1237 116 33 officer
886 1236 76 34 that
976 1236 61 34 she
1051 1247 70 23 was
1135 1241 60 29 not
1209 1235 147 43 injured.
1371 1236 72 34 She
1456 1235 59 34 did

302 1291 59 29 not
376 1286 81 34 seek
473 1285 147 35 medical
636 1290 188 30 treatment
839 1285 88 34 until
944 1285 77 34 four
1036 1285 112 34 weeks
1165 1284 90 35 after
1270 1285 60 34 the
1345 1284 170 40 accident,

300 1334 69 35 and
380 1345 70 24 was
460 1335 82 34 then
553 1334 135 35 treated
700 1334 44 44 by
754 1336 61 33 Dr.
828 1335 82 40 Box,
922 1346 21 23 a
953 1334 148 35 medical
1112 1334 131 42 doctor,
1254 1334 81 43 only
1344 1344 65 24 one
1419 1334 95 34 time.

301 1386 61 33 Dr.
375 1385 73 34 Box
458 1384 59 35 did
529 1389 59 29 not
599 1384 129 44 testify.
741 1384 70 35 She
822 1384 87 34 later
920 1389 90 29 went
1021 1388 36 30 to
1068 1385 61 33 Dr.
1141 1384 135 41 Sevcik,
1287 1394 21 24 a
1319 1383 195 44 chiroprac-

301 1440 64 35 tor,
376 1434 62 34 but
449 1435 61 34 she
520 1433 68 35 had
599 1439 60 30 not
669 1445 80 23 seen
760 1434 72 34 him
843 1434 34 34 in
888 1445 20 23 a
919 1445 82 33 year
1011 1434 69 34 and
1090 1445 21 23 a
1122 1433 84 35 half.
1218 1434 71 34 She
1299 1433 170 35 admitted
1479 1438 37 29 at

301 1484 89 41 trial,
409 1484 68 35 and
495 1484 58 34 the
565 1484 82 44 jury
662 1484 179 43 obviously
856 1483 176 41 observed,
1051 1484 76 34 that
1143 1483 61 35 she
1220 1483 102 35 could
1339 1494 99 24 move
1454 1483 62 34 her

301 1534 89 34 head
400 1534 108 43 freely
517 1545 46 32 up
573 1534 68 34 and
651 1533 100 35 down
761 1533 68 35 and
838 1539 36 29 to
883 1533 59 35 the
951 1533 82 35 side.
1045 1533 71 35 She
1124 1533 149 35 testified
1282 1533 77 34 that
1368 1533 59 35 the
1435 1533 80 43 only

301 1583 209 35 medication
523 1583 60 34 she
595 1583 69 35 had
676 1594 78 24 ever
765 1584 104 34 taken
882 1583 53 35 for
947 1583 59 35 the
1017 1584 81 42 pain
1109 1594 70 23 was
1191 1583 155 44 Tylenol,
1359 1582 68 35 and
1439 1582 76 35 that

300 1634 61 34 she
382 1633 80 44 only
483 1633 81 35 took
585 1633 25 35 it
633 1633 255 35 sometimes.
911 1633 82 34 This
1015 1632 162 35 evidence
1194 1643 73 24 .was
1288 1632 171 35 sufficient
1480 1637 36 29 to

301 1688 115 30 create
431 1683 130 35 serious
576 1682 108 36 doubt
699 1682 35 35 in
749 1683 60 35 the
819 1682 109 44 jurys
944 1682 96 35 mind
1056 1693 37 24 as
1108 1688 36 29 to
1158 1682 154 35 whether
1327 1682 187 44 appellant,

301 1733 118 34 Eileen
434 1733 142 41 Shaver,
591 1733 92 44 truly
697 1733 226 43 experienced
937 1733 81 44 pain
1032 1732 69 35 and
1115 1732 167 44 suffering
1296 1731 170 36 sufficient
1480 1737 35 29 to

302 1783 119 35 entitle
440 1784 62 34 her
522 1788 35 30 to
577 1794 44 24 an
642 1783 117 35 award
780 1783 39 35 of
836 1782 176 44 damages.

392 1857 180 35 Affirmed.

392 1933 160 40 Purtle,
573 1932 43 41 J.,
637 1937 60 29 not
716 1931 257 44 participating.
