1665 2702
1290 261 66 33 339

236 484 148 39 Hardin,
398 485 125 33 Jesson
537 485 30 34 &
581 486 162 38 Dawson,
755 483 54 44 by:
821 485 79 33 Rex
910 486 52 32 M.
979 485 116 42 Terry,
1107 484 53 34 for
1171 483 186 45 appellant.

237 566 167 39 Gardner,
424 565 159 35 Gardner
601 567 31 33 &
650 565 150 41 Hardin,
818 566 54 43 by:
888 565 157 45 Stephen
1063 567 37 33 C.
1120 566 167 40 Gardner,
1304 565 54 35 for

145 616 166 43 appellee.

237 698 163 34 Ronald
419 698 43 33 A.
484 698 105 40 May,
610 697 137 44 Special
767 697 140 35 Justice.

927 697 84 35 This
1031 698 28 33 is
1079 709 20 23 a
1118 698 68 34 suit
1206 698 44 44 by
1271 698 88 34 First

145 747 170 35 National
330 747 98 35 Bank
441 747 38 34 of
490 748 219 34 Russellville
721 752 37 29 to
771 758 138 24 recover
922 747 173 44 royalties,
1110 748 166 43 penalties
1291 747 68 35 and

146 797 188 43 attorney’s
348 797 70 34 fees
433 796 109 35 under
556 808 44 23 an
614 797 46 35 oil
674 797 68 35 and
755 808 61 32 gas
830 797 93 35 lease
935 798 100 43 given
1049 803 36 28 to
1097 798 99 34 TXO
1210 797 148 35 Produc-

145 846 73 35 tion
241 846 239 44 Corporation.
504 847 141 43 Shortly
667 846 90 35 after
779 847 68 34 suit
868 859 70 23 was
960 847 92 40 filed,
1074 847 99 34 TXO
1195 847 165 35 tendered

146 896 173 43 royalties,
333 895 68 36 and
414 896 67 34 this
495 897 116 34 action
624 896 186 35 continued
823 897 79 43 only
915 908 38 23 as
966 907 66 24 one
1044 896 54 35 for
1111 897 166 43 penalties
1291 896 69 35 and

145 946 189 44 attorney’s
353 946 81 34 fees.
453 946 75 34 The
545 947 95 34 Trial
660 947 110 34 Court
788 946 108 34 found
915 947 53 34 for
986 946 60 34 the
1063 947 94 34 bank
1174 947 68 34 and
1260 946 99 35 TXO

145 995 180 44 appealed.
347 996 73 34 The
440 1006 80 24 case
540 1007 71 23 was
632 995 211 36 transferred
863 1002 36 29 to
919 997 69 34 this
1010 996 110 34 Court
1140 996 109 35 under
1270 996 90 35 Rule

147 1044 160 44 29(l)(c)
330 1044 68 36 and
420 1044 66 44 (n).
508 1046 67 34 We
595 1057 59 23 are
674 1045 172 44 affirming
867 1046 59 35 the
944 1046 97 35 Trial
1062 1046 120 35 Court.

331 1127 74 35 The
425 1127 168 43 penalties
614 1138 90 24 were
725 1127 154 35 assessed
900 1127 110 35 under
1031 1128 70 34 Act
1122 1129 67 33 269
1211 1128 39 35 of
1272 1129 83 34 1981

148 1176 102 43 (Ark.
272 1177 89 35 Stat.
382 1177 91 34 Ann.
497 1177 17 43 §
539 1177 159 43 53-525),
720 1177 111 35 which
852 1177 100 35 reads
973 1188 37 24 as
1031 1177 143 36 follows:

362 1258 66 35 “A.
444 1258 75 35 The
534 1259 164 43 proceeds
714 1258 138 35 derived
868 1259 91 35 from
974 1259 59 34 the
1048 1260 72 34 sale
1135 1259 39 35 of
1186 1260 45 34 oil
1246 1270 38 24 or
1298 1270 62 33 gas

271 1308 203 44 production
486 1308 90 35 from
588 1320 68 33 any
666 1308 45 36 oil
722 1319 38 24 or
771 1319 60 33 gas
842 1310 76 34 well
929 1309 88 35 shall
1029 1309 43 35 be
1082 1309 81 45 paid
1174 1315 36 29 to
1220 1320 139 34 persons

272 1358 125 45 legally
410 1358 143 35 entitled
568 1359 145 41 thereto,
728 1360 239 43 commencing
981 1370 44 24 no
1039 1359 88 35 later
1140 1360 85 34 than
1238 1360 51 36 six
1305 1359 53 44 (6)

272 1409 137 34 months
423 1408 90 35 after
528 1409 59 34 the
601 1409 81 35 date
696 1409 39 34 of
746 1409 73 35 first
833 1410 81 41 sale,
930 1409 69 35 and
1013 1410 189 34 thereafter
1216 1421 44 24 no
1273 1410 88 35 later

271 1459 85 34 than
371 1458 89 43 sixty
477 1458 78 43 (60)
573 1459 85 43 days
674 1458 91 35 after
780 1459 59 34 the
853 1460 67 34 end
935 1460 40 34 of
987 1459 60 34 the
1061 1460 163 34 calendar
1239 1460 121 34 month

271 1508 119 34 within
400 1508 112 34 which
522 1508 211 44 subsequent
743 1508 204 44 production
958 1510 27 33 is
996 1509 85 34 sold.
1092 1509 94 36 Such
1197 1514 164 39 payment

271 1557 28 35 is
325 1563 35 30 to
385 1557 43 35 be
452 1557 103 35 made
580 1563 36 30 to
641 1569 140 33 persons
807 1559 142 34 entitled
975 1558 135 35 thereto
1134 1559 45 44 by
1204 1560 59 34 the
1287 1559 74 34 first

271 1608 203 43 purchasers
488 1607 39 35 of
537 1608 86 35 such
636 1608 215 44 production.
865 1608 180 42 Provided,
1058 1609 85 34 such
1157 1610 203 43 purchasers

272 1669 81 33 may
370 1658 101 34 remit
488 1663 36 29 to
541 1658 60 35 the
617 1669 140 33 persons
775 1659 143 34 entitled
935 1665 36 29 to
988 1659 85 34 such
1090 1659 163 44 proceeds
1270 1658 92 36 from

272 1707 203 44 production
500 1708 270 44 semi-annually
794 1708 53 35 for
872 1709 59 34 the
955 1714 189 38 aggregate
1168 1709 39 35 of
1228 1710 51 34 six
1305 1708 54 44 (6)

272 1757 149 35 months’
431 1758 257 35 accumulation
698 1758 39 34 of
742 1759 157 43 monthly
908 1758 164 44 proceeds
1081 1759 40 34 of
1126 1764 160 30 amounts
1295 1759 66 34 less

272 1807 84 35 than
376 1807 133 35 Fifteen
529 1808 137 34 Dollars
687 1807 172 44 ($15.00).
878 1809 51 34 As
947 1808 85 35 used
1050 1808 35 34 in
1103 1809 68 34 this
1188 1810 80 40 Act,
1287 1808 75 35 first

271 1857 187 44 purchaser
469 1857 88 34 shall
569 1869 103 23 mean
684 1857 60 34 the
754 1858 73 34 first
838 1858 223 35 commercial
1072 1859 187 42 purchaser
1271 1858 90 35 after

271 1906 208 45 completion
492 1906 39 35 of
541 1907 59 35 the
613 1908 76 34 well
702 1907 69 34 and
784 1907 89 35 shall
885 1913 60 29 not
957 1908 139 34 include
1108 1908 204 44 purchasers
1325 1908 39 34 of

272 1956 45 35 oil
327 1968 38 24 or
374 1967 61 33 gas
445 1956 125 45 during
580 1957 112 35 initial
701 1957 127 44 testing
837 1958 92 44 prior
939 1963 36 30 to
984 1958 220 44 completion.
1216 1958 146 35 Further

272 2007 174 44 provided,
457 2007 76 35 that
543 2019 68 33 any
621 2008 102 44 delay
732 2008 35 34 in
777 2008 231 44 determining
1018 2008 59 35 the
1086 2019 140 34 persons
1236 2008 126 45 legally

272 2057 143 36 entitled
433 2063 36 29 to
486 2069 45 23 an
550 2058 143 35 interest
711 2058 34 35 in
763 2059 85 34 such
866 2058 164 45 proceeds
1049 2059 91 34 from
1157 2059 204 44 production

271 2106 128 36 caused
420 2107 45 43 by
486 2108 266 34 unmarketable
772 2108 75 34 title
868 2114 35 29 to
924 2108 85 35 such
1030 2109 143 34 interest
1193 2109 88 34 shall
1302 2114 60 29 not

272 2156 105 34 affect
403 2161 182 37 payments
611 2162 36 28 to
673 2167 140 33 persons
839 2158 115 33 whose
979 2157 76 33 title
1080 2158 28 32 is
1135 2157 225 34 marketable.

271 2203 179 41 Provided,
474 2204 168 41 however,
665 2205 77 34 that
766 2205 35 33 in
823 2205 98 34 those
944 2206 173 34 instances
1140 2206 114 34 where
1276 2206 86 34 such

272 2253 163 44 proceeds
455 2259 127 29 cannot
602 2254 42 34 be
663 2254 81 44 paid
764 2254 149 35 because
931 2255 59 34 the
1009 2255 75 34 title
1103 2255 134 34 thereto
1255 2255 28 34 is
1302 2260 60 29 not

272 2303 226 41 marketable,
511 2303 59 35 the
581 2304 205 44 purchasers
798 2304 39 34 of
845 2304 85 35 such
943 2304 204 45 production
1159 2305 87 34 shall
1258 2315 105 24 cause

272 2353 46 35 all
330 2353 163 45 proceeds
504 2353 68 36 due
582 2354 85 35 such
679 2355 142 34 interest
831 2359 36 30 to
877 2366 83 24 earn
972 2355 142 35 interest
1125 2360 36 30 at
1171 2355 59 35 the
1241 2360 75 30 rate
1326 2354 40 36 of

272 2404 95 45 eight
379 2409 140 41 percent
535 2404 89 45 (8%)
640 2415 60 35 per
714 2416 141 31 annum,
869 2406 87 35 until
969 2405 85 36 such
1068 2405 84 36 time
1165 2417 37 24 as
1216 2406 59 35 the
1287 2405 76 36 title
