1655 2685
308 418 60 29 not
385 413 82 33 then
486 411 220 35 intoxicated.
725 413 50 33 At
792 412 59 34 the
868 412 218 40 courthouse,
1105 411 140 43 waiting
1264 417 35 28 to
1317 412 43 33 be
1377 412 142 34 interro-

308 462 115 43 gated,
439 462 69 34 Mr.
525 461 217 35 Richardson
757 461 103 35 made
873 472 20 23 a
908 460 77 35 half
996 461 109 35 dozen
1119 462 85 43 trips
1219 466 35 29 to
1268 461 60 34 the
1341 467 177 35 restroom,

308 512 153 43 showing
478 511 193 44 increasing
687 511 162 35 evidencé
865 510 40 35 of
918 511 235 34 intoxication.
1172 512 39 34 In
1228 510 59 35 the
1303 511 94 44 early
1414 511 104 34 after-

308 573 100 30 noon,
421 567 36 30 at
468 561 59 35 the
539 561 120 35 behest
670 561 39 35 of
718 561 52 35 his
781 572 76 24 own
869 561 153 44 nephew,
1036 572 20 24 a
1068 561 139 45 deputy,
1221 561 216 35 Richardson
1449 572 69 24 was

308 610 165 37 searched
485 611 68 35 and
565 623 45 23 an
621 617 118 39 empty
750 611 159 36 one-half
916 611 75 44 pint
1003 611 108 35 bottle
1121 611 39 35 of
1168 611 152 44 whiskey
1330 622 70 24 was
1411 611 108 35 found

308 662 35 34 in
358 662 53 34 his
426 662 91 35 boot.
534 662 74 34 The
623 662 185 44 testimony
823 661 40 34 of
874 661 60 35 the
949 662 143 43 nephew
1107 662 69 34 and
1191 666 68 29 two
1273 662 99 34 other
1387 662 132 34 officers

308 711 163 44 provided
484 722 19 23 a
517 711 207 35 substantial
737 712 91 34 basis
841 711 53 34 for
907 711 59 34 the
978 711 132 43 finding
1121 711 40 34 of
1170 711 59 35 the
1241 711 79 34 trial
1333 716 98 29 court
1443 712 76 34 that

307 761 98 34 there
434 770 70 25 was
535 760 166 44 probable
731 771 104 24 cause
865 765 35 29 to
931 766 109 29 arrest
1071 760 217 35 Richardson
1319 760 54 35 for
1403 761 116 43 public

308 810 234 35 intoxication.

309 274 68 33 416

398 890 15 33 I
433 888 150 35 concede
603 889 97 34 there
719 900 59 23 are
797 899 96 25 cases
913 889 211 43 prohibiting
1144 900 20 24 a
1184 889 194 44 pretextual
1398 895 119 35 arrest,

306 949 96 24 some
419 938 39 35 of
473 938 111 34 which
603 939 59 33 the
679 939 162 43 majority
859 938 62 34 has
939 938 102 35 cited.
1061 940 68 33 But
1147 949 89 24 none
1253 938 39 34 of
1307 939 98 34 those
1422 950 96 23 cases

307 987 186 35 withstand
506 987 91 34 close
609 988 217 43 comparison
839 988 83 33 with
934 988 59 34 the
1005 998 80 24 case
1097 988 119 34 before
1228 999 50 22 us.
1293 989 40 32 In
1344 988 176 34 Amador-­

308 1036 174 34 Gonzales
500 1047 30 23 v.
553 1036 128 34 United
696 1037 131 40 States,
848 1037 63 33 391
936 1036 84 34 F.2d
1042 1038 65 32 308
1130 1036 78 43 (5th
1227 1036 71 34 Cir.
1323 1036 117 43 1968),
1460 1037 59 34 the

307 1085 186 43 appellant,
510 1084 109 35 under
634 1086 225 34 surveillance
874 1084 53 35 for
942 1085 121 43 selling
1079 1085 115 44 drugs,
1210 1096 70 23 was
1296 1086 154 34 arrested
1464 1086 54 34 for

306 1145 45 24 an
366 1135 173 43 improper
554 1134 63 34 left
631 1140 90 35 turn,
737 1135 79 34 held
831 1139 36 29 to
882 1134 43 35 be
939 1145 20 23 a
974 1140 145 38 pretext.
1136 1136 68 33 But
1219 1135 97 34 there
1329 1145 66 24 one
1409 1135 39 34 of
1459 1136 59 33 the

306 1184 133 34 officers
452 1183 170 35 admitted
636 1184 43 34 he
692 1183 153 36 arrested
859 1184 176 44 appellant
1048 1185 35 34 in
1096 1185 100 34 order
1210 1189 35 29 to
1258 1185 121 34 search
1393 1185 52 34 his
1459 1196 59 23 car

306 1233 54 35 for
377 1234 115 44 drugs.
513 1234 39 34 In
571 1234 195 44 McKnight
782 1246 30 23 v.
835 1233 127 36 United
977 1234 132 42 States,
1133 1236 62 34 183
1217 1234 85 35 F.2d
1321 1235 67 34 977
1409 1234 107 45 (App.­

306 1284 88 35 D.C.
428 1283 116 44 1950),
573 1284 59 35 the
659 1285 80 44 only
767 1295 79 25 case
873 1284 91 35 cited
992 1284 35 36 in
1055 1284 247 36 Richardson’s
1330 1285 99 42 brief,
1458 1285 59 35 the

306 1339 223 39 government
549 1335 174 35 conceded
742 1335 77 36 that
838 1335 59 35 the
916 1335 111 44 police
1045 1336 102 35 could
1166 1336 88 35 have
1273 1336 167 35 executed
1459 1336 59 35 the

306 1391 150 29 warrant
477 1384 53 35 for
552 1385 226 43 McKnight’s
799 1390 109 30 arrest
929 1396 44 24 on
993 1386 59 34 the
1073 1391 116 36 street,
1211 1386 62 34 but
1293 1386 225 44 deliberately

306 1434 124 34 waited
443 1434 88 35 until
544 1434 43 34 he
600 1435 141 34 entered
754 1446 20 23 a
788 1434 132 45 private
932 1435 176 34 residence
1121 1446 37 23 so
1171 1435 82 43 they
1265 1435 102 34 could
1380 1436 103 34 effect
1496 1447 20 23 a

305 1484 121 34 search
442 1484 54 34 for
512 1483 162 35 evidence
688 1484 40 34 of
741 1495 20 23 a
777 1484 163 34 numbers
956 1485 189 43 operation.
1163 1486 39 33 In
1217 1485 104 33 State
1335 1496 30 22 v.
1382 1486 134 40 Haven,

306 1534 67 33 269
387 1532 154 35 N.W.2d
554 1534 67 33 849
637 1533 131 42 (Minn.
786 1533 117 43 1978),
917 1533 59 34 the
988 1539 109 29 arrest
1109 1545 70 23 was
1192 1533 116 43 illegal
1320 1534 149 34 because
1481 1534 39 35 of

305 1582 131 35 defects
453 1583 34 34 in
504 1582 58 34 the
578 1588 151 29 warrant
747 1583 69 43 (for
832 1583 112 34 traffic
960 1583 164 43 offenses)
1142 1582 69 36 and
1227 1583 101 35 while
1344 1583 59 35 the
1418 1589 99 30 court

304 1632 104 34 noted
417 1632 77 34 that
503 1643 83 23 even
596 1632 30 34 if
632 1632 60 35 the
700 1637 151 30 warrant
860 1632 69 35 had
939 1633 86 34 been
1035 1644 123 33 proper
1167 1634 60 34 the
1235 1633 107 34 result
1351 1633 113 35 would
1474 1634 42 34 be

304 1681 59 34 the
372 1692 107 29 same,
489 1681 77 35 that
574 1693 71 23 was
654 1682 149 35 because
812 1682 60 35 the
880 1682 111 43 police
999 1682 69 35 had
1077 1682 125 44 passed
1210 1693 48 33 up
1267 1684 249 42 opportunities

304 1736 36 29 to
353 1736 109 29 arrest
476 1731 134 41 Haven,
623 1731 141 43 waiting
776 1732 54 34 for
843 1731 72 34 him
928 1737 35 28 to
975 1737 57 37 get
1045 1732 35 34 in
1093 1732 52 34 his
1158 1743 70 29 car,
1242 1743 20 23 a
1276 1732 121 34 search
1410 1732 39 34 of
1458 1733 59 34 the

305 1790 59 25 car
384 1780 102 43 being
506 1780 59 35 the
584 1781 71 34 real
675 1781 169 43 objective
862 1780 40 35 of
918 1781 59 34 the
996 1787 120 29 arrest.
1138 1782 40 34 In
1200 1781 129 35 United
1345 1782 121 34 States
1484 1793 30 24 v.

307 1831 172 43 Carriger,
491 1831 62 34 541
568 1830 160 36 F.2d 545
741 1831 77 43 (6th
828 1830 71 35 Cir.
914 1830 117 44 1976),
1040 1831 146 35 without
1194 1831 166 44 probable
1368 1842 105 24 cause
1481 1837 35 30 to

304 1886 120 35 arrest,
445 1880 132 35 officers
597 1881 140 34 entered
757 1892 20 24 a
797 1881 133 44 private
949 1886 197 39 apartment
1167 1882 44 44 by
1230 1882 149 44 slipping
1399 1888 77 38 past
1495 1894 20 23 a

303 1930 121 35 locked
440 1935 163 30 entrance
617 1930 109 36 under
741 1931 269 35 circumstances
1025 1931 180 36 described
1221 1931 44 44 by
1280 1932 59 34 the
1355 1932 110 35 Court
1479 1932 40 35 of

302 1980 153 44 Appeals
476 1990 38 24 as
534 1981 204 43 amounting
758 1986 35 30 to
813 1981 159 35 criminal
992 1987 160 39 trespass.

392 2059 115 35 Those
520 2070 107 30 cases,
642 2060 15 34 I
672 2060 140 41 submit,
827 2071 60 23 are
901 2060 297 44 distinguishable.
1212 2062 84 33 Two
1310 2072 95 24 cases
1420 2073 96 23 more

302 2108 223 44 comparable
542 2114 36 29 to
596 2109 67 35 this
682 2120 79 24 case
779 2121 60 24 are
856 2111 124 33 Brown
996 2121 31 23 v.
1045 2111 114 41 State,
1178 2110 69 35 442
1265 2111 139 34 N.E.2d
1427 2112 86 34 1109

305 2158 90 43 (Ind.
414 2158 104 43 1982)
533 2158 68 35 and
613 2160 164 34 Porter v.
790 2160 114 40 State,
919 2160 63 34 391
999 2160 139 34 N.E.2d
1152 2161 63 34 801
1234 2160 91 42 (Ind.
1344 2160 115 43 1979).
1475 2162 39 33 In

303 2208 83 34 both
396 2219 96 24 cases
502 2208 59 34 the
570 2208 206 35 defendants
786 2220 89 24 were
885 2209 182 44 suspected
1076 2210 40 34 of
1121 2220 97 24 more
1227 2210 129 34 serious
1366 2210 147 35 offenses

302 2257 79 41 and,
400 2257 102 35 while
519 2258 109 34 under
646 2259 235 40 surveillance,
901 2270 89 23 were
1007 2259 152 43 charged
1177 2259 82 35 with
1278 2260 233 35 intoxication.

301 2307 147 43 Though
472 2307 59 34 the
554 2307 162 35 evidence
738 2319 70 24 was
832 2309 171 42 marginal
1027 2309 35 34 in
1085 2309 84 34 both
1192 2319 108 31 cases,
1324 2309 96 35 there
1443 2321 70 23 was

301 2357 166 43 probable
479 2367 104 24 cause
596 2362 35 29 to
644 2363 110 29 arrest
766 2369 44 23 on
823 2357 59 35 the
895 2358 104 34 lesser
1011 2358 155 43 charges.
1181 2358 74 35 The
1266 2360 124 33 Brown
1403 2359 110 34 Court

301 2406 86 35 said:
