1657 2686
417 412 80 45 paid
508 412 108 35 under
626 411 43 35 its
680 411 181 36 mandates
870 411 155 35 received
1036 411 63 35 full
1109 410 141 35 refunds
1261 410 79 45 long
1350 421 75 33 ago.
1438 411 30 34 It
1477 410 28 35 is

416 463 167 44 probably
601 467 77 30 true
695 463 76 34 that
788 462 98 35 other
904 462 117 35 lawful
1039 463 70 33 Act
1127 462 65 34 685
1212 466 96 30 taxes
1327 472 59 24 are
1403 461 101 43 being

416 513 155 34 received
582 513 45 43 by
638 512 59 35 the
707 513 100 34 State
817 523 43 23 on
872 523 20 23 a
903 511 93 45 daily
1007 512 102 40 basis,
1122 512 62 34 but
1194 511 67 34 this
1273 517 59 29 tax
1343 522 123 32 money
1477 511 27 34 is

416 568 60 29 not
492 562 131 35 related
640 567 35 29 to
691 563 59 33 the
765 562 166 34 offensive
947 571 205 33 emergency
1168 561 204 42 regulation,
1390 561 115 34 rather

417 623 59 23 are
494 612 102 42 being
614 611 167 35 collected
800 615 168 39 pursuant
985 616 36 29 to
1039 611 59 34 the
1115 610 91 34 valid
1226 611 150 34 exercise
1394 610 38 34 of
1447 610 59 34 the

417 661 128 34 State’s
566 670 114 33 power
701 665 35 29 to
757 665 69 29 tax.
849 660 39 33 In
910 659 67 34 this
998 659 176 40 situation,
1196 659 27 33 it
1243 658 28 34 is
1292 658 135 44 beyond
1447 658 59 34 the

417 720 113 33 power
554 709 39 34 of
613 709 68 34 this
705 710 111 33 Court
839 714 35 29 to
898 708 100 35 order
1021 714 90 29 state
1134 714 224 37 government
1381 713 35 29 to
1439 719 67 32 pay

416 759 140 35 counsel
578 758 53 34 for
653 758 59 35 the
733 758 88 35 class
843 769 20 23 a
886 757 55 35 fee
962 756 54 36 for
1037 757 156 41 services,
1216 767 44 24 no
1281 762 127 30 matter
1430 757 75 34 how

417 809 179 42 deserving
617 808 25 35 it
663 819 81 33 may
763 809 53 34 be.

293 271 66 33 506

385 889 65 34 We
473 888 44 34 do
542 893 59 29 not
625 888 71 34 find
720 889 59 33 the
802 887 225 35 chancellor’s
1051 887 132 43 finding
1206 886 40 35 of
1266 887 73 34 fact
1362 887 77 34 that
1463 897 43 23 no

293 948 161 24 common
472 937 86 35 fund
575 948 70 23 was
663 936 209 35 established
889 942 36 28 to
942 936 43 34 be
1001 937 128 43 clearly
1147 947 193 24 erroneous.
1359 937 84 33 Ark.
1463 937 42 33 R.

294 987 75 33 Civ.
391 988 35 33 P.
450 986 113 43 52(a).
584 986 234 43 Accordingly
838 997 51 22 we
909 985 113 35 affirm
1042 986 52 33 his
1111 985 195 43 judgment.

384 1065 180 35 Affirmed.

385 1146 159 40 Purtle,
566 1146 42 40 J.,
630 1150 59 30 not
709 1144 255 45 participating.

386 1227 198 39 Hickman,
606 1225 42 41 J.,
669 1225 157 35 dissents.

386 1306 180 33 Darrell
577 1305 198 39 Hickman,
788 1304 142 40 Justice,

943 1303 199 43 dissenting.
1155 1303 83 34 This
1251 1303 27 34 is
1291 1315 20 23 a
1323 1308 67 29 test
1402 1303 39 34 of
1449 1303 59 34 the

294 1354 177 34 Arkansas
490 1353 172 43 Highway
680 1353 258 44 Department’s
956 1363 131 24 answer
1104 1358 35 29 to
1156 1353 59 34 the
1231 1352 104 35 claim
1352 1353 76 33 that
1444 1363 62 23 our

294 1404 118 33 state’s
427 1403 177 43 highways
618 1402 68 34 will
701 1403 43 33 be
758 1401 173 43 damaged
945 1402 149 34 because
1107 1402 39 34 of
1157 1402 59 34 the
1230 1402 155 34 increase
1398 1402 39 33 of
1448 1402 60 33 the

294 1452 192 34 maximum
501 1452 126 42 weight
641 1451 89 35 limit
744 1462 44 24 on
802 1452 117 34 trucks
933 1456 36 29 to
985 1453 126 39 80,000
1125 1451 144 44 pounds.
1284 1452 75 34 The
1372 1451 134 43 legisla-

294 1502 105 34 ture’s
415 1502 78 42 goal
509 1512 70 23 was
595 1506 36 29 to
646 1506 59 30 tax
721 1501 97 35 these
833 1501 109 43 heavy
958 1501 117 35 trucks
1091 1506 35 29 to
1142 1501 103 34 make
1259 1501 97 35 them
1371 1512 67 33 pay
1454 1500 53 35 for

295 1551 89 34 their
395 1552 101 34 share
506 1551 39 34 of
553 1551 59 34 the
623 1550 149 44 damage
782 1556 36 29 to
829 1561 62 24 our
902 1550 188 44 highways.
1102 1550 92 35 That
1205 1551 132 43 worthy
1349 1549 78 44 goal
1438 1561 69 23 was

294 1601 114 43 partly
433 1601 173 43 forgotten
632 1600 45 43 by
702 1601 59 34 the
785 1600 203 43 legislators,
1014 1600 167 43 resulting
1206 1600 35 33 in
1266 1611 21 23 a
1312 1605 59 29 tax
1396 1600 112 34 which

294 1650 180 44 decidedly
485 1650 113 34 favors
610 1649 302 35 Arkansas-based
923 1651 128 33 trucks.
1063 1650 114 34 Those
1186 1650 117 34 trucks
1315 1660 81 32 may
1406 1649 44 34 do
1461 1649 46 34 all

294 1699 59 35 the
373 1700 149 43 damage
541 1700 82 43 they
642 1705 93 29 want
755 1699 54 35 for
830 1700 89 36 $175
942 1709 60 33 per
1021 1710 93 33 year.

384 1780 75 34 The
479 1779 162 35 evidence
661 1778 162 36 reflected
843 1779 77 34 that
940 1778 181 35 interstate
1140 1778 156 35 truckers
1317 1778 191 43 invariably

294 1829 125 35 choose
432 1835 35 29 to
480 1840 67 33 pay
559 1829 65 34 five
637 1835 96 28 cents
746 1840 60 33 per
819 1829 82 34 mile
913 1839 38 24 or
964 1829 170 43 purchase
1146 1839 20 23 a
1180 1828 68 43 trip
1260 1828 118 41 ticket,
1391 1828 116 34 rather

294 1879 85 34 than
389 1890 66 33 pay
464 1879 59 34 the
532 1879 128 34 annual
669 1879 56 34 fee
733 1879 39 34 of
778 1879 20 37 $
805 1880 63 33 175
879 1889 60 33 per
948 1879 110 34 truck.
1068 1878 92 35 That
1169 1878 28 34 is
1205 1877 60 35 the
1273 1878 80 44 only
1361 1877 147 35 sensible

294 1928 119 35 choice
430 1929 53 34 for
500 1929 180 34 interstate
696 1929 155 34 truckers
868 1928 77 34 who
962 1929 68 34 will
1046 1933 61 30 not
1123 1939 61 23 use
1200 1928 179 35 Arkansas
1396 1927 109 44 High-

294 1989 92 32 ways
396 1978 218 43 extensively.
624 1977 303 36 Arkansas-based
936 1979 155 34 truckers
1096 1978 73 43 just
1179 1988 37 24 as
1225 1978 150 43 sensibly
1383 1977 124 34 choose

294 2033 36 29 to
342 2038 67 33 pay
420 2028 59 34 the
492 2029 89 36 $175
595 2038 60 33 per
667 2028 101 34 truck
779 2038 100 32 every
890 2038 93 32 year,
996 2028 149 34 because
1156 2027 97 34 there
1264 2027 28 34 is
1305 2038 44 23 no
1360 2027 147 42 mileage

295 2077 88 34 limit
393 2078 83 34 with
486 2078 77 34 that
573 2082 175 39 payment.
759 2077 98 43 They
866 2087 65 24 can
942 2076 94 35 drive
1046 2077 107 43 thirty
1163 2076 173 35 thousand
1345 2076 98 35 miles
1454 2076 53 34 for

295 2127 239 43 considerably
554 2127 65 34 less
640 2127 84 35 than
745 2127 65 34 five
829 2131 96 30 cents
946 2137 20 23 a
987 2127 91 34 mile.

386 2207 185 34 Interstate
582 2206 166 41 truckers,
760 2211 59 29 not
831 2205 105 35 based
948 2205 34 35 in
993 2206 190 40 Arkansas,
1195 2216 60 23 are
1265 2206 128 44 paying
1404 2204 103 35 370%

294 2266 96 24 more
400 2256 85 34 than
495 2255 303 35 Arkansas-based
809 2255 155 35 truckers
975 2256 53 34 for
1039 2256 59 34 the
1108 2255 149 43 damage
1267 2255 99 35 done.
1377 2255 92 34 That
1479 2255 27 33 is

294 2305 274 35 discrimination
584 2305 77 34 that
675 2306 143 34 violates
834 2305 59 34 the
909 2315 195 24 commerce
1119 2305 116 34 clause
1251 2305 39 34 of
1302 2305 59 34 the
1377 2304 130 35 United

295 2355 116 35 States
421 2355 246 35 Constitution.
679 2355 299 43 Discriminatory,
987 2354 178 45 parochial
1173 2354 194 43 legislation
1376 2354 84 34 such
1470 2364 37 24 as

295 2405 67 34 this
374 2405 180 35 interferes
564 2404 83 35 with
659 2405 180 35 interstate
849 2415 205 31 commerce,
1066 2415 45 24 an
1121 2404 171 35 exclusive
1302 2404 160 44 province
1472 2403 39 35 of
