1632 2696
1282 254 43 33 89

239 397 62 33 BY
321 397 97 33 THE
439 396 177 34 COURT:

331 473 30 33 It
377 472 27 34 is
421 483 57 32 my
495 471 273 43 understanding
784 471 76 34 that
877 482 66 32 you
961 471 87 34 have
1064 470 141 44 already
1221 471 105 43 stipu-

238 521 93 35 lated
352 522 76 34 that
448 522 45 34 all
515 521 206 44 procedures
741 532 89 23 were
850 521 168 43 correctly
1038 521 170 34 followed.

240 598 86 33 MR.
349 598 158 33 WARD:

329 673 75 33 The
423 672 207 44 procedures
651 671 183 44 regarding
854 672 59 34 the
933 672 165 42 hearing?

241 748 62 33 BY
323 748 97 33 THE
441 747 177 35 COURT:

332 823 80 34 Yes.

242 898 86 34 MR.
351 898 158 34 WARD:

331 973 91 34 That
443 973 27 34 is
490 978 144 30 correct.

242 1049 62 34 BY
325 1049 96 34 THE
442 1049 178 35 COURT:

332 1124 80 34 And
442 1124 26 34 it
497 1124 95 34 looks
622 1129 35 29 to
688 1135 55 23 me
772 1124 67 34 like
867 1135 67 32 you
964 1135 82 32 may
1074 1124 88 34 have
1190 1124 141 43 already

241 1173 186 44 stipulated
440 1179 35 29 to
488 1174 94 34 what
595 1174 15 34 I
624 1173 87 35 have
723 1178 35 30 to
771 1173 120 35 decide
903 1184 44 24 on
961 1174 125 43 appeal
1086 1174 43 43 —
1129 1174 80 43 that
1223 1174 26 34 it
1261 1184 70 23 was

242 1223 117 34 lawful
380 1234 37 23 or
437 1223 178 34 unlawful.

243 1298 86 34 MR.
352 1299 158 33 WARD:

334 1374 64 33 We
409 1373 58 34 did
479 1378 59 29 not
549 1373 165 44 stipulate
724 1378 35 29 to
770 1373 59 34 the
839 1373 174 34 District’s
1024 1373 215 44 compliance
1249 1373 82 34 with

246 1424 88 33 1266
360 1423 95 43 point
480 1424 32 40 6,
538 1423 69 34 and
632 1423 83 34 then
741 1423 72 34 also
837 1423 59 34 the
920 1423 140 43 specific
1084 1423 187 43 provisions
1296 1422 39 35 of

242 1473 172 43 arbitrary
434 1473 68 34 and
523 1473 204 43 capricious,
748 1473 112 34 which
880 1473 28 34 is
928 1473 108 34 the—

244 1549 62 33 BY
326 1549 97 33 THE
444 1548 178 35 COURT:

335 1624 100 40 Well,
460 1624 15 34 I
500 1624 87 34 have
610 1628 35 30 to
670 1624 83 34 base
776 1635 58 32 my
856 1623 152 35 decision
1032 1634 44 24 on
1100 1624 172 43 arbitrary
1295 1634 38 24 or

243 1673 270 44 capriciousness
527 1684 44 24 on
584 1674 60 34 the
656 1674 91 34 basis
761 1673 39 35 of
809 1674 59 34 the
880 1673 121 35 record
1014 1685 37 23 as
1065 1673 141 44 already
1219 1673 112 35 made.

244 1750 87 34 MR.
353 1750 159 34 WARD:

334 1826 32 33 Y
369 1836 62 23 our
441 1826 132 40 Honor,
582 1825 77 35 that
668 1826 28 34 is
705 1831 78 38 part
791 1825 39 35 of
835 1826 60 34 the
903 1825 131 35 record.
1045 1826 15 34 I
1069 1825 100 35 think
1177 1825 67 35 this
1253 1825 80 35 trial

243 1874 105 43 today
361 1875 27 33 is
400 1875 73 34 also
485 1880 78 38 part
575 1875 39 34 of
623 1875 60 34 the
695 1875 119 34 record
827 1875 140 34 and-the
980 1875 111 34 Court
1102 1875 28 34 is
1143 1875 143 34 entitled
1297 1880 36 29 to

244 1924 78 33 look
350 1929 36 28 at
414 1924 83 33 both
526 1924 99 33 when
654 1924 27 34 it
709 1924 207 34 determines
945 1924 154 34 whether
1127 1924 206 34 substantial

244 1972 162 35 evidence
420 1973 103 34 exists
538 1983 37 24 or
589 1973 155 34 whether
758 1973 59 34 the
830 1973 234 34 non-renewal
1078 1984 70 23 was
1163 1973 171 43 arbitrary

244 2022 69 34 and
333 2022 202 44 capricious.

245 2098 63 34 BY
328 2099 97 33 THE
446 2098 177 35 COURT:

335 2173 74 34 The
419 2178 130 29 statute
558 2184 81 32 says
639 2184 43 32 —
682 2184 82 32 uses
774 2173 59 34 the
843 2173 104 41 word,
959 2173 164 34 “lawful”
1134 2184 38 23 or
1182 2173 151 34 “unlaw-

245 2222 85 34 ful.”
346 2223 14 33 I
375 2233 57 23 am
445 2222 104 43 going
563 2227 35 29 to
612 2222 126 43 permit
751 2233 67 32 you
832 2227 35 29 to
881 2223 103 33 make
997 2233 20 23 a
1031 2222 171 43 complete
1215 2222 120 34 record

244 2282 44 23 on
299 2271 35 34 it.
347 2272 14 33 I
368 2271 72 43 just
449 2271 137 34 wanted
595 2276 36 29 to
641 2271 103 34 make
753 2271 76 34 that
838 2276 187 29 statement
1034 2276 36 29 to
1079 2271 77 42 give
1164 2282 67 33 you
1240 2282 96 23 some

245 2320 78 35 idea
344 2331 36 24 as
401 2326 35 29 to
456 2321 93 34 what
571 2321 14 34 I
606 2320 100 34 think
726 2321 26 33 it
772 2331 130 24 means.

246 2396 87 34 MR.
355 2396 159 34 WARD:
