1665 2698
139 419 185 34 Louisiana
336 419 68 34 and
415 419 87 41 that,
514 419 184 41 therefore,
710 425 143 29 matters
865 420 142 43 bearing
1018 431 44 24 on
1074 420 59 34 the
1142 420 205 44 obligations

137 468 40 35 of
188 469 59 34 the
261 474 155 30 contract
431 480 59 23 are
503 474 36 30 to
554 469 43 35 be
610 469 214 35 determined
839 470 44 44 by
898 470 186 35 Louisiana
1099 470 75 34 law.
1190 470 156 44 Analyti-

137 519 84 34 cal’s
237 518 104 35 claim
358 519 34 34 in
408 519 67 35 this
492 519 136 35 lawsuit
644 519 28 35 is
689 519 106 35 based
811 530 43 24 on
871 520 59 35 the
945 521 127 34 court’s
1089 520 131 44 finding
1235 520 76 35 that
1327 532 20 23 a

138 569 273 43 quasi-contract
435 569 131 35 existed
591 569 155 35 between
770 569 59 35 the
852 569 183 35 claimants
1060 570 69 35 and
1153 571 111 34 Dews.
1290 571 58 34 No

139 629 137 33 express
301 624 155 29 contract
480 630 70 23 was
576 619 140 35 entered
741 620 72 34 into
837 620 45 43 by
906 620 102 34 Dews
1033 619 82 35 with
1140 631 67 32 any
1231 619 38 35 of
1290 620 59 34 the

138 668 210 43 companies.
374 669 102 34 Since
501 669 59 34 the
585 673 73 30 acts
684 679 92 34 upon
800 669 111 34 which
936 669 60 34 the
1020 669 130 43 finding
1175 670 39 34 of
1235 670 112 43 quasi-

139 722 158 30 contract
315 717 27 34 is
362 717 104 35 based
485 718 82 34 took
585 718 98 44 place
701 719 34 33 in
754 718 188 41 Arkansas,
961 719 60 34 the
1039 719 64 35 law
1122 719 39 34 of
1176 720 67 33 this
1261 724 89 30 state

139 777 155 33 governs.

1280 280 62 33 541

232 843 227 43 Analytical’s
473 843 128 35 second
616 849 184 37 argument
814 854 165 24 concerns
993 845 188 43 attorney’s
1196 845 71 34 fees
1282 845 69 34 and

141 892 87 34 need
246 898 59 29 not
323 893 43 34 be
382 892 185 35 addressed
585 892 94 36 since
696 893 26 35 it
740 894 27 34 is
785 893 105 35 based
907 904 44 24 on
969 905 20 23 a
1008 894 185 35 Louisiana
1211 899 138 30 statute.

350 969 65 34 For
433 968 43 35 its
495 969 83 34 final
597 969 96 43 point
712 980 43 24 on
774 970 244 44 cross-appeal,
1037 970 199 43 Analytical
1255 970 96 35 seeks

141 1019 154 42 punitive
311 1018 164 44 damages
491 1018 54 35 for
560 1019 112 34 Dews’
690 1018 121 36 willful
826 1030 38 24 or
879 1019 180 35 malicious
1075 1020 159 35 conduct.
1249 1020 102 35 Puni­

141 1068 69 34 tive
219 1068 166 43 damages
394 1079 59 24 are
462 1074 59 29 not
530 1068 188 45 ordinarily
727 1069 217 35 recoverable
953 1069 54 35 for
1016 1070 127 35 breach
1152 1070 40 34 of
1197 1075 155 30 contract

142 1118 69 34 and
221 1123 36 29 to
266 1124 142 38 support
417 1118 84 35 such
512 1130 20 23 a
542 1118 104 36 claim
656 1119 97 35 there
763 1125 91 29 must
864 1120 43 34 be
916 1130 20 24 a
946 1120 154 43 showing
1109 1119 39 35 of
1155 1131 20 24 a
1184 1119 120 36 willful
1314 1131 37 24 or

142 1168 181 35 malicious
334 1174 57 29 act
401 1169 35 34 in
446 1168 204 36 connection
660 1169 84 35 with
755 1180 20 24 a
785 1175 167 30 contract.
964 1169 204 36 McClellan
1176 1182 31 23 v.
1219 1172 132 40 Brown,

143 1219 68 34 276
226 1218 85 35 Ark.
328 1220 55 40 28,
399 1220 67 34 632
481 1218 143 36 S.W.2d
639 1220 68 34 406
724 1219 137 43 (1982),
876 1219 186 45 rehearing
1073 1219 135 36 denied.
1223 1221 33 34 A
1271 1220 82 35 bare

143 1268 187 43 allegation
340 1268 39 35 of
388 1268 101 35 fraud
499 1269 113 35 which
624 1270 123 34 results
758 1269 34 34 in
804 1274 179 39 monetary
994 1270 66 35 loss
1072 1269 81 35 does
1164 1276 59 29 not
1230 1270 123 44 justify

143 1318 153 43 punitive
308 1318 176 44 damages.
497 1319 51 34 Id.
562 1319 66 34 We
639 1319 44 34 do
695 1325 61 29 not
766 1319 72 34 find
849 1320 77 34 that
937 1320 113 34 Dews’
1063 1319 150 35 conduct
1224 1320 83 34 rises
1318 1325 35 29 to

144 1368 59 34 the
226 1368 85 34 level
334 1368 39 34 of
393 1368 120 34 willful
532 1379 42 24 .or
598 1369 180 34 malicious
801 1369 79 41 and,
904 1369 183 41 therefore,
1112 1380 44 23 an
1179 1369 116 35 award
1318 1370 40 34 of

143 1417 154 43 punitive
317 1417 164 44 damages
502 1418 27 34 is
550 1423 60 30 not
626 1418 165 43 justified.

235 1492 169 35 Affirmed
425 1493 34 34 in
479 1499 89 37 part;
589 1494 157 34 reversed
766 1494 35 34 in
821 1499 88 38 part.

235 1569 160 41 Purtle,
416 1570 41 40 J.,
479 1574 59 30 not
558 1569 256 45 participating.

150 1845 154 34 STATE
325 1846 138 34 FARM
485 1846 212 35 MUTUAL
716 1846 325 35 AUTOMOBILE
1062 1847 288 35 INSURANCE

218 1895 247 34 COMPANY
486 1906 27 23 v.
536 1895 137 35 Sandra
694 1896 43 34 G.
759 1896 126 41 SIMS,
907 1896 230 44 Individually
1157 1897 68 34 and
1245 1907 37 23 as

189 1944 143 35 Mother
352 1945 68 34 and
441 1945 95 35 Next
557 1945 125 35 Friend
702 1945 40 35 of
759 1946 107 43 Daryl
887 1947 78 42 Ray
985 1946 147 41 COOK,
1153 1957 20 24 a
1194 1946 118 35 Minor

146 2021 131 33 85-314

1061 2022 66 34 708
1149 2022 142 34 S.W.2d
1312 2024 44 32 72

473 2095 171 44 Supreme
664 2096 110 34 Court
794 2096 39 34 of
849 2097 179 33 Arkansas

425 2144 151 43 Opinion
597 2144 172 35 delivered
789 2145 99 43 April
909 2146 56 39 21,
990 2146 88 33 1986
