1640 2696
133 407 99 34 there
254 407 27 34 is
303 418 20 23 a
345 406 149 35 transfer
515 406 39 35 of
573 407 110 34 either
704 406 76 34 title
800 417 37 23 or
859 406 192 44 possession
1073 405 53 34 for
1148 416 20 24 a
1188 404 161 35 valuable

134 457 265 34 consideration.
420 457 84 34 Ark.
525 456 89 35 Stat.
635 457 92 33 Ann.
750 456 17 43 §
790 457 153 33 84-1902
965 455 116 44 (Repl.
1106 454 116 44 1980).
1242 454 105 35 Obvi-

135 507 109 43 ously,
258 507 99 34 when
370 507 58 34 the
441 507 149 43 samples
603 517 91 24 were
706 505 206 35 distributed
925 506 98 34 there
1035 516 70 24 was
1118 516 20 24 a
1151 504 150 35 transfer
1313 504 40 36 of

135 557 77 34 title
220 557 69 34 and
298 557 202 43 possession.
509 557 76 34 The
593 556 92 35 issue
693 556 28 34 is
729 556 153 34 whether
891 556 59 34 the
958 555 221 35 distribution
1187 566 70 23 was
1267 554 53 35 for
1329 565 20 24 a

135 607 162 34 valuable
311 606 264 35 consideration.
591 606 75 34 The
681 611 98 29 scant
794 605 264 35 determinative
1073 605 89 34 facts
1177 604 119 36 before
1310 615 40 24 us

137 668 59 24 are
216 656 184 35 contained
421 656 34 35 in
475 657 60 34 the
555 656 175 43 following
751 656 210 44 stipulation:

1306 264 40 33 17

355 734 159 34 Between
532 733 201 34 November
756 734 28 40 1,
807 733 87 34 1979
913 732 69 35 and
1001 732 153 35 October
1173 733 55 40 31,
1251 733 99 40 1982,

262 784 168 43 Appellee
449 794 86 32 gave
555 783 149 43 samples
724 782 40 35 of
780 782 226 44 prescription
1025 782 146 34 flouride
1189 782 162 44 products

263 833 69 34 and
344 833 71 43 gels
426 833 146 34 without
583 833 128 42 charge
722 838 36 28 to
769 843 20 23 a
801 832 146 34 number
959 832 39 34 of
1006 832 179 34 Arkansas
1196 831 155 35 dentists.

230 909 75 34 The
317 909 100 34 State
429 919 123 32 argues
565 908 78 35 that
655 908 98 34 there
764 919 70 23 was
847 919 21 23 a
879 908 162 34 valuable
1053 907 252 35 consideration
1317 907 36 34 in

139 959 60 34 the
208 958 92 35 form
309 958 39 34 of
355 958 219 43 advertising.
585 958 93 34 That
687 963 184 37 argument
880 958 79 34 asks
969 968 40 23 us
1018 962 36 29 to
1064 968 133 23 reverse
1206 957 59 34 the
1274 956 79 35 trial

140 1014 99 29 court
254 1019 92 33 upon
360 1008 98 34 sheer
473 1008 226 43 speculation,
714 1007 69 35 and
798 1013 59 29 not
871 1018 92 33 upon
978 1007 59 34 the
1051 1006 187 44 stipulated
1252 1006 100 35 facts.

325 1084 74 34 The
414 1083 201 44 stipulation
630 1083 83 34 does
729 1088 59 29 not
803 1083 93 34 show
911 1083 60 34 the
985 1082 142 35 method
1142 1082 39 35 of
1193 1082 160 34 distribu­

140 1134 85 40 tion;
237 1134 26 34 it
274 1133 82 35 does
367 1139 59 29 not
437 1134 92 34 show
541 1133 154 35 whether
706 1133 60 34 the
775 1133 133 44 sample
918 1132 185 35 contained
1114 1143 67 33 any
1192 1132 162 44 printing,

141 1184 137 43 printed
300 1183 187 41 materials,
509 1194 38 23 or
569 1183 154 34 whether
744 1194 67 33 any
833 1182 289 44 representations
1143 1193 89 24 were
1253 1182 103 35 made

141 1234 108 34 about
262 1234 106 34 them.
383 1233 105 41 Thus,
503 1233 30 34 if
543 1233 60 35 the
615 1233 150 44 samples
778 1244 89 23 were
880 1232 129 35 mailed
1022 1237 36 30 to
1070 1232 60 36 the
1142 1232 155 41 dentists,
1311 1243 44 23 no

141 1283 211 43 advertising
363 1294 69 24 was
444 1284 128 33 shown.
586 1283 34 34 If
628 1283 83 44 they
721 1294 89 23 were
820 1282 172 35 delivered
1004 1282 45 44 by
1060 1282 295 44 representatives,

142 1344 44 24 no
203 1333 268 44 representative
487 1333 210 43 advertising
713 1344 70 23 was
800 1333 127 34 shown.
945 1333 75 34 The
1035 1332 202 44 stipulation
1252 1332 104 34 offers

142 1394 45 24 no
202 1384 78 34 clue
295 1383 107 35 about
417 1383 59 35 the
492 1394 122 24 reason
631 1383 54 35 for
700 1383 60 34 the
775 1383 231 34 distribution.
1024 1383 32 34 It
1071 1382 82 35 does
1169 1387 59 30 not
1244 1382 113 35 reveal

142 1434 77 34 how
229 1434 188 43 particular
427 1433 146 35 dentists
583 1444 89 24 were
682 1433 148 34 selected
841 1444 38 23 as
888 1433 221 34 distributees
1119 1443 38 24 or
1166 1432 76 35 how
1252 1443 105 33 many

142 1483 40 35 of
193 1484 98 34 them
306 1483 154 35 received
476 1494 45 24 an
536 1483 173 35 unknown
724 1483 160 44 quantity
898 1482 40 35 of
949 1483 161 44 samples.
1126 1482 74 35 The
1215 1482 141 44 stipula­

142 1534 73 34 tion
230 1534 81 34 does
325 1539 59 29 not
398 1534 59 34 tell
471 1545 40 23 us
525 1534 154 34 whether
692 1533 59 35 the
764 1533 145 35 dentists
923 1544 84 24 even
1021 1533 99 34 know
1133 1533 60 34 the
1205 1543 103 24 name
1321 1532 39 35 of

143 1584 60 34 the
229 1584 261 34 manufacturer
516 1595 38 23 or
579 1584 203 34 distributor
807 1583 39 35 of
869 1584 59 34 the
954 1583 159 44 samples.
1140 1584 33 33 A
1197 1583 160 35 valuable

143 1634 254 34 consideration
407 1634 34 34 in
450 1634 60 34 the
518 1634 91 34 form
618 1633 40 36 of
663 1633 209 43 advertising
881 1633 28 34 is
918 1633 125 44 simply
1052 1638 59 29 not
1120 1633 117 34 shown
1246 1633 45 43 by
1299 1633 59 34 the

144 1684 73 34 fact
237 1684 211 43 stipulation.

235 1759 75 34 The
330 1759 201 43 stipulation
551 1759 157 34 contains
729 1769 44 24 no
793 1758 162 35 evidence
975 1758 39 35 of
1031 1758 263 34 consideration.

236 1834 180 34 Affirmed.

237 1910 159 40 Purtle,
418 1910 42 40 J.,
481 1914 60 30 not
561 1909 256 44 participating.

238 1986 161 34 George
419 1986 100 33 Rose
540 1985 132 41 Smith,
693 1986 43 39 J.,
757 1995 154 24 concurs.

238 2061 161 35 George
427 2062 100 33 Rose
556 2061 132 40 Smith,
717 2061 142 40 Justice,

887 2060 216 43 concurring.
1132 2060 75 34 The
1234 2059 126 35 court’s

146 2111 141 44 opinion
300 2121 210 32 encourages
523 2111 60 34 the
597 2110 271 35 Commissioner
881 2110 40 34 of
931 2111 180 33 Revenues
1125 2115 36 29 to
1173 2109 100 35 think
1285 2109 76 34 that

146 2161 61 34 the
215 2160 115 43 giving
340 2171 97 33 away
446 2160 39 34 of
491 2160 74 34 free
573 2160 150 44 samples
733 2160 45 43 by
787 2160 59 34 the
855 2160 155 43 appellee
1019 2159 113 34 would
1141 2159 44 34 be
1193 2170 20 23 a
1222 2159 140 34 taxable

147 2210 213 35 transaction
373 2210 29 34 if
410 2210 59 34 the
480 2210 273 34 Commissioner
764 2209 69 35 had
844 2209 167 35 bothered
1023 2214 36 30 to
1070 2209 93 35 show
1174 2209 77 35 that
1262 2209 26 34 it
1299 2209 63 34 has

147 2271 97 24 some
258 2260 208 43 advertising
478 2260 112 35 value.
605 2260 75 34 The
692 2265 70 36 tax,
777 2260 167 40 however,
958 2259 28 35 is
1000 2270 21 24 a
1034 2264 208 40 percentage
1254 2258 39 35 of
1304 2258 59 35 the

148 2311 119 43 “gross
285 2310 163 44 proceeds
466 2321 38 24 or
521 2321 95 33 gross
634 2310 169 44 receipts”
821 2309 139 35 derived
977 2309 91 35 from
1085 2309 59 35 the
1160 2309 150 35 transfer
1327 2308 39 35 of

148 2361 76 34 title
233 2372 39 23 or
281 2361 191 44 possession
482 2360 54 35 for
545 2372 20 23 a
574 2360 162 35 valuable
744 2360 264 35 consideration.
1019 2360 86 34 Ark.
1115 2359 89 35 Stat.
1215 2360 92 34 Ann.
1320 2359 41 43 §§

150 2411 209 43 84-1902(c)
385 2411 68 34 and
475 2412 106 33 -1903
608 2411 116 43 (Repl.
753 2410 116 43 1980).
894 2410 107 34 What
1023 2410 28 34 is
1073 2410 60 34 the
1155 2409 208 43 advertising
