1632 2688
314 280 63 32 180

400 419 154 33 Robert
577 419 44 33 H.
646 418 169 40 Dudley,
837 417 141 34 Justice.

1001 417 75 34 The
1097 417 165 43 appellee,
1286 416 114 34 Game
1421 416 98 34 Sales

309 468 193 43 Company,
521 468 82 40 Inc.,
621 467 98 35 holds
736 478 20 24 a
770 467 184 43 judgment
970 467 39 34 of
1024 467 209 40 $39,079.20
1250 466 136 43 against
1403 466 115 44 appel-

309 518 100 40 lants,
423 518 65 34 Bill
500 517 67 35 and
580 517 140 35 Pamela
734 518 206 42 Waggoner.
953 517 74 34 The
1038 517 155 43 appellee
1204 516 83 35 sued
1299 516 54 34 for
1364 527 20 23 a
1396 516 76 34 writ
1483 516 39 34 of

308 567 238 43 garnishment
565 567 39 34 of
621 567 205 43 appellant’s
847 567 102 34 funds
971 567 78 34 held
1070 567 45 42 by
1135 566 58 34 the
1213 566 116 34 Union
1350 566 168 34 National

310 617 98 34 Bank
422 617 39 34 of
475 617 104 34 Little
595 617 108 34 Rock.
720 617 74 34 The
809 616 181 43 garnishee
1006 616 92 34 bank
1113 615 176 35 answered
1305 616 76 33 that
1397 616 26 33 it
1439 615 79 34 held

309 667 183 40 $1,490.48
507 666 34 34 in
553 667 59 34 the
619 666 90 43 joint
721 677 118 24 names
852 666 39 34 of
899 666 203 44 appellants.
1115 666 75 34 The
1201 665 192 44 appellants
1406 665 79 34 filed
1498 676 20 23 a

308 717 103 34 claim
421 716 53 35 for
483 716 207 44 exemption,
701 716 160 44 pleading
871 716 75 35 that
956 716 59 34 the
1023 716 103 34 funds
1135 727 100 23 came
1244 715 90 35 from
1343 715 175 44 disability

309 772 180 39 payments
500 767 44 43 by
555 767 58 34 the
624 766 88 35 Civil
724 766 138 35 Service
873 766 215 34 Retirement
1098 766 148 43 System.
1258 766 74 34 The
1342 766 176 43 appellant

308 817 245 43 subsequently
566 816 125 44 proved
706 816 75 34 that
795 816 59 34 the
867 816 103 34 funds
983 816 70 40 did,
1068 816 34 34 in
1116 816 82 40 fact,
1213 826 98 24 come
1324 815 90 34 from
1429 815 88 34 Civil

308 866 138 34 Service
462 866 175 43 disability
654 871 191 38 payments.
863 866 75 34 The
954 866 78 34 trial
1050 871 98 28 court
1164 865 123 34 denied
1305 865 59 34 the
1381 876 136 32 exemp-

308 916 82 33 tion.
413 916 64 33 We
497 926 142 23 reverse.

398 1000 205 43 Appellants
624 1000 148 34 contend
793 1000 76 34 that
891 1001 18 33 5
932 1000 127 34 U.S.C.
1084 1000 17 42 §
1125 999 148 42 8346(a)
1296 999 156 43 provides
1473 1010 44 23 an

308 1049 195 43 exemption
527 1049 53 34 for
603 1049 103 34 funds
729 1049 81 43 paid
833 1049 90 34 from
946 1049 59 33 the
1028 1049 89 33 Civil
1140 1049 139 33 Service
1301 1049 216 33 Retirement

309 1098 184 43 Disability
508 1098 107 34 Fund.
630 1098 74 34 The
717 1103 183 38 argument
913 1098 27 34 is
953 1098 75 34 well
1042 1099 114 33 taken.
1170 1098 74 34 The
1257 1103 140 35 statute,
1411 1098 34 33 in
1459 1098 59 34 the

308 1148 171 44 pertinent
501 1153 88 38 part,
612 1148 166 43 provides:
802 1148 20 13 11
829 1147 71 35 The
921 1159 124 32 money
1067 1147 201 35 mentioned
1288 1150 35 31 in
1345 1147 70 34 this
1435 1147 82 34 sub-­

308 1197 144 44 chapter
463 1225 6 7 .
497 1225 6 7 .
532 1200 47 32 .is
588 1204 77 28 not.
694 1225 6 7 .
729 1197 153 44 .subject
892 1204 53 28 to.
973 1225 6 7 .
1008 1225 6 7 .
1024 1197 239 44 garnishment
1272 1208 38 23 or
1320 1197 98 35 other
1428 1198 88 42 legal

307 1258 147 33 process,
466 1253 120 38 except
597 1258 37 24 as
645 1248 180 34 otherwise
835 1247 162 44 provided
1009 1248 44 43 by
1065 1247 142 34 Federal
1219 1247 116 34 laws.”
1349 1247 166 44 (Empha­

307 1297 45 34 sis
372 1297 141 42 added.)

398 1383 50 43 By
473 1383 67 34 this
564 1383 128 43 clearly
717 1383 181 44 expressed
923 1383 169 44 provision
1118 1383 172 43 Congress
1315 1383 118 34 makes
1458 1383 59 35 the

307 1433 195 43 exemption
528 1433 193 44 applicable
745 1438 35 30 to
806 1433 82 34 “the
913 1444 124 33 money
1062 1433 197 34 mentioned
1285 1433 34 34 in
1344 1433 67 34 this
1437 1433 78 34 sub-­

306 1483 177 43 chapter.”
506 1483 74 34 The
602 1488 139 36 statute,
765 1483 116 34 unlike
903 1494 95 23 some
1019 1483 126 41 others,
1168 1483 81 34 does
1272 1488 60 29 not
1353 1483 83 34 base
1458 1483 59 34 the

306 1532 196 44 exemption
512 1543 90 33 upon
613 1533 153 34 whether
775 1533 58 34 the
842 1538 223 37 government
1075 1533 98 34 holds
1183 1533 59 34 the
1250 1544 135 32 money.
1396 1533 120 34 Under

307 1582 67 34 this
396 1582 107 34 broad
524 1587 101 38 grant
646 1582 39 34 of
703 1583 194 43 immunity,
920 1583 59 34 the
999 1583 196 43 exemption
1217 1582 163 35 attached
1401 1588 35 29 to
1458 1583 58 34 the

307 1642 124 33 money
441 1632 95 34 itself
542 1632 78 40 and,
631 1632 98 34 when
739 1632 59 34 the
808 1643 124 32 money
941 1643 69 23 was
1020 1632 81 43 paid
1111 1638 35 28 to
1155 1633 59 33 the
1224 1632 176 44 recipient,
1411 1633 26 33 it
1446 1643 69 23 was

307 1681 72 34 free
399 1681 90 34 from
509 1681 236 42 garnishment
766 1681 44 43 by
830 1692 21 23 a
867 1681 185 43 judgment
1071 1682 159 33 creditor.
1250 1681 148 39 Accord,
1419 1683 41 32 In
1479 1693 38 22 re

306 1730 224 34 Dickerson’s
551 1732 132 38 Estate,
709 1732 17 32 5
751 1730 182 34 N.Y.S.2d
957 1731 54 39 86,
1039 1731 62 33 168
1126 1731 103 33 Misc.
1254 1732 44 32 54
1322 1730 111 42 (Surr.
1458 1731 56 33 Ct.

310 1778 116 43 1938).
449 1779 245 43 (Interpreting
714 1779 122 34 earlier
856 1784 129 29 statute
1003 1780 100 42 using
1122 1780 59 33 the
1199 1790 97 23 same
1314 1779 199 43 language.)

488 1865 82 33 Two
585 1869 114 29 courts
715 1864 87 34 have
817 1864 148 34 reached
980 1864 59 34 the
1053 1864 155 44 opposite
1223 1865 106 34 result
1344 1864 68 34 and
1428 1865 87 34 have

305 1913 79 35 held
399 1913 76 35 that
489 1914 59 34 the
561 1914 195 43 exemption
771 1914 81 34 does
868 1919 59 29 not
941 1914 103 44 apply
1051 1914 97 41 .after
1163 1915 58 34 the
1235 1925 124 33 money
1373 1915 141 34 reaches

305 1963 59 34 the
378 1963 175 44 recipient.
568 1965 41 33 In
623 1975 37 23 re
673 1965 124 33 Estate
811 1963 46 44 of
863 1964 206 43 McGreevy,
1085 1965 67 33 445
1169 1965 58 33 Pa.
1245 1965 77 40 318,
1339 1965 67 33 286
1421 1964 93 34 A.2d

306 2014 65 33 355
397 2012 123 43 (1971)
545 2013 68 34 and
634 2015 40 32 In
695 2025 37 22 re
753 2015 167 39 Prestien,
943 2015 66 32 427
1034 2014 145 43 F.Supp.
1207 2015 85 33 1003
1318 2014 98 42 (S.D.
1441 2014 71 34 Fla.

309 2061 116 44 1977).
445 2062 74 35 The
537 2063 169 43 Supreme
725 2063 110 34 Court
853 2063 39 34 of
908 2064 248 43 Pennsylvania
1175 2063 106 35 based
1300 2064 43 34 its
1361 2063 152 35 decision

304 2123 91 33 upon
408 2112 265 43 Congressional
685 2113 110 34 intent
807 2113 68 34 and
888 2113 82 34 “the
980 2114 139 42 general
1131 2114 73 34 rule
1215 2114 28 33 is
1254 2113 77 35 that
1342 2114 172 42 language

305 2162 145 43 relating
462 2167 35 30 to
510 2162 212 44 exemptions
735 2163 27 34 is
773 2168 36 29 to
821 2163 43 34 be
875 2163 132 43 strictly
1018 2163 217 34 construed.”
1250 2164 38 33 In
1300 2163 143 43 reading
1455 2163 59 35 the

304 2217 129 29 statute
450 2212 68 34 and
535 2212 197 43 examining
749 2212 59 35 the
824 2213 189 42 legislative
1029 2213 130 43 history
1176 2213 39 34 of
1228 2213 58 34 the
1302 2218 67 36 act,
1387 2224 51 23 we
1455 2224 59 23 are

304 2261 126 34 unable
442 2267 35 29 to
489 2261 71 35 find
572 2262 167 43 anything
752 2267 35 29 to
798 2262 235 34 demonstrate
1045 2273 20 23 a
1078 2263 265 42 Congressional
1355 2263 111 34 intent
1478 2268 35 29 to

304 2311 88 34 limit
405 2311 59 34 the
476 2311 196 44 exemption
685 2317 35 29 to
732 2311 103 35 funds
849 2312 79 34 held
941 2312 45 43 by
998 2312 58 34 the
1070 2312 142 34 Federal
1225 2317 234 38 government.
1474 2313 39 33 In

304 2360 82 41 fact,
410 2361 58 34 the
490 2361 128 35 Senate
641 2362 130 43 Report
793 2372 43 24 on
859 2373 20 23 a
906 2363 86 33 1978
1016 2362 223 34 amendment
1261 2367 35 29 to
1320 2362 17 42 §
1363 2362 148 43 8346(a)

304 2410 166 44 provides:
493 2411 143 34 “Under
658 2411 145 43 existing
825 2412 64 33 law
912 2413 18 32 5
954 2412 127 34 U.S.C.
1106 2412 17 42 §
1148 2411 161 43 8346(a),
1326 2418 188 37 payments
