1656 2688
301 417 88 35 little
405 417 75 44 girl,
498 417 62 35 but
577 418 61 34 she
654 417 133 35 needed
802 417 61 35 it.”
883 417 133 43 (Italics
1033 417 185 44 supplied.)
1238 417 111 35 Futch
1366 417 74 35 said
1457 426 53 26 no.

300 467 75 34 The
398 467 142 35 defense
564 473 159 37 attorney
747 467 158 43 objected
930 473 35 28 to
990 467 59 35 the
1073 468 228 43 questioning.
1327 467 103 35 After
1453 467 59 35 the

300 516 142 34 defense
462 516 124 40 rested,
607 516 59 34 the
686 521 90 29 state
795 516 205 34 announced
1020 517 77 33 that
1117 517 26 33 it
1164 516 113 34 would
1297 517 66 33 call
1384 517 128 33 Officer

302 565 145 34 Furnish
458 576 44 23 on
513 565 152 34 rebuttal
676 570 35 29 to
722 565 119 43 testify
851 565 77 34 that
940 565 110 34 Futch
1061 565 70 34 had
1142 565 75 34 said
1229 566 67 33 “he
1306 565 104 34 hated
1422 571 35 28 to
1467 565 44 34 do

300 613 26 35 it
345 619 35 29 to
399 614 59 34 the
477 614 88 34 little
583 614 75 42 girl,
678 614 62 34 but
759 614 61 34 she
838 613 133 35 needed
988 614 61 34 it.”
1071 614 133 42 (Italics
1223 613 185 44 supplied.)
1429 614 82 34 This

299 663 117 34 officer
424 663 69 35 had
503 663 148 34 testified
661 668 36 30 at
706 663 59 34 the
773 663 218 44 suppression
1001 663 143 44 hearing
1153 664 77 34 that
1240 663 110 35 Futch
1359 662 69 36 had
1437 663 74 35 said

300 713 67 34 “he
378 712 105 36 hated
494 718 36 30 to
541 713 44 34 do
597 713 27 35 it
635 718 35 30 to
681 713 60 35 the
752 713 88 35 little
851 713 75 43 girl,
939 713 62 35 but
1013 712 43 36 he
1067 712 64 36 did
1141 713 92 35 what
1245 713 43 35 he
1300 713 73 35 had
1383 719 36 29 to
1430 713 80 35 do.”

301 762 134 44 (Italics
445 762 184 45 supplied.)
641 763 82 35 This
734 763 27 35 is
770 774 66 24 one
845 763 39 35 of
890 763 59 35 the
958 768 204 30 statements
1172 764 76 34 that
1257 764 60 34 the
1325 763 79 35 trial
1413 769 98 29 court

299 813 204 44 suppressed
524 812 91 35 from
634 813 59 35 the
713 813 251 35 case-in-chief.

302 275 67 34 326

389 891 103 35 After
510 892 129 34 Officer
658 892 145 34 Furnish
821 892 149 34 testified
988 903 44 23 on
1050 892 151 35 rebuttal
1218 893 77 34 that
1314 893 110 34 Futch
1441 892 69 35 had

298 941 75 35 said
383 941 77 35 that
470 942 131 34 Bonnie
611 941 110 35 Futch
731 941 155 35 “needed
895 942 61 41 it,”
966 942 59 34 the
1034 942 142 35 defense
1185 947 159 39 attorney
1352 942 159 44 objected

299 991 76 35 that
387 991 44 35 he
443 991 69 35 had
524 997 60 29 not
596 992 86 34 been
695 991 179 35 furnished
887 992 82 34 with
982 1003 20 23 a
1015 1003 87 33 copy
1114 992 40 35 of
1162 992 68 35 this
1243 1003 74 24 new
1328 992 134 35 version
1474 992 40 35 of

299 1041 59 35 the
369 1046 187 30 statement
569 1041 119 35 before
699 1042 79 34 trial
791 1042 68 34 and
872 1042 77 35 that
961 1042 59 35 the
1032 1047 187 30 statement
1232 1042 69 35 had
1314 1043 87 34 been
1414 1042 96 35 ruled

298 1091 246 35 inadmissible.
562 1092 39 34 In
616 1093 129 33 Harris
758 1100 30 26 v.
803 1093 87 33 New
907 1092 104 41 York,
1028 1093 64 33 401
1112 1092 83 35 U.S.
1213 1093 68 34 222
1298 1092 138 43 (1971),
1452 1092 59 35 the

298 1141 131 35 United
441 1141 116 35 States
569 1141 170 44 Supreme
750 1142 111 34 Court
871 1142 97 35 ruled
980 1142 76 35 that
1068 1142 59 35 the
1138 1147 90 30 state
1239 1142 102 35 could
1352 1143 159 44 properly

298 1191 160 43 impeach
476 1191 59 34 the
553 1191 217 35 defendant’s
789 1192 195 43 credibility
1001 1203 44 23 on
1063 1193 346 34 cross-examination
1427 1193 83 34 with

298 1240 122 34 earlier
449 1245 203 29 statements
682 1241 43 34 he
754 1241 102 34 made
884 1241 113 34 which
1026 1241 182 35 conflicted
1237 1242 83 34 with
1349 1242 52 34 his
1430 1242 79 34 trial

297 1289 186 43 testimony
498 1289 30 34 if
540 1290 59 33 the
614 1295 203 29 statements
833 1301 89 23 were
936 1291 233 42 trustworthy.
1186 1291 57 33 On
1259 1291 124 43 appeal
1399 1291 110 34 Futch

297 1348 124 32 argues
433 1338 76 35 that
520 1339 130 34 Officer
662 1339 175 34 Furnish’s
848 1339 186 43 testimony
1045 1339 81 35 does
1138 1345 59 29 not
1209 1345 92 29 meet
1312 1340 60 34 the
1381 1341 129 33 Harris

298 1387 249 44 requirements
565 1387 54 35 for
637 1393 68 29 two
723 1399 150 24 reasons.
893 1389 56 34 He
967 1388 166 35 contends
1151 1389 77 34 that
1246 1389 59 34 the
1323 1394 186 30 statement

297 1436 149 36 testified
460 1442 35 30 to
509 1437 45 44 by
568 1437 129 35 Officer
712 1438 146 35 Furnish
872 1449 70 24 was
956 1443 59 30 not
1029 1438 224 35 inconsistent
1266 1439 83 34 with
1363 1439 53 34 his
1430 1439 79 35 trial

297 1487 186 44 testimony
499 1487 69 35 and
585 1487 77 35 that
679 1487 59 35 the
755 1488 185 44 testimony
957 1499 70 24 was
1044 1493 60 30 not
1121 1489 223 43 trustworthy
1361 1489 148 35 because

297 1536 129 35 Officer
459 1537 145 34 Furnish
636 1537 158 44 changed
826 1538 52 34 his
909 1538 134 34 version
1075 1538 94 35 since
1200 1539 59 34 the
1291 1539 218 44 suppression

296 1586 153 43 hearing.

528 1665 34 35 If
572 1666 110 34 Futch
694 1665 59 36 did
766 1666 123 35 indeed
901 1677 62 33 say
974 1666 76 35 that
1063 1667 131 34 Bonnie
1207 1667 110 34 Futch
1331 1666 176 36 “needed”

296 1715 131 43 killing,
443 1715 76 35 that
534 1715 113 35 would
662 1716 167 44 certainly
844 1721 153 30 contrast
1012 1717 82 34 with
1110 1717 52 34 his
1177 1717 186 44 testimony
1378 1722 36 30 at
1429 1717 79 35 trial

296 1764 76 35 that
382 1765 43 34 he
430 1765 73 43 just
512 1765 78 35 shot
599 1765 60 35 her
668 1765 101 35 while
778 1766 43 35 he
830 1777 69 24 was
909 1766 113 35 drunk
1031 1766 149 35 because
1188 1767 61 34 she
1258 1767 102 35 made
1369 1778 20 24 a
1399 1773 109 29 smart

296 1815 139 34 remark
451 1815 69 35 and
537 1815 77 35 that
631 1816 44 34 he
692 1815 69 35 had
779 1821 59 30 not
856 1816 163 35 intended
1037 1822 35 29 to
1090 1816 44 35 do
1151 1816 37 35 it.
1208 1817 167 35 Whether
1392 1828 38 24 or
1447 1822 60 30 not

296 1864 129 35 Officer
435 1865 175 35 Furnish’s
620 1865 185 44 testimony
814 1877 70 23 was
894 1866 151 35 credible
1054 1877 70 24 was
1134 1878 45 23 an
1188 1867 91 34 issue
1287 1866 54 35 for
1350 1867 59 35 the
1414 1867 91 44 jury.

294 1914 75 34 The
386 1914 141 35 defense
545 1915 292 35 cross-examined
855 1916 73 34 him
947 1916 68 34 and
1033 1916 44 34 he
1094 1916 170 35 admitted
1282 1917 76 34 that
1375 1917 44 34 he
1437 1917 69 34 had

294 1964 100 42 given
405 1975 20 23 a
435 1964 163 35 different
607 1965 134 34 version
751 1970 36 29 at
798 1965 59 34 the
867 1966 219 43 suppression
1096 1966 154 43 hearing.
1262 1967 31 34 It
1303 1977 70 24 was
1383 1966 54 35 for
1446 1967 60 34 the

290 2013 81 43 jury
381 2018 36 29 to
427 2013 121 35 decide
557 2014 112 34 which
679 2014 134 35 version
824 2026 70 23 was
904 2015 59 34 the
973 2015 106 39 truth.
1093 2016 110 34 Futch
1213 2016 72 34 also
1295 2026 123 33 argues
1429 2016 77 34 that

294 2062 44 35 he
349 2073 70 24 was
431 2062 199 45 prejudiced
643 2064 45 43 by
699 2064 59 34 the
769 2064 79 35 trial
860 2064 127 35 court’s
1000 2064 126 35 failure
1137 2070 35 29 to
1183 2065 77 43 give
1271 2076 20 24 a
1302 2066 203 43 cautionary

294 2110 204 37 instruction
508 2113 111 34 which
630 2113 113 35 would
753 2114 87 34 have
849 2114 72 34 told
931 2114 59 34 the
996 2114 81 44 jury
1086 2115 77 34 that
1172 2115 59 34 the
1240 2120 185 30 statement
1435 2126 70 24 was

294 2166 35 30 to
353 2162 43 34 be
419 2162 200 35 considered
643 2163 80 43 only
747 2163 53 34 for
824 2163 258 44 impeachment
1105 2175 163 33 purposes
1292 2164 69 35 and
1384 2170 60 29 not
1467 2175 37 24 as

293 2211 214 35 substantive
523 2212 162 35 evidence
701 2212 40 35 of
755 2213 139 34 Futch’s
911 2213 97 43 guilt.
1026 2213 75 35 The
1117 2214 79 34 trial
1213 2219 98 29 court
1327 2214 125 43 agreed
1469 2219 36 30 to

293 2261 76 43 give
385 2261 60 34 the
461 2261 204 35 instruction
682 2262 63 35 but
761 2262 172 44 evidently
950 2262 124 44 forgot.
1094 2264 160 34 Between
1270 2264 59 34 the
1345 2264 85 34 time
1446 2264 59 35 the

293 2316 98 29 court
401 2311 131 35 offered
543 2317 35 29 to
588 2312 76 43 give
674 2312 26 34 it
711 2312 68 34 and
789 2313 60 34 the
858 2313 85 34 time
953 2313 129 34 Officer
1093 2313 147 35 Furnish
1249 2313 149 35 testified
1408 2314 97 34 there

292 2370 70 25 was
374 2361 145 34 another
530 2361 137 35 witness
678 2362 77 34 who
766 2362 160 35 testified.
939 2363 66 34 We
1016 2363 71 34 find
1098 2363 77 35 that
1186 2363 26 35 it
1223 2375 70 23 was
1304 2364 201 34 incumbent

292 2421 93 33 upon
397 2411 59 34 the
467 2411 141 35 defense
620 2417 35 29 to
667 2412 134 34 remind
813 2412 59 35 the
883 2413 80 34 trial
974 2418 99 29 court
1084 2418 36 29 to
1132 2413 76 43 give
1219 2413 59 35 the
1289 2413 214 35 instruction.
