1656 2688
1274 277 67 34 289

220 417 87 34 Ever
323 417 93 34 since
431 417 59 34 the
506 416 164 45 adoption
686 417 39 34 of
738 428 62 23 our
816 417 237 35 Constitution
1068 418 35 34 in
1123 419 99 40 1874,
1239 418 26 34 it
1281 418 61 34 has

127 467 181 43 positively
326 467 194 43 prohibited
539 467 59 34 the
616 467 158 35 issuance
791 467 39 34 of
844 467 109 35 bonds
972 468 45 43 by
1035 479 20 23 a
1073 468 71 43 city
1161 479 37 23 or
1216 473 128 39 county

127 517 147 34 without
289 528 44 23 an
348 517 155 34 election.
520 518 39 33 In
575 517 42 34 its
632 517 146 43 original
793 517 101 41 form,
909 517 141 35 Section
1069 519 13 33 1
1101 518 39 34 of
1150 518 134 34 Article
1302 519 40 33 16

128 566 115 34 stated
254 567 77 34 that
343 577 43 24 no
397 572 127 38 county
535 577 38 24 or
585 567 70 43 city
666 567 123 34 should
801 567 79 34 lend
892 567 43 34 its
947 567 120 41 credit,
1080 568 85 34 “nor
1176 568 88 34 shall
1276 579 67 32 any

128 622 140 37 county,
279 616 80 43 city,
371 622 91 28 town
473 627 37 24 or
522 617 241 43 municipality
773 628 77 23 ever
862 617 91 34 issue
963 628 68 32 any
1042 617 301 43 interest-bearing

129 665 179 35 evidences
329 666 39 34 of
384 666 277 41 indebtedness,”
682 672 121 38 except
822 672 35 29 to
877 677 68 33 pay
964 667 99 34 debts
1083 667 83 35 then
1186 667 156 43 existing.

129 716 208 43 Exceptions
358 721 35 29 to
414 716 59 34 the
493 716 109 35 broad
623 716 209 44 prohibition
853 728 90 23 were
963 717 140 34 created
1124 717 46 44 by
1189 717 153 35 Amend-

129 771 113 29 ments
266 767 52 40 13,
343 768 51 39 17,
414 768 55 39 25,
489 766 69 35 and
578 767 56 41 49,
654 771 36 30 to
709 767 125 44 permit
853 767 59 34 the
930 767 159 35 issuance
1108 767 39 35 of
1163 767 108 35 bonds
1290 767 54 35 for

127 816 139 34 various
279 827 174 33 purposes,
467 817 62 34 but
542 827 101 33 every
655 827 65 24 one
732 816 39 35 of
780 817 59 34 the
851 817 254 35 Amendments
1117 818 156 34 retained
1285 818 59 34 the

129 866 234 43 requirement
376 866 76 35 that
466 866 59 35 the
538 866 93 35 bond
645 867 91 34 issue
749 867 73 34 first
835 867 43 34 be
891 867 174 44 approved
1079 873 36 29 at
1129 879 44 23 an
1187 868 156 34 election.

129 916 59 33 All
208 915 78 35 four
304 915 39 35 of
358 916 97 34 those
473 916 254 35 Amendments
747 917 86 34 have
851 928 75 23 now
945 917 87 34 been
1051 917 240 44 incorporated
1310 918 34 34 in

129 965 238 35 Amendment
381 967 55 39 62,
450 966 150 44 adopted
614 966 35 34 in
667 967 99 40 1984,
781 966 61 35 but
856 967 26 34 it
895 972 57 29 too
965 967 153 44 requires
1132 968 59 33 the
1203 973 142 29 consent

130 1014 39 35 of
187 1026 20 23 a
228 1015 162 44 majority
409 1015 39 35 of
465 1016 60 34 the
545 1016 155 35 electors.

222 1102 144 43 Despite
394 1102 59 34 the
481 1102 261 35 constitutional
771 1103 68 34 ban
869 1103 137 43 against
1035 1103 59 35 the
1123 1103 158 35 issuance
1309 1104 39 34 of

130 1151 190 44 municipal
333 1151 108 35 bonds
453 1152 146 34 without
612 1153 145 43 popular
770 1153 174 44 approval,
958 1153 68 34 this
1038 1158 99 30 court
1149 1153 139 35 created
1300 1165 45 23 an

130 1201 181 44 exception
322 1212 95 24 more
426 1202 85 34 than
523 1203 44 33 50
577 1213 100 33 years
687 1213 76 33 ago.
773 1202 202 44 Snodgrass
984 1214 30 23 v.
1028 1204 80 42 City
1118 1203 46 44 of
1165 1203 181 35 Pocahon­

131 1257 66 34 tas,
229 1252 64 34 189
320 1252 84 34 Ark.
433 1252 78 40 819,
539 1253 43 33 75
610 1252 144 35 S.W.2d
781 1253 66 34 223
877 1252 137 44 (1934).
1042 1253 113 34 There
1180 1253 59 35 the
1264 1254 80 43 city,

131 1307 169 37 pursuant
310 1306 36 30 to
357 1312 20 24 a
392 1302 85 34 1933
490 1307 142 36 statute,
644 1302 150 44 adopted
805 1314 44 23 an
860 1302 188 35 ordinance
1058 1303 218 44 authorizing
1287 1304 59 34 the

130 1351 160 34 issuance
299 1351 40 34 of
345 1351 108 35 bonds
463 1352 146 34 without
619 1363 45 24 an
675 1352 156 42 election,
842 1358 35 29 to
887 1353 137 35 finance
1033 1353 267 44 improvements
1309 1359 36 29 to

130 1401 60 34 the
211 1401 224 44 municipally
456 1402 121 34 owned
598 1407 107 30 water
726 1403 120 34 works.
868 1403 84 34 This
973 1408 99 30 court
1093 1404 173 43 approved
1286 1404 60 34 the

131 1451 171 43 proposal,
315 1451 114 43 giving
441 1451 43 35 its
496 1462 140 24 reasons
649 1452 35 34 in
695 1457 68 30 two
774 1458 178 29 sentences
964 1453 77 34 that
1052 1453 88 34 have
1151 1454 87 33 been
1250 1453 96 35 often

130 1500 129 43 quoted
282 1506 35 29 to
336 1501 124 43 justify
481 1501 60 35 the
563 1502 154 34 creation
739 1502 39 34 of
797 1502 191 35 additional
1011 1503 197 44 exceptions
1230 1508 35 29 to
1287 1504 60 34 the

130 1550 261 35 constitutional
411 1551 220 43 prohibition:

348 1636 30 34 It
402 1647 70 23 was
496 1636 201 44 manifestly
721 1637 59 34 the
803 1637 169 34 intention
996 1637 40 35 of
1057 1638 59 34 the
1139 1638 146 35 framers
1310 1639 39 34 of

255 1685 237 35 Amendment
511 1688 40 32 13
569 1691 35 30 to
620 1686 152 44 prohibit
787 1687 96 34 cities
900 1687 69 34 and
985 1692 108 29 towns
1110 1687 91 35 from
1216 1688 129 43 issuing

256 1735 302 44 interest-bearing
567 1735 163 36 evidence
738 1736 39 35 of
782 1736 254 42 indebtedness,
1046 1742 36 29 to
1091 1748 68 33 pay
1167 1738 112 34 which
1287 1738 60 34 the

256 1785 121 43 people
392 1785 113 35 would
522 1786 44 34 be
581 1786 115 41 taxed,
713 1797 38 24 or
767 1786 89 35 their
871 1792 163 38 property
1050 1788 244 43 appropriated
1310 1793 35 29 to

256 1846 67 32 pay
335 1835 58 34 the
405 1835 254 42 indebtedness,
672 1847 38 23 or
722 1847 67 33 any
801 1836 243 35 indebtedness
1056 1837 77 34 that
1144 1837 122 44 placed
1278 1849 68 32 any

256 1884 132 35 burden
414 1895 44 24 on
484 1885 60 35 the
569 1890 195 40 taxpayers.
792 1887 31 34 It
848 1897 71 24 was
945 1892 60 29 not
1031 1887 60 34 the
1116 1887 169 35 intention
1310 1893 36 29 to

255 1935 151 43 prohibit
419 1935 97 35 cities
530 1935 70 35 and
614 1940 108 31 towns
736 1936 91 35 from
840 1937 142 43 making
996 1937 267 44 improvements
1277 1937 68 35 and

255 1984 162 45 pledging
441 1985 59 35 the
523 1997 148 24 revenue
695 1986 91 35 from
809 1987 59 34 the
891 1987 268 44 improvements
1183 1999 37 23 so
1243 1988 103 35 made

255 2035 101 35 alone
375 2041 35 29 to
430 2036 60 34 the
509 2042 166 38 payment
695 2036 39 35 of
751 2037 59 34 the
829 2037 254 35 indebtedness.

221 2121 75 34 The
307 2121 202 44 Snodgrass
521 2122 140 43 opinion
674 2122 59 34 did
747 2128 59 29 not
819 2123 137 43 explain
969 2123 79 43 why
1060 2123 27 34 it
1099 2135 70 23 was
1182 2124 164 34 manifest

129 2170 78 34 that
217 2170 60 34 the
286 2170 146 35 framers
443 2171 39 34 of
489 2171 238 35 Amendment
741 2173 39 33 13
792 2172 59 34 did
861 2177 60 29 not
931 2173 108 43 really
1049 2184 102 23 mean
1162 2173 93 34 what
1264 2174 82 43 they

129 2219 87 34 said.
231 2220 39 33 In
282 2220 106 40 truth,
401 2220 59 34 the
472 2220 147 35 framers
632 2221 70 34 had
714 2221 213 44 anticipated
939 2222 59 34 the
1008 2233 82 32 very
1102 2223 156 43 problem
1269 2223 77 34 that

129 2268 206 35 confronted
351 2269 59 35 the
426 2270 82 43 City
523 2270 40 34 of
576 2270 217 35 Pocahontas
810 2271 44 43 by
870 2271 180 44 providing
1066 2272 35 34 in
1117 2272 59 34 the
1191 2272 154 34 Amend-

129 2323 97 29 ment
243 2319 77 34 that
338 2319 167 43 although
523 2320 80 43 only
621 2331 20 23 a
659 2320 155 34 five-mill
832 2325 59 30 tax
909 2321 102 34 could
1029 2321 43 34 be
1089 2321 110 34 levied
1216 2321 53 35 for
1287 2322 59 34 the

129 2368 215 43 twenty-odd
366 2369 267 43 improvements
654 2369 101 35 listed
777 2370 35 34 in
833 2370 59 34 the
912 2370 248 42 Amendment,
1183 2382 44 23 an
1248 2371 97 34 addi-

129 2417 109 35 tional
257 2418 66 34 five
341 2418 90 35 mills
450 2430 70 23 was
539 2419 203 35 authorized
761 2425 36 29 to
815 2431 120 23 secure
953 2420 110 34 bonds
1082 2421 114 34 issued
1215 2421 54 34 for
1287 2421 60 34 the
