<?xml version='1.0' encoding='utf-8'?>
<alto xmlns="http://www.loc.gov/standards/alto/ns-v3#">
  <!--Created by Innodata R.E.D. RLI tool: 2017-04-25 06:27:30.205030-->
  <Description>
    <MeasurementUnit>pixel</MeasurementUnit>
    <sourceImageInformation>
      <fileName>32044078577194_00210_0.tif</fileName>
    </sourceImageInformation>
    <OCRProcessing ID="OP_1">
      <ocrProcessingStep>
        <processingStepDescription>Alto coordinates refer to the deskewed TIFF file. 
		To convert point (x, y) to original image (TIFF or JP2) apply transformation matrix T=(m00, m01, m10, m11, b0, b1) using the rule:
			T * (x,y) = (m00 * x + m01 * y + b0), (m10 * x + m11 * y + b1)</processingStepDescription>
        <processingStepSettings>RED.transform=(0.9999920000106667, -0.003999989333341867, 0.003999989333341867, 0.9999920000106667, 0.39200000000005275, -6.312000000000102)</processingStepSettings>
      </ocrProcessingStep>
    </OCRProcessing>
  </Description>
  <Styles>
    <TextStyle FONTFAMILY="Times New Roman" FONTSIZE="9.50" FONTSTYLE="bold smallcaps" FONTTYPE="serif" FONTWIDTH="proportional" ID="Style_4"/>
    <TextStyle FONTFAMILY="Times New Roman" FONTSIZE="11.00" FONTTYPE="serif" FONTWIDTH="proportional" ID="Style_6"/>
    <TextStyle FONTFAMILY="Times New Roman" FONTSIZE="11.00" FONTSTYLE="italics" FONTTYPE="serif" FONTWIDTH="proportional" ID="Style_7"/>
  </Styles>
  <Tags>
    <StructureTag ID="AxH" LABEL="pagelabel"/>
    <StructureTag ID="b419-9" LABEL="attorneys"/>
    <StructureTag ID="b419-10" LABEL="attorneys"/>
    <StructureTag ID="b419-11" LABEL="author"/>
    <StructureTag ID="AClD" LABEL="p"/>
    <StructureTag ID="b419-12" LABEL="p"/>
    <StructureTag ID="b419-13" LABEL="p"/>
    <StructureTag ID="b419-14" LABEL="p"/>
  </Tags>
  <Layout>
    <Page HEIGHT="2702" ID="PG_419" PHYSICAL_IMG_NR="419" WIDTH="1666">
      <PrintSpace HEIGHT="2702" HPOS="0" ID="PS_419" VPOS="0" WIDTH="1666">
        <TextBlock HEIGHT="33.0" HPOS="1271.0" ID="BL_419.3" TAGREFS="AxH" VPOS="280.0" WIDTH="65.0">
          <TextLine HEIGHT="33" HPOS="1271" ID="TL_419.3.1" VPOS="280" WIDTH="65">
            <String CONTENT="385" HEIGHT="33" HPOS="1271" ID="ST_419.3.1.1" STYLEREFS="Style_6" VPOS="280" WIDTH="65" WC="0.87" CC="000" TAGREFS=""/>
          </TextLine>
        </TextBlock>
        <TextBlock HEIGHT="45.0" HPOS="229.0" ID="BL_419.8" TAGREFS="b419-9" VPOS="1126.0" WIDTH="1043.0">
          <TextLine HEIGHT="45" HPOS="229" ID="TL_419.8.1" VPOS="1126" WIDTH="1043">
            <String CONTENT="Young" HEIGHT="42" HPOS="229" ID="ST_419.8.1.1" STYLEREFS="Style_7" VPOS="1128" WIDTH="123" WC="0.98" CC="00000" TAGREFS=""/>
            <SP HPOS="352" ID="SP_419.8.1.2" VPOS="1129" WIDTH="20"/>
            <String CONTENT="&amp;" HEIGHT="32" HPOS="372" ID="ST_419.8.1.3" STYLEREFS="Style_7" VPOS="1129" WIDTH="30" WC="1.00" CC="0" TAGREFS=""/>
            <SP HPOS="402" ID="SP_419.8.1.4" VPOS="1126" WIDTH="22"/>
            <String CONTENT="Finley," HEIGHT="44" HPOS="424" ID="ST_419.8.1.5" STYLEREFS="Style_7" VPOS="1126" WIDTH="132" WC="0.92" CC="0000000" TAGREFS=""/>
            <SP HPOS="556" ID="SP_419.8.1.6" VPOS="1127" WIDTH="21"/>
            <String CONTENT="by:" HEIGHT="43" HPOS="577" ID="ST_419.8.1.7" STYLEREFS="Style_6" VPOS="1127" WIDTH="55" WC="0.79" CC="000" TAGREFS=""/>
            <SP HPOS="632" ID="SP_419.8.1.8" VPOS="1129" WIDTH="21"/>
            <String CONTENT="James" HEIGHT="33" HPOS="653" ID="ST_419.8.1.9" STYLEREFS="Style_7" VPOS="1129" WIDTH="123" WC="1.00" CC="00000" TAGREFS=""/>
            <SP HPOS="776" ID="SP_419.8.1.10" VPOS="1128" WIDTH="19"/>
            <String CONTENT="K." HEIGHT="33" HPOS="795" ID="ST_419.8.1.11" STYLEREFS="Style_7" VPOS="1128" WIDTH="40" WC="1.00" CC="00" TAGREFS=""/>
            <SP HPOS="835" ID="SP_419.8.1.12" VPOS="1129" WIDTH="26"/>
            <String CONTENT="Young," HEIGHT="42" HPOS="861" ID="ST_419.8.1.13" STYLEREFS="Style_7" VPOS="1129" WIDTH="131" WC="0.96" CC="000000" TAGREFS=""/>
            <SP HPOS="992" ID="SP_419.8.1.14" VPOS="1126" WIDTH="22"/>
            <String CONTENT="for" HEIGHT="35" HPOS="1014" ID="ST_419.8.1.15" STYLEREFS="Style_6" VPOS="1126" WIDTH="53" WC="1.00" CC="000" TAGREFS=""/>
            <SP HPOS="1067" ID="SP_419.8.1.16" VPOS="1128" WIDTH="20"/>
            <String CONTENT="appellant." HEIGHT="43" HPOS="1087" ID="ST_419.8.1.17" STYLEREFS="Style_6" VPOS="1128" WIDTH="185" WC="0.86" CC="0000000000" TAGREFS=""/>
          </TextLine>
        </TextBlock>
        <TextBlock HEIGHT="94.0" HPOS="134.0" ID="BL_419.9" TAGREFS="b419-10" VPOS="1205.0" WIDTH="1211.0">
          <TextLine HEIGHT="45" HPOS="225" ID="TL_419.9.1" VPOS="1205" WIDTH="1120">
            <String CONTENT="Steve" HEIGHT="34" HPOS="225" ID="ST_419.9.1.1" STYLEREFS="Style_7" VPOS="1206" WIDTH="104" WC="1.00" CC="00000" TAGREFS=""/>
            <SP HPOS="329" ID="SP_419.9.1.2" VPOS="1205" WIDTH="16"/>
            <String CONTENT="Clark," HEIGHT="41" HPOS="345" ID="ST_419.9.1.3" STYLEREFS="Style_7" VPOS="1205" WIDTH="119" WC="0.97" CC="000000" TAGREFS=""/>
            <SP HPOS="464" ID="SP_419.9.1.4" VPOS="1206" WIDTH="15"/>
            <String CONTENT="Att’y" HEIGHT="43" HPOS="479" ID="ST_419.9.1.5" STYLEREFS="Style_6" VPOS="1206" WIDTH="100" WC="0.80" CC="00090" TAGREFS=""/>
            <SP HPOS="579" ID="SP_419.9.1.6" VPOS="1206" WIDTH="14"/>
            <String CONTENT="Gen.," HEIGHT="41" HPOS="593" ID="ST_419.9.1.7" STYLEREFS="Style_6" VPOS="1206" WIDTH="101" WC="0.90" CC="00099" TAGREFS=""/>
            <SP HPOS="694" ID="SP_419.9.1.8" VPOS="1206" WIDTH="15"/>
            <String CONTENT="by:" HEIGHT="43" HPOS="709" ID="ST_419.9.1.9" STYLEREFS="Style_6" VPOS="1206" WIDTH="56" WC="0.78" CC="000" TAGREFS=""/>
            <SP HPOS="765" ID="SP_419.9.1.10" VPOS="1206" WIDTH="15"/>
            <String CONTENT="Randel" HEIGHT="35" HPOS="780" ID="ST_419.9.1.11" STYLEREFS="Style_7" VPOS="1206" WIDTH="138" WC="1.00" CC="000000" TAGREFS=""/>
            <SP HPOS="918" ID="SP_419.9.1.12" VPOS="1208" WIDTH="13"/>
            <String CONTENT="K." HEIGHT="33" HPOS="931" ID="ST_419.9.1.13" STYLEREFS="Style_7" VPOS="1208" WIDTH="41" WC="0.75" CC="00" TAGREFS=""/>
            <SP HPOS="972" ID="SP_419.9.1.14" VPOS="1206" WIDTH="17"/>
            <String CONTENT="Miller," HEIGHT="41" HPOS="989" ID="ST_419.9.1.15" STYLEREFS="Style_7" VPOS="1206" WIDTH="134" WC="0.97" CC="0000000" TAGREFS=""/>
            <SP HPOS="1123" ID="SP_419.9.1.16" VPOS="1208" WIDTH="15"/>
            <String CONTENT="Asst." HEIGHT="33" HPOS="1138" ID="ST_419.9.1.17" STYLEREFS="Style_6" VPOS="1208" WIDTH="93" WC="1.00" CC="00000" TAGREFS=""/>
            <SP HPOS="1231" ID="SP_419.9.1.18" VPOS="1207" WIDTH="15"/>
            <String CONTENT="Att’y" HEIGHT="43" HPOS="1246" ID="ST_419.9.1.19" STYLEREFS="Style_6" VPOS="1207" WIDTH="99" WC="0.96" CC="00000" TAGREFS=""/>
          </TextLine>
          <TextLine HEIGHT="44" HPOS="134" ID="TL_419.9.2" VPOS="1255" WIDTH="360">
            <String CONTENT="Gen.," HEIGHT="40" HPOS="134" ID="ST_419.9.2.1" STYLEREFS="Style_6" VPOS="1255" WIDTH="101" WC="1.00" CC="00099" TAGREFS=""/>
            <SP HPOS="235" ID="SP_419.9.2.2" VPOS="1255" WIDTH="22"/>
            <String CONTENT="for" HEIGHT="34" HPOS="257" ID="ST_419.9.2.3" STYLEREFS="Style_6" VPOS="1255" WIDTH="53" WC="1.00" CC="000" TAGREFS=""/>
            <SP HPOS="310" ID="SP_419.9.2.4" VPOS="1255" WIDTH="21"/>
            <String CONTENT="appellee." HEIGHT="44" HPOS="331" ID="ST_419.9.2.5" STYLEREFS="Style_6" VPOS="1255" WIDTH="163" WC="0.93" CC="000000000" TAGREFS=""/>
          </TextLine>
        </TextBlock>
        <TextBlock HEIGHT="42.0" HPOS="226.0" ID="BL_419.10" TAGREFS="b419-11" VPOS="1334.0" WIDTH="608.0">
          <TextLine HEIGHT="42" HPOS="226" ID="TL_419.10.1" VPOS="1334" WIDTH="608">
            <String CONTENT="George" HEIGHT="35" HPOS="226" ID="ST_419.10.1.1" STYLEREFS="Style_4" VPOS="1334" WIDTH="161" WC="0.90" CC="000000" TAGREFS=""/>
            <SP HPOS="387" ID="SP_419.10.1.2" VPOS="1334" WIDTH="25"/>
            <String CONTENT="Rose" HEIGHT="35" HPOS="412" ID="ST_419.10.1.3" STYLEREFS="Style_4" VPOS="1334" WIDTH="99" WC="1.00" CC="0000" TAGREFS=""/>
            <SP HPOS="511" ID="SP_419.10.1.4" VPOS="1334" WIDTH="25"/>
            <String CONTENT="Smith," HEIGHT="42" HPOS="536" ID="ST_419.10.1.5" STYLEREFS="Style_4" VPOS="1334" WIDTH="132" WC="0.93" CC="000000" TAGREFS=""/>
            <SP HPOS="668" ID="SP_419.10.1.6" VPOS="1334" WIDTH="26"/>
            <String CONTENT="Justice." HEIGHT="35" HPOS="694" ID="ST_419.10.1.7" STYLEREFS="Style_6" VPOS="1334" WIDTH="140" WC="0.99" CC="00000000" TAGREFS=""/>
          </TextLine>
        </TextBlock>
        <TextBlock HEIGHT="45.0" HPOS="860.0" ID="BL_419.11" TAGREFS="AClD" VPOS="1334.0" WIDTH="486.0">
          <TextLine HEIGHT="45" HPOS="860" ID="TL_419.11.1" VPOS="1334" WIDTH="486">
            <String CONTENT="This" HEIGHT="34" HPOS="860" ID="ST_419.11.1.1" STYLEREFS="Style_6" VPOS="1335" WIDTH="84" WC="0.96" CC="0000" TAGREFS=""/>
            <SP HPOS="944" ID="SP_419.11.1.2" VPOS="1334" WIDTH="25"/>
            <String CONTENT="is" HEIGHT="35" HPOS="969" ID="ST_419.11.1.3" STYLEREFS="Style_6" VPOS="1334" WIDTH="28" WC="0.72" CC="00" TAGREFS=""/>
            <SP HPOS="997" ID="SP_419.11.1.4" VPOS="1346" WIDTH="25"/>
            <String CONTENT="an" HEIGHT="23" HPOS="1022" ID="ST_419.11.1.5" STYLEREFS="Style_6" VPOS="1346" WIDTH="44" WC="0.86" CC="00" TAGREFS=""/>
            <SP HPOS="1066" ID="SP_419.11.1.6" VPOS="1335" WIDTH="26"/>
            <String CONTENT="effort" HEIGHT="35" HPOS="1092" ID="ST_419.11.1.7" STYLEREFS="Style_6" VPOS="1335" WIDTH="101" WC="0.70" CC="090000" TAGREFS=""/>
            <SP HPOS="1193" ID="SP_419.11.1.8" VPOS="1335" WIDTH="25"/>
            <String CONTENT="by" HEIGHT="44" HPOS="1218" ID="ST_419.11.1.9" STYLEREFS="Style_6" VPOS="1335" WIDTH="45" WC="0.83" CC="00" TAGREFS=""/>
            <SP HPOS="1263" ID="SP_419.11.1.10" VPOS="1335" WIDTH="24"/>
            <String CONTENT="the" HEIGHT="34" HPOS="1287" ID="ST_419.11.1.11" STYLEREFS="Style_6" VPOS="1335" WIDTH="59" WC="0.89" CC="000" TAGREFS=""/>
          </TextLine>
        </TextBlock>
        <TextBlock HEIGHT="192.0" HPOS="134.0" ID="BL_419.12" TAGREFS="AClD" VPOS="1384.0" WIDTH="1212.0">
          <TextLine HEIGHT="45" HPOS="135" ID="TL_419.12.1" VPOS="1384" WIDTH="1210">
            <String CONTENT="appellant" HEIGHT="43" HPOS="135" ID="ST_419.12.1.1" STYLEREFS="Style_6" VPOS="1384" WIDTH="177" WC="0.93" CC="000000000" TAGREFS=""/>
            <SP HPOS="312" ID="SP_419.12.1.2" VPOS="1384" WIDTH="12"/>
            <String CONTENT="Neeley" HEIGHT="43" HPOS="324" ID="ST_419.12.1.3" STYLEREFS="Style_6" VPOS="1384" WIDTH="133" WC="0.92" CC="000000" TAGREFS=""/>
            <SP HPOS="457" ID="SP_419.12.1.4" VPOS="1389" WIDTH="12"/>
            <String CONTENT="to" HEIGHT="29" HPOS="469" ID="ST_419.12.1.5" STYLEREFS="Style_6" VPOS="1389" WIDTH="35" WC="1.00" CC="00" TAGREFS=""/>
            <SP HPOS="504" ID="SP_419.12.1.6" VPOS="1384" WIDTH="13"/>
            <String CONTENT="avoid" HEIGHT="35" HPOS="517" ID="ST_419.12.1.7" STYLEREFS="Style_6" VPOS="1384" WIDTH="100" WC="0.97" CC="00000" TAGREFS=""/>
            <SP HPOS="617" ID="SP_419.12.1.8" VPOS="1384" WIDTH="13"/>
            <String CONTENT="paying" HEIGHT="45" HPOS="630" ID="ST_419.12.1.9" STYLEREFS="Style_6" VPOS="1384" WIDTH="127" WC="0.85" CC="000000" TAGREFS=""/>
            <SP HPOS="757" ID="SP_419.12.1.10" VPOS="1395" WIDTH="13"/>
            <String CONTENT="a" HEIGHT="24" HPOS="770" ID="ST_419.12.1.11" STYLEREFS="Style_6" VPOS="1395" WIDTH="20" WC="1.00" CC="0" TAGREFS=""/>
            <SP HPOS="790" ID="SP_419.12.1.12" VPOS="1385" WIDTH="13"/>
            <String CONTENT="filing" HEIGHT="43" HPOS="803" ID="ST_419.12.1.13" STYLEREFS="Style_6" VPOS="1385" WIDTH="94" WC="1.00" CC="000000" TAGREFS=""/>
            <SP HPOS="897" ID="SP_419.12.1.14" VPOS="1385" WIDTH="13"/>
            <String CONTENT="fee" HEIGHT="35" HPOS="910" ID="ST_419.12.1.15" STYLEREFS="Style_6" VPOS="1385" WIDTH="55" WC="1.00" CC="000" TAGREFS=""/>
            <SP HPOS="965" ID="SP_419.12.1.16" VPOS="1384" WIDTH="13"/>
            <String CONTENT="for" HEIGHT="35" HPOS="978" ID="ST_419.12.1.17" STYLEREFS="Style_6" VPOS="1384" WIDTH="54" WC="1.00" CC="000" TAGREFS=""/>
            <SP HPOS="1032" ID="SP_419.12.1.18" VPOS="1385" WIDTH="12"/>
            <String CONTENT="appealing" HEIGHT="44" HPOS="1044" ID="ST_419.12.1.19" STYLEREFS="Style_6" VPOS="1385" WIDTH="183" WC="0.87" CC="000000000" TAGREFS=""/>
            <SP HPOS="1227" ID="SP_419.12.1.20" VPOS="1390" WIDTH="12"/>
            <String CONTENT="to" HEIGHT="30" HPOS="1239" ID="ST_419.12.1.21" STYLEREFS="Style_6" VPOS="1390" WIDTH="35" WC="1.00" CC="00" TAGREFS=""/>
            <SP HPOS="1274" ID="SP_419.12.1.22" VPOS="1384" WIDTH="12"/>
            <String CONTENT="the" HEIGHT="36" HPOS="1286" ID="ST_419.12.1.23" STYLEREFS="Style_6" VPOS="1384" WIDTH="59" WC="1.00" CC="000" TAGREFS=""/>
          </TextLine>
          <TextLine HEIGHT="46" HPOS="134" ID="TL_419.12.2" VPOS="1433" WIDTH="1210">
            <String CONTENT="circuit" HEIGHT="35" HPOS="134" ID="ST_419.12.2.1" STYLEREFS="Style_6" VPOS="1433" WIDTH="123" WC="0.99" CC="0000000" TAGREFS=""/>
            <SP HPOS="257" ID="SP_419.12.2.2" VPOS="1439" WIDTH="20"/>
            <String CONTENT="court" HEIGHT="29" HPOS="277" ID="ST_419.12.2.3" STYLEREFS="Style_6" VPOS="1439" WIDTH="98" WC="1.00" CC="00000" TAGREFS=""/>
            <SP HPOS="375" ID="SP_419.12.2.4" VPOS="1434" WIDTH="18"/>
            <String CONTENT="from" HEIGHT="35" HPOS="393" ID="ST_419.12.2.5" STYLEREFS="Style_6" VPOS="1434" WIDTH="90" WC="0.92" CC="0000" TAGREFS=""/>
            <SP HPOS="483" ID="SP_419.12.2.6" VPOS="1445" WIDTH="19"/>
            <String CONTENT="a" HEIGHT="23" HPOS="502" ID="ST_419.12.2.7" STYLEREFS="Style_6" VPOS="1445" WIDTH="20" WC="1.00" CC="0" TAGREFS=""/>
            <SP HPOS="522" ID="SP_419.12.2.8" VPOS="1434" WIDTH="20"/>
            <String CONTENT="misdemeanor" HEIGHT="35" HPOS="542" ID="ST_419.12.2.9" STYLEREFS="Style_6" VPOS="1434" WIDTH="254" WC="0.89" CC="00000000000" TAGREFS=""/>
            <SP HPOS="796" ID="SP_419.12.2.10" VPOS="1435" WIDTH="19"/>
            <String CONTENT="conviction" HEIGHT="35" HPOS="815" ID="ST_419.12.2.11" STYLEREFS="Style_6" VPOS="1435" WIDTH="192" WC="0.91" CC="0000000000" TAGREFS=""/>
            <SP HPOS="1007" ID="SP_419.12.2.12" VPOS="1435" WIDTH="19"/>
            <String CONTENT="in" HEIGHT="34" HPOS="1026" ID="ST_419.12.2.13" STYLEREFS="Style_6" VPOS="1435" WIDTH="35" WC="0.81" CC="00" TAGREFS=""/>
            <SP HPOS="1061" ID="SP_419.12.2.14" VPOS="1435" WIDTH="19"/>
            <String CONTENT="the" HEIGHT="34" HPOS="1080" ID="ST_419.12.2.15" STYLEREFS="Style_6" VPOS="1435" WIDTH="59" WC="1.00" CC="000" TAGREFS=""/>
            <SP HPOS="1139" ID="SP_419.12.2.16" VPOS="1435" WIDTH="18"/>
            <String CONTENT="municipal" HEIGHT="44" HPOS="1157" ID="ST_419.12.2.17" STYLEREFS="Style_6" VPOS="1435" WIDTH="187" WC="0.93" CC="000000000" TAGREFS=""/>
          </TextLine>
          <TextLine HEIGHT="44" HPOS="135" ID="TL_419.12.3" VPOS="1484" WIDTH="1211">
            <String CONTENT="court." HEIGHT="29" HPOS="135" ID="ST_419.12.3.1" STYLEREFS="Style_6" VPOS="1489" WIDTH="109" WC="0.92" CC="000000" TAGREFS=""/>
            <SP HPOS="244" ID="SP_419.12.3.2" VPOS="1484" WIDTH="13"/>
            <String CONTENT="We" HEIGHT="34" HPOS="257" ID="ST_419.12.3.3" STYLEREFS="Style_6" VPOS="1484" WIDTH="66" WC="1.00" CC="00" TAGREFS=""/>
            <SP HPOS="323" ID="SP_419.12.3.4" VPOS="1494" WIDTH="12"/>
            <String CONTENT="agree" HEIGHT="33" HPOS="335" ID="ST_419.12.3.5" STYLEREFS="Style_6" VPOS="1494" WIDTH="101" WC="0.99" CC="00000" TAGREFS=""/>
            <SP HPOS="436" ID="SP_419.12.3.6" VPOS="1484" WIDTH="11"/>
            <String CONTENT="with" HEIGHT="34" HPOS="447" ID="ST_419.12.3.7" STYLEREFS="Style_6" VPOS="1484" WIDTH="82" WC="0.77" CC="0000" TAGREFS=""/>
            <SP HPOS="529" ID="SP_419.12.3.8" VPOS="1485" WIDTH="12"/>
            <String CONTENT="the" HEIGHT="34" HPOS="541" ID="ST_419.12.3.9" STYLEREFS="Style_6" VPOS="1485" WIDTH="60" WC="0.90" CC="000" TAGREFS=""/>
            <SP HPOS="601" ID="SP_419.12.3.10" VPOS="1484" WIDTH="11"/>
            <String CONTENT="circuit" HEIGHT="35" HPOS="612" ID="ST_419.12.3.11" STYLEREFS="Style_6" VPOS="1484" WIDTH="123" WC="0.99" CC="0000000" TAGREFS=""/>
            <SP HPOS="735" ID="SP_419.12.3.12" VPOS="1484" WIDTH="7"/>
            <String CONTENT="judge’s" HEIGHT="44" HPOS="742" ID="ST_419.12.3.13" STYLEREFS="Style_6" VPOS="1484" WIDTH="136" WC="1.00" CC="0000000" TAGREFS=""/>
            <SP HPOS="878" ID="SP_419.12.3.14" VPOS="1485" WIDTH="12"/>
            <String CONTENT="ruling" HEIGHT="42" HPOS="890" ID="ST_419.12.3.15" STYLEREFS="Style_6" VPOS="1485" WIDTH="113" WC="0.91" CC="000000" TAGREFS=""/>
            <SP HPOS="1003" ID="SP_419.12.3.16" VPOS="1485" WIDTH="11"/>
            <String CONTENT="that" HEIGHT="34" HPOS="1014" ID="ST_419.12.3.17" STYLEREFS="Style_6" VPOS="1485" WIDTH="77" WC="0.93" CC="0000" TAGREFS=""/>
            <SP HPOS="1091" ID="SP_419.12.3.18" VPOS="1496" WIDTH="11"/>
            <String CONTENT="a" HEIGHT="23" HPOS="1102" ID="ST_419.12.3.19" STYLEREFS="Style_6" VPOS="1496" WIDTH="20" WC="1.00" CC="0" TAGREFS=""/>
            <SP HPOS="1122" ID="SP_419.12.3.20" VPOS="1485" WIDTH="12"/>
            <String CONTENT="fee" HEIGHT="35" HPOS="1134" ID="ST_419.12.3.21" STYLEREFS="Style_6" VPOS="1485" WIDTH="55" WC="1.00" CC="000" TAGREFS=""/>
            <SP HPOS="1189" ID="SP_419.12.3.22" VPOS="1490" WIDTH="11"/>
            <String CONTENT="must" HEIGHT="30" HPOS="1200" ID="ST_419.12.3.23" STYLEREFS="Style_6" VPOS="1490" WIDTH="92" WC="0.79" CC="0000" TAGREFS=""/>
            <SP HPOS="1292" ID="SP_419.12.3.24" VPOS="1485" WIDTH="10"/>
            <String CONTENT="be" HEIGHT="34" HPOS="1302" ID="ST_419.12.3.25" STYLEREFS="Style_6" VPOS="1485" WIDTH="44" WC="0.66" CC="00" TAGREFS=""/>
          </TextLine>
          <TextLine HEIGHT="43" HPOS="135" ID="TL_419.12.4" VPOS="1533" WIDTH="92">
            <String CONTENT="paid." HEIGHT="43" HPOS="135" ID="ST_419.12.4.1" STYLEREFS="Style_6" VPOS="1533" WIDTH="92" WC="1.00" CC="00000" TAGREFS=""/>
          </TextLine>
        </TextBlock>
        <TextBlock HEIGHT="442.0" HPOS="134.0" ID="BL_419.13" TAGREFS="b419-12" VPOS="1613.0" WIDTH="1215.0">
          <TextLine HEIGHT="45" HPOS="227" ID="TL_419.13.1" VPOS="1613" WIDTH="1119">
            <String CONTENT="Neeley" HEIGHT="43" HPOS="227" ID="ST_419.13.1.1" STYLEREFS="Style_6" VPOS="1613" WIDTH="133" WC="0.98" CC="000000" TAGREFS=""/>
            <SP HPOS="360" ID="SP_419.13.1.2" VPOS="1623" WIDTH="10"/>
            <String CONTENT="was" HEIGHT="24" HPOS="370" ID="ST_419.13.1.3" STYLEREFS="Style_6" VPOS="1623" WIDTH="69" WC="1.00" CC="000" TAGREFS=""/>
            <SP HPOS="439" ID="SP_419.13.1.4" VPOS="1613" WIDTH="11"/>
            <String CONTENT="convicted" HEIGHT="35" HPOS="450" ID="ST_419.13.1.5" STYLEREFS="Style_6" VPOS="1613" WIDTH="179" WC="0.95" CC="000000000" TAGREFS=""/>
            <SP HPOS="629" ID="SP_419.13.1.6" VPOS="1613" WIDTH="10"/>
            <String CONTENT="of" HEIGHT="35" HPOS="639" ID="ST_419.13.1.7" STYLEREFS="Style_6" VPOS="1613" WIDTH="40" WC="1.00" CC="00" TAGREFS=""/>
            <SP HPOS="679" ID="SP_419.13.1.8" VPOS="1623" WIDTH="7"/>
            <String CONTENT="a" HEIGHT="25" HPOS="686" ID="ST_419.13.1.9" STYLEREFS="Style_6" VPOS="1623" WIDTH="20" WC="0.42" CC="0" TAGREFS=""/>
            <SP HPOS="706" ID="SP_419.13.1.10" VPOS="1613" WIDTH="11"/>
            <String CONTENT="misdemeanor" HEIGHT="35" HPOS="717" ID="ST_419.13.1.11" STYLEREFS="Style_6" VPOS="1613" WIDTH="253" WC="0.92" CC="00000000000" TAGREFS=""/>
            <SP HPOS="970" ID="SP_419.13.1.12" VPOS="1613" WIDTH="11"/>
            <String CONTENT="by" HEIGHT="44" HPOS="981" ID="ST_419.13.1.13" STYLEREFS="Style_6" VPOS="1613" WIDTH="45" WC="0.67" CC="00" TAGREFS=""/>
            <SP HPOS="1026" ID="SP_419.13.1.14" VPOS="1614" WIDTH="10"/>
            <String CONTENT="the" HEIGHT="34" HPOS="1036" ID="ST_419.13.1.15" STYLEREFS="Style_6" VPOS="1614" WIDTH="60" WC="1.00" CC="000" TAGREFS=""/>
            <SP HPOS="1096" ID="SP_419.13.1.16" VPOS="1614" WIDTH="9"/>
            <String CONTENT="Pope" HEIGHT="44" HPOS="1105" ID="ST_419.13.1.17" STYLEREFS="Style_6" VPOS="1614" WIDTH="92" WC="0.86" CC="0000" TAGREFS=""/>
            <SP HPOS="1197" ID="SP_419.13.1.18" VPOS="1614" WIDTH="10"/>
            <String CONTENT="County" HEIGHT="44" HPOS="1207" ID="ST_419.13.1.19" STYLEREFS="Style_6" VPOS="1614" WIDTH="139" WC="0.82" CC="000000" TAGREFS=""/>
          </TextLine>
          <TextLine HEIGHT="45" HPOS="134" ID="TL_419.13.2" VPOS="1662" WIDTH="1212">
            <String CONTENT="municipal" HEIGHT="44" HPOS="134" ID="ST_419.13.2.1" STYLEREFS="Style_6" VPOS="1662" WIDTH="190" WC="0.97" CC="000000000" TAGREFS=""/>
            <SP HPOS="324" ID="SP_419.13.2.2" VPOS="1667" WIDTH="12"/>
            <String CONTENT="court." HEIGHT="31" HPOS="336" ID="ST_419.13.2.3" STYLEREFS="Style_6" VPOS="1667" WIDTH="107" WC="0.94" CC="000000" TAGREFS=""/>
            <SP HPOS="443" ID="SP_419.13.2.4" VPOS="1663" WIDTH="14"/>
            <String CONTENT="When" HEIGHT="34" HPOS="457" ID="ST_419.13.2.5" STYLEREFS="Style_6" VPOS="1663" WIDTH="113" WC="0.86" CC="0000" TAGREFS=""/>
            <SP HPOS="570" ID="SP_419.13.2.6" VPOS="1663" WIDTH="12"/>
            <String CONTENT="he" HEIGHT="35" HPOS="582" ID="ST_419.13.2.7" STYLEREFS="Style_6" VPOS="1663" WIDTH="44" WC="1.00" CC="00" TAGREFS=""/>
            <SP HPOS="626" ID="SP_419.13.2.8" VPOS="1662" WIDTH="11"/>
            <String CONTENT="tried" HEIGHT="36" HPOS="637" ID="ST_419.13.2.9" STYLEREFS="Style_6" VPOS="1662" WIDTH="88" WC="1.00" CC="00000" TAGREFS=""/>
            <SP HPOS="725" ID="SP_419.13.2.10" VPOS="1668" WIDTH="12"/>
            <String CONTENT="to" HEIGHT="29" HPOS="737" ID="ST_419.13.2.11" STYLEREFS="Style_6" VPOS="1668" WIDTH="35" WC="1.00" CC="00" TAGREFS=""/>
            <SP HPOS="772" ID="SP_419.13.2.12" VPOS="1664" WIDTH="11"/>
            <String CONTENT="appeal" HEIGHT="43" HPOS="783" ID="ST_419.13.2.13" STYLEREFS="Style_6" VPOS="1664" WIDTH="123" WC="0.94" CC="000000" TAGREFS=""/>
            <SP HPOS="906" ID="SP_419.13.2.14" VPOS="1668" WIDTH="11"/>
            <String CONTENT="to" HEIGHT="30" HPOS="917" ID="ST_419.13.2.15" STYLEREFS="Style_6" VPOS="1668" WIDTH="36" WC="1.00" CC="00" TAGREFS=""/>
            <SP HPOS="953" ID="SP_419.13.2.16" VPOS="1662" WIDTH="11"/>
            <String CONTENT="the" HEIGHT="36" HPOS="964" ID="ST_419.13.2.17" STYLEREFS="Style_6" VPOS="1662" WIDTH="60" WC="1.00" CC="000" TAGREFS=""/>
            <SP HPOS="1024" ID="SP_419.13.2.18" VPOS="1663" WIDTH="10"/>
            <String CONTENT="circuit" HEIGHT="35" HPOS="1034" ID="ST_419.13.2.19" STYLEREFS="Style_6" VPOS="1663" WIDTH="122" WC="0.98" CC="0000000" TAGREFS=""/>
            <SP HPOS="1156" ID="SP_419.13.2.20" VPOS="1668" WIDTH="11"/>
            <String CONTENT="court," HEIGHT="36" HPOS="1167" ID="ST_419.13.2.21" STYLEREFS="Style_6" VPOS="1668" WIDTH="108" WC="0.95" CC="000000" TAGREFS=""/>
            <SP HPOS="1275" ID="SP_419.13.2.22" VPOS="1663" WIDTH="12"/>
            <String CONTENT="the" HEIGHT="35" HPOS="1287" ID="ST_419.13.2.23" STYLEREFS="Style_6" VPOS="1663" WIDTH="59" WC="1.00" CC="000" TAGREFS=""/>
          </TextLine>
          <TextLine HEIGHT="47" HPOS="134" ID="TL_419.13.3" VPOS="1711" WIDTH="1215">
            <String CONTENT="circuit" HEIGHT="35" HPOS="134" ID="ST_419.13.3.1" STYLEREFS="Style_6" VPOS="1712" WIDTH="123" WC="0.97" CC="0000000" TAGREFS=""/>
            <SP HPOS="257" ID="SP_419.13.3.2" VPOS="1711" WIDTH="15"/>
            <String CONTENT="clerk" HEIGHT="36" HPOS="272" ID="ST_419.13.3.3" STYLEREFS="Style_6" VPOS="1711" WIDTH="93" WC="0.96" CC="00000" TAGREFS=""/>
            <SP HPOS="365" ID="SP_419.13.3.4" VPOS="1712" WIDTH="13"/>
            <String CONTENT="demanded" HEIGHT="36" HPOS="378" ID="ST_419.13.3.5" STYLEREFS="Style_6" VPOS="1712" WIDTH="195" WC="0.96" CC="00000000" TAGREFS=""/>
            <SP HPOS="573" ID="SP_419.13.3.6" VPOS="1724" WIDTH="15"/>
            <String CONTENT="a" HEIGHT="24" HPOS="588" ID="ST_419.13.3.7" STYLEREFS="Style_6" VPOS="1724" WIDTH="20" WC="1.00" CC="0" TAGREFS=""/>
            <SP HPOS="608" ID="SP_419.13.3.8" VPOS="1713" WIDTH="15"/>
            <String CONTENT="filing" HEIGHT="43" HPOS="623" ID="ST_419.13.3.9" STYLEREFS="Style_6" VPOS="1713" WIDTH="96" WC="0.97" CC="000000" TAGREFS=""/>
            <SP HPOS="719" ID="SP_419.13.3.10" VPOS="1713" WIDTH="14"/>
            <String CONTENT="fee." HEIGHT="35" HPOS="733" ID="ST_419.13.3.11" STYLEREFS="Style_6" VPOS="1713" WIDTH="65" WC="1.00" CC="0000" TAGREFS=""/>
            <SP HPOS="798" ID="SP_419.13.3.12" VPOS="1713" WIDTH="15"/>
            <String CONTENT="Neeley" HEIGHT="45" HPOS="813" ID="ST_419.13.3.13" STYLEREFS="Style_6" VPOS="1713" WIDTH="133" WC="0.91" CC="000000" TAGREFS=""/>
            <SP HPOS="946" ID="SP_419.13.3.14" VPOS="1713" WIDTH="14"/>
            <String CONTENT="first" HEIGHT="36" HPOS="960" ID="ST_419.13.3.15" STYLEREFS="Style_6" VPOS="1713" WIDTH="74" WC="0.83" CC="00000" TAGREFS=""/>
            <SP HPOS="1034" ID="SP_419.13.3.16" VPOS="1714" WIDTH="14"/>
            <String CONTENT="sought" HEIGHT="43" HPOS="1048" ID="ST_419.13.3.17" STYLEREFS="Style_6" VPOS="1714" WIDTH="125" WC="1.00" CC="000000" TAGREFS=""/>
            <SP HPOS="1173" ID="SP_419.13.3.18" VPOS="1725" WIDTH="13"/>
            <String CONTENT="a" HEIGHT="24" HPOS="1186" ID="ST_419.13.3.19" STYLEREFS="Style_6" VPOS="1725" WIDTH="20" WC="1.00" CC="0" TAGREFS=""/>
            <SP HPOS="1206" ID="SP_419.13.3.20" VPOS="1713" WIDTH="14"/>
            <String CONTENT="writ" HEIGHT="36" HPOS="1220" ID="ST_419.13.3.21" STYLEREFS="Style_6" VPOS="1713" WIDTH="76" WC="0.87" CC="0000" TAGREFS=""/>
            <SP HPOS="1296" ID="SP_419.13.3.22" VPOS="1713" WIDTH="13"/>
            <String CONTENT="of" HEIGHT="35" HPOS="1309" ID="ST_419.13.3.23" STYLEREFS="Style_6" VPOS="1713" WIDTH="40" WC="0.97" CC="00" TAGREFS=""/>
          </TextLine>
          <TextLine HEIGHT="47" HPOS="135" ID="TL_419.13.4" VPOS="1762" WIDTH="1211">
            <String CONTENT="mandamus" HEIGHT="36" HPOS="135" ID="ST_419.13.4.1" STYLEREFS="Style_6" VPOS="1762" WIDTH="209" WC="0.96" CC="00000000" TAGREFS=""/>
            <SP HPOS="344" ID="SP_419.13.4.2" VPOS="1768" WIDTH="18"/>
            <String CONTENT="to" HEIGHT="30" HPOS="362" ID="ST_419.13.4.3" STYLEREFS="Style_6" VPOS="1768" WIDTH="35" WC="1.00" CC="00" TAGREFS=""/>
            <SP HPOS="397" ID="SP_419.13.4.4" VPOS="1763" WIDTH="18"/>
            <String CONTENT="compel" HEIGHT="44" HPOS="415" ID="ST_419.13.4.5" STYLEREFS="Style_6" VPOS="1763" WIDTH="134" WC="0.93" CC="000000" TAGREFS=""/>
            <SP HPOS="549" ID="SP_419.13.4.6" VPOS="1763" WIDTH="18"/>
            <String CONTENT="the" HEIGHT="35" HPOS="567" ID="ST_419.13.4.7" STYLEREFS="Style_6" VPOS="1763" WIDTH="60" WC="0.73" CC="000" TAGREFS=""/>
            <SP HPOS="627" ID="SP_419.13.4.8" VPOS="1763" WIDTH="17"/>
            <String CONTENT="clerk" HEIGHT="36" HPOS="644" ID="ST_419.13.4.9" STYLEREFS="Style_6" VPOS="1763" WIDTH="95" WC="0.91" CC="00000" TAGREFS=""/>
            <SP HPOS="739" ID="SP_419.13.4.10" VPOS="1769" WIDTH="16"/>
            <String CONTENT="to" HEIGHT="29" HPOS="755" ID="ST_419.13.4.11" STYLEREFS="Style_6" VPOS="1769" WIDTH="36" WC="1.00" CC="00" TAGREFS=""/>
            <SP HPOS="791" ID="SP_419.13.4.12" VPOS="1769" WIDTH="18"/>
            <String CONTENT="accept" HEIGHT="40" HPOS="809" ID="ST_419.13.4.13" STYLEREFS="Style_6" VPOS="1769" WIDTH="120" WC="1.00" CC="000000" TAGREFS=""/>
            <SP HPOS="929" ID="SP_419.13.4.14" VPOS="1764" WIDTH="18"/>
            <String CONTENT="the" HEIGHT="35" HPOS="947" ID="ST_419.13.4.15" STYLEREFS="Style_6" VPOS="1764" WIDTH="59" WC="0.65" CC="000" TAGREFS=""/>
            <SP HPOS="1006" ID="SP_419.13.4.16" VPOS="1764" WIDTH="17"/>
            <String CONTENT="appeal" HEIGHT="44" HPOS="1023" ID="ST_419.13.4.17" STYLEREFS="Style_6" VPOS="1764" WIDTH="124" WC="1.00" CC="000000" TAGREFS=""/>
            <SP HPOS="1147" ID="SP_419.13.4.18" VPOS="1765" WIDTH="17"/>
            <String CONTENT="without" HEIGHT="35" HPOS="1164" ID="ST_419.13.4.19" STYLEREFS="Style_6" VPOS="1765" WIDTH="144" WC="0.77" CC="0000000" TAGREFS=""/>
            <SP HPOS="1308" ID="SP_419.13.4.20" VPOS="1775" WIDTH="18"/>
            <String CONTENT="a" HEIGHT="24" HPOS="1326" ID="ST_419.13.4.21" STYLEREFS="Style_6" VPOS="1775" WIDTH="20" WC="0.87" CC="0" TAGREFS=""/>
          </TextLine>
          <TextLine HEIGHT="45" HPOS="135" ID="TL_419.13.5" VPOS="1813" WIDTH="1212">
            <String CONTENT="filing" HEIGHT="43" HPOS="135" ID="ST_419.13.5.1" STYLEREFS="Style_6" VPOS="1813" WIDTH="97" WC="0.99" CC="000000" TAGREFS=""/>
            <SP HPOS="232" ID="SP_419.13.5.2" VPOS="1813" WIDTH="14"/>
            <String CONTENT="fee." HEIGHT="35" HPOS="246" ID="ST_419.13.5.3" STYLEREFS="Style_6" VPOS="1813" WIDTH="64" WC="1.00" CC="0000" TAGREFS=""/>
            <SP HPOS="310" ID="SP_419.13.5.4" VPOS="1814" WIDTH="15"/>
            <String CONTENT="When" HEIGHT="35" HPOS="325" ID="ST_419.13.5.5" STYLEREFS="Style_6" VPOS="1814" WIDTH="113" WC="1.00" CC="0000" TAGREFS=""/>
            <SP HPOS="438" ID="SP_419.13.5.6" VPOS="1813" WIDTH="13"/>
            <String CONTENT="that" HEIGHT="35" HPOS="451" ID="ST_419.13.5.7" STYLEREFS="Style_6" VPOS="1813" WIDTH="76" WC="0.91" CC="0000" TAGREFS=""/>
            <SP HPOS="527" ID="SP_419.13.5.8" VPOS="1814" WIDTH="13"/>
            <String CONTENT="petition" HEIGHT="44" HPOS="540" ID="ST_419.13.5.9" STYLEREFS="Style_6" VPOS="1814" WIDTH="144" WC="0.97" CC="00000000" TAGREFS=""/>
            <SP HPOS="684" ID="SP_419.13.5.10" VPOS="1825" WIDTH="13"/>
            <String CONTENT="was" HEIGHT="24" HPOS="697" ID="ST_419.13.5.11" STYLEREFS="Style_6" VPOS="1825" WIDTH="70" WC="0.97" CC="000" TAGREFS=""/>
            <SP HPOS="767" ID="SP_419.13.5.12" VPOS="1814" WIDTH="13"/>
            <String CONTENT="resisted," HEIGHT="42" HPOS="780" ID="ST_419.13.5.13" STYLEREFS="Style_6" VPOS="1814" WIDTH="154" WC="0.93" CC="000000000" TAGREFS=""/>
            <SP HPOS="934" ID="SP_419.13.5.14" VPOS="1814" WIDTH="13"/>
            <String CONTENT="Neeley," HEIGHT="44" HPOS="947" ID="ST_419.13.5.15" STYLEREFS="Style_6" VPOS="1814" WIDTH="145" WC="0.92" CC="0000000" TAGREFS=""/>
            <SP HPOS="1092" ID="SP_419.13.5.16" VPOS="1815" WIDTH="13"/>
            <String CONTENT="who" HEIGHT="34" HPOS="1105" ID="ST_419.13.5.17" STYLEREFS="Style_6" VPOS="1815" WIDTH="77" WC="0.85" CC="000" TAGREFS=""/>
            <SP HPOS="1182" ID="SP_419.13.5.18" VPOS="1815" WIDTH="12"/>
            <String CONTENT="does" HEIGHT="35" HPOS="1194" ID="ST_419.13.5.19" STYLEREFS="Style_6" VPOS="1815" WIDTH="81" WC="0.96" CC="0000" TAGREFS=""/>
            <SP HPOS="1275" ID="SP_419.13.5.20" VPOS="1820" WIDTH="13"/>
            <String CONTENT="not" HEIGHT="29" HPOS="1288" ID="ST_419.13.5.21" STYLEREFS="Style_6" VPOS="1820" WIDTH="59" WC="0.88" CC="000" TAGREFS=""/>
          </TextLine>
          <TextLine HEIGHT="44" HPOS="136" ID="TL_419.13.6" VPOS="1863" WIDTH="1211">
            <String CONTENT="assert" HEIGHT="28" HPOS="136" ID="ST_419.13.6.1" STYLEREFS="Style_6" VPOS="1869" WIDTH="110" WC="1.00" CC="000000" TAGREFS=""/>
            <SP HPOS="246" ID="SP_419.13.6.2" VPOS="1863" WIDTH="17"/>
            <String CONTENT="indigency," HEIGHT="44" HPOS="263" ID="ST_419.13.6.3" STYLEREFS="Style_6" VPOS="1863" WIDTH="192" WC="0.92" CC="0000000000" TAGREFS=""/>
            <SP HPOS="455" ID="SP_419.13.6.4" VPOS="1864" WIDTH="18"/>
            <String CONTENT="paid" HEIGHT="43" HPOS="473" ID="ST_419.13.6.5" STYLEREFS="Style_6" VPOS="1864" WIDTH="81" WC="1.00" CC="0000" TAGREFS=""/>
            <SP HPOS="554" ID="SP_419.13.6.6" VPOS="1865" WIDTH="17"/>
            <String CONTENT="the" HEIGHT="34" HPOS="571" ID="ST_419.13.6.7" STYLEREFS="Style_6" VPOS="1865" WIDTH="60" WC="1.00" CC="000" TAGREFS=""/>
            <SP HPOS="631" ID="SP_419.13.6.8" VPOS="1864" WIDTH="17"/>
            <String CONTENT="fee" HEIGHT="35" HPOS="648" ID="ST_419.13.6.9" STYLEREFS="Style_6" VPOS="1864" WIDTH="55" WC="0.91" CC="000" TAGREFS=""/>
            <SP HPOS="703" ID="SP_419.13.6.10" VPOS="1864" WIDTH="17"/>
            <String CONTENT="and" HEIGHT="34" HPOS="720" ID="ST_419.13.6.11" STYLEREFS="Style_6" VPOS="1864" WIDTH="68" WC="0.86" CC="000" TAGREFS=""/>
            <SP HPOS="788" ID="SP_419.13.6.12" VPOS="1864" WIDTH="17"/>
            <String CONTENT="asked" HEIGHT="35" HPOS="805" ID="ST_419.13.6.13" STYLEREFS="Style_6" VPOS="1864" WIDTH="105" WC="1.00" CC="00000" TAGREFS=""/>
            <SP HPOS="910" ID="SP_419.13.6.14" VPOS="1865" WIDTH="17"/>
            <String CONTENT="the" HEIGHT="34" HPOS="927" ID="ST_419.13.6.15" STYLEREFS="Style_6" VPOS="1865" WIDTH="59" WC="0.86" CC="000" TAGREFS=""/>
            <SP HPOS="986" ID="SP_419.13.6.16" VPOS="1865" WIDTH="17"/>
            <String CONTENT="circuit" HEIGHT="34" HPOS="1003" ID="ST_419.13.6.17" STYLEREFS="Style_6" VPOS="1865" WIDTH="123" WC="1.00" CC="0000000" TAGREFS=""/>
            <SP HPOS="1126" ID="SP_419.13.6.18" VPOS="1871" WIDTH="15"/>
            <String CONTENT="court" HEIGHT="29" HPOS="1141" ID="ST_419.13.6.19" STYLEREFS="Style_6" VPOS="1871" WIDTH="99" WC="1.00" CC="00000" TAGREFS=""/>
            <SP HPOS="1240" ID="SP_419.13.6.20" VPOS="1864" WIDTH="17"/>
            <String CONTENT="for" HEIGHT="35" HPOS="1257" ID="ST_419.13.6.21" STYLEREFS="Style_6" VPOS="1864" WIDTH="53" WC="1.00" CC="000" TAGREFS=""/>
            <SP HPOS="1310" ID="SP_419.13.6.22" VPOS="1876" WIDTH="16"/>
            <String CONTENT="a" HEIGHT="23" HPOS="1326" ID="ST_419.13.6.23" STYLEREFS="Style_6" VPOS="1876" WIDTH="21" WC="1.00" CC="0" TAGREFS=""/>
          </TextLine>
          <TextLine HEIGHT="45" HPOS="135" ID="TL_419.13.7" VPOS="1912" WIDTH="1212">
            <String CONTENT="declaratory" HEIGHT="45" HPOS="135" ID="ST_419.13.7.1" STYLEREFS="Style_6" VPOS="1912" WIDTH="219" WC="0.95" CC="00000000000" TAGREFS=""/>
            <SP HPOS="354" ID="SP_419.13.7.2" VPOS="1913" WIDTH="9"/>
            <String CONTENT="judgment" HEIGHT="43" HPOS="363" ID="ST_419.13.7.3" STYLEREFS="Style_6" VPOS="1913" WIDTH="184" WC="1.00" CC="00000000" TAGREFS=""/>
            <SP HPOS="547" ID="SP_419.13.7.4" VPOS="1913" WIDTH="12"/>
            <String CONTENT="sustaining" HEIGHT="43" HPOS="559" ID="ST_419.13.7.5" STYLEREFS="Style_6" VPOS="1913" WIDTH="193" WC="0.94" CC="0000000000" TAGREFS=""/>
            <SP HPOS="752" ID="SP_419.13.7.6" VPOS="1914" WIDTH="13"/>
            <String CONTENT="his" HEIGHT="34" HPOS="765" ID="ST_419.13.7.7" STYLEREFS="Style_6" VPOS="1914" WIDTH="51" WC="0.92" CC="000" TAGREFS=""/>
            <SP HPOS="816" ID="SP_419.13.7.8" VPOS="1914" WIDTH="13"/>
            <String CONTENT="contention" HEIGHT="35" HPOS="829" ID="ST_419.13.7.9" STYLEREFS="Style_6" VPOS="1914" WIDTH="198" WC="0.93" CC="0000000000" TAGREFS=""/>
            <SP HPOS="1027" ID="SP_419.13.7.10" VPOS="1914" WIDTH="13"/>
            <String CONTENT="that" HEIGHT="34" HPOS="1040" ID="ST_419.13.7.11" STYLEREFS="Style_6" VPOS="1914" WIDTH="77" WC="1.00" CC="0000" TAGREFS=""/>
            <SP HPOS="1117" ID="SP_419.13.7.12" VPOS="1925" WIDTH="12"/>
            <String CONTENT="no" HEIGHT="23" HPOS="1129" ID="ST_419.13.7.13" STYLEREFS="Style_6" VPOS="1925" WIDTH="44" WC="0.80" CC="00" TAGREFS=""/>
            <SP HPOS="1173" ID="SP_419.13.7.14" VPOS="1915" WIDTH="12"/>
            <String CONTENT="filing" HEIGHT="42" HPOS="1185" ID="ST_419.13.7.15" STYLEREFS="Style_6" VPOS="1915" WIDTH="95" WC="0.93" CC="000000" TAGREFS=""/>
            <SP HPOS="1280" ID="SP_419.13.7.16" VPOS="1914" WIDTH="12"/>
            <String CONTENT="fee" HEIGHT="34" HPOS="1292" ID="ST_419.13.7.17" STYLEREFS="Style_6" VPOS="1914" WIDTH="55" WC="1.00" CC="000" TAGREFS=""/>
          </TextLine>
          <TextLine HEIGHT="44" HPOS="135" ID="TL_419.13.8" VPOS="1962" WIDTH="1213">
            <String CONTENT="was" HEIGHT="23" HPOS="135" ID="ST_419.13.8.1" STYLEREFS="Style_6" VPOS="1973" WIDTH="71" WC="1.00" CC="000" TAGREFS=""/>
            <SP HPOS="206" ID="SP_419.13.8.2" VPOS="1962" WIDTH="12"/>
            <String CONTENT="due." HEIGHT="34" HPOS="218" ID="ST_419.13.8.3" STYLEREFS="Style_6" VPOS="1962" WIDTH="78" WC="1.00" CC="0000" TAGREFS=""/>
            <SP HPOS="296" ID="SP_419.13.8.4" VPOS="1963" WIDTH="13"/>
            <String CONTENT="Neeley’s" HEIGHT="42" HPOS="309" ID="ST_419.13.8.5" STYLEREFS="Style_6" VPOS="1963" WIDTH="162" WC="0.90" CC="00000000" TAGREFS=""/>
            <SP HPOS="471" ID="SP_419.13.8.6" VPOS="1963" WIDTH="12"/>
            <String CONTENT="appeal" HEIGHT="43" HPOS="483" ID="ST_419.13.8.7" STYLEREFS="Style_6" VPOS="1963" WIDTH="123" WC="0.99" CC="000000" TAGREFS=""/>
            <SP HPOS="606" ID="SP_419.13.8.8" VPOS="1963" WIDTH="12"/>
            <String CONTENT="from" HEIGHT="35" HPOS="618" ID="ST_419.13.8.9" STYLEREFS="Style_6" VPOS="1963" WIDTH="92" WC="0.98" CC="0000" TAGREFS=""/>
            <SP HPOS="710" ID="SP_419.13.8.10" VPOS="1974" WIDTH="12"/>
            <String CONTENT="a" HEIGHT="23" HPOS="722" ID="ST_419.13.8.11" STYLEREFS="Style_6" VPOS="1974" WIDTH="20" WC="1.00" CC="0" TAGREFS=""/>
            <SP HPOS="742" ID="SP_419.13.8.12" VPOS="1962" WIDTH="11"/>
            <String CONTENT="declaration" HEIGHT="36" HPOS="753" ID="ST_419.13.8.13" STYLEREFS="Style_6" VPOS="1962" WIDTH="213" WC="0.94" CC="00000000000" TAGREFS=""/>
            <SP HPOS="966" ID="SP_419.13.8.14" VPOS="1963" WIDTH="11"/>
            <String CONTENT="that" HEIGHT="34" HPOS="977" ID="ST_419.13.8.15" STYLEREFS="Style_6" VPOS="1963" WIDTH="77" WC="1.00" CC="0000" TAGREFS=""/>
            <SP HPOS="1054" ID="SP_419.13.8.16" VPOS="1964" WIDTH="11"/>
            <String CONTENT="the" HEIGHT="33" HPOS="1065" ID="ST_419.13.8.17" STYLEREFS="Style_6" VPOS="1964" WIDTH="60" WC="1.00" CC="000" TAGREFS=""/>
            <SP HPOS="1125" ID="SP_419.13.8.18" VPOS="1963" WIDTH="11"/>
            <String CONTENT="fee" HEIGHT="35" HPOS="1136" ID="ST_419.13.8.19" STYLEREFS="Style_6" VPOS="1963" WIDTH="55" WC="1.00" CC="000" TAGREFS=""/>
            <SP HPOS="1191" ID="SP_419.13.8.20" VPOS="1968" WIDTH="10"/>
            <String CONTENT="must" HEIGHT="30" HPOS="1201" ID="ST_419.13.8.21" STYLEREFS="Style_6" VPOS="1968" WIDTH="92" WC="0.76" CC="0000" TAGREFS=""/>
            <SP HPOS="1293" ID="SP_419.13.8.22" VPOS="1963" WIDTH="11"/>
            <String CONTENT="be" HEIGHT="35" HPOS="1304" ID="ST_419.13.8.23" STYLEREFS="Style_6" VPOS="1963" WIDTH="44" WC="1.00" CC="00" TAGREFS=""/>
          </TextLine>
          <TextLine HEIGHT="44" HPOS="136" ID="TL_419.13.9" VPOS="2011" WIDTH="931">
            <String CONTENT="paid" HEIGHT="43" HPOS="136" ID="ST_419.13.9.1" STYLEREFS="Style_6" VPOS="2011" WIDTH="82" WC="1.00" CC="0000" TAGREFS=""/>
            <SP HPOS="218" ID="SP_419.13.9.2" VPOS="2022" WIDTH="20"/>
            <String CONTENT="comes" HEIGHT="24" HPOS="238" ID="ST_419.13.9.3" STYLEREFS="Style_6" VPOS="2022" WIDTH="116" WC="0.96" CC="00000" TAGREFS=""/>
            <SP HPOS="354" ID="SP_419.13.9.4" VPOS="2017" WIDTH="20"/>
            <String CONTENT="to" HEIGHT="29" HPOS="374" ID="ST_419.13.9.5" STYLEREFS="Style_6" VPOS="2017" WIDTH="35" WC="1.00" CC="00" TAGREFS=""/>
            <SP HPOS="409" ID="SP_419.13.9.6" VPOS="2023" WIDTH="19"/>
            <String CONTENT="us" HEIGHT="23" HPOS="428" ID="ST_419.13.9.7" STYLEREFS="Style_6" VPOS="2023" WIDTH="40" WC="1.00" CC="00" TAGREFS=""/>
            <SP HPOS="468" ID="SP_419.13.9.8" VPOS="2012" WIDTH="20"/>
            <String CONTENT="under" HEIGHT="34" HPOS="488" ID="ST_419.13.9.9" STYLEREFS="Style_6" VPOS="2012" WIDTH="110" WC="0.99" CC="00000" TAGREFS=""/>
            <SP HPOS="598" ID="SP_419.13.9.10" VPOS="2013" WIDTH="20"/>
            <String CONTENT="Rule" HEIGHT="34" HPOS="618" ID="ST_419.13.9.11" STYLEREFS="Style_6" VPOS="2013" WIDTH="91" WC="1.00" CC="0000" TAGREFS=""/>
            <SP HPOS="709" ID="SP_419.13.9.12" VPOS="2012" WIDTH="20"/>
            <String CONTENT="29(1)(a)" HEIGHT="43" HPOS="729" ID="ST_419.13.9.13" STYLEREFS="Style_6" VPOS="2012" WIDTH="161" WC="0.83" CC="00099900" TAGREFS=""/>
            <SP HPOS="890" ID="SP_419.13.9.14" VPOS="2012" WIDTH="23"/>
            <String CONTENT="and" HEIGHT="35" HPOS="913" ID="ST_419.13.9.15" STYLEREFS="Style_6" VPOS="2012" WIDTH="68" WC="0.86" CC="000" TAGREFS=""/>
            <SP HPOS="981" ID="SP_419.13.9.16" VPOS="2012" WIDTH="22"/>
            <String CONTENT="(c)." HEIGHT="43" HPOS="1003" ID="ST_419.13.9.17" STYLEREFS="Style_6" VPOS="2012" WIDTH="64" WC="0.85" CC="0000" TAGREFS=""/>
          </TextLine>
        </TextBlock>
        <TextBlock HEIGHT="194.0" HPOS="137.0" ID="BL_419.14" TAGREFS="b419-13" VPOS="2091.0" WIDTH="1215.0">
          <TextLine HEIGHT="44" HPOS="229" ID="TL_419.14.1" VPOS="2091" WIDTH="1123">
            <String CONTENT="Neeley" HEIGHT="44" HPOS="229" ID="ST_419.14.1.1" STYLEREFS="Style_6" VPOS="2091" WIDTH="133" WC="0.96" CC="000000" TAGREFS=""/>
            <SP HPOS="362" ID="SP_419.14.1.2" VPOS="2091" WIDTH="17"/>
            <String CONTENT="first" HEIGHT="35" HPOS="379" ID="ST_419.14.1.3" STYLEREFS="Style_6" VPOS="2091" WIDTH="73" WC="1.00" CC="00000" TAGREFS=""/>
            <SP HPOS="452" ID="SP_419.14.1.4" VPOS="2101" WIDTH="16"/>
            <String CONTENT="argues" HEIGHT="33" HPOS="468" ID="ST_419.14.1.5" STYLEREFS="Style_6" VPOS="2101" WIDTH="123" WC="0.94" CC="000000" TAGREFS=""/>
            <SP HPOS="591" ID="SP_419.14.1.6" VPOS="2091" WIDTH="17"/>
            <String CONTENT="that" HEIGHT="35" HPOS="608" ID="ST_419.14.1.7" STYLEREFS="Style_6" VPOS="2091" WIDTH="77" WC="0.97" CC="0000" TAGREFS=""/>
            <SP HPOS="685" ID="SP_419.14.1.8" VPOS="2091" WIDTH="17"/>
            <String CONTENT="the" HEIGHT="35" HPOS="702" ID="ST_419.14.1.9" STYLEREFS="Style_6" VPOS="2091" WIDTH="58" WC="0.94" CC="000" TAGREFS=""/>
            <SP HPOS="760" ID="SP_419.14.1.10" VPOS="2092" WIDTH="17"/>
            <String CONTENT="applicable" HEIGHT="43" HPOS="777" ID="ST_419.14.1.11" STYLEREFS="Style_6" VPOS="2092" WIDTH="193" WC="0.97" CC="0000000000" TAGREFS=""/>
            <SP HPOS="970" ID="SP_419.14.1.12" VPOS="2096" WIDTH="16"/>
            <String CONTENT="statute," HEIGHT="37" HPOS="986" ID="ST_419.14.1.13" STYLEREFS="Style_6" VPOS="2096" WIDTH="140" WC="0.95" CC="00000000" TAGREFS=""/>
            <SP HPOS="1126" ID="SP_419.14.1.14" VPOS="2093" WIDTH="17"/>
            <String CONTENT="Act" HEIGHT="34" HPOS="1143" ID="ST_419.14.1.15" STYLEREFS="Style_6" VPOS="2093" WIDTH="69" WC="1.00" CC="000" TAGREFS=""/>
            <SP HPOS="1212" ID="SP_419.14.1.16" VPOS="2091" WIDTH="18"/>
            <String CONTENT="333" HEIGHT="36" HPOS="1230" ID="ST_419.14.1.17" STYLEREFS="Style_6" VPOS="2091" WIDTH="64" WC="1.00" CC="990" TAGREFS=""/>
            <SP HPOS="1294" ID="SP_419.14.1.18" VPOS="2091" WIDTH="18"/>
            <String CONTENT="of" HEIGHT="35" HPOS="1312" ID="ST_419.14.1.19" STYLEREFS="Style_6" VPOS="2091" WIDTH="40" WC="1.00" CC="00" TAGREFS=""/>
          </TextLine>
          <TextLine HEIGHT="44" HPOS="141" ID="TL_419.14.2" VPOS="2140" WIDTH="1207">
            <String CONTENT="1977," HEIGHT="40" HPOS="141" ID="ST_419.14.2.1" STYLEREFS="Style_6" VPOS="2141" WIDTH="100" WC="0.93" CC="99000" TAGREFS=""/>
            <SP HPOS="241" ID="SP_419.14.2.2" VPOS="2140" WIDTH="12"/>
            <String CONTENT="does" HEIGHT="35" HPOS="253" ID="ST_419.14.2.3" STYLEREFS="Style_6" VPOS="2140" WIDTH="81" WC="1.00" CC="0000" TAGREFS=""/>
            <SP HPOS="334" ID="SP_419.14.2.4" VPOS="2146" WIDTH="12"/>
            <String CONTENT="not" HEIGHT="30" HPOS="346" ID="ST_419.14.2.5" STYLEREFS="Style_6" VPOS="2146" WIDTH="58" WC="0.82" CC="000" TAGREFS=""/>
            <SP HPOS="404" ID="SP_419.14.2.6" VPOS="2141" WIDTH="11"/>
            <String CONTENT="require" HEIGHT="43" HPOS="415" ID="ST_419.14.2.7" STYLEREFS="Style_6" VPOS="2141" WIDTH="135" WC="1.00" CC="0000000" TAGREFS=""/>
            <SP HPOS="550" ID="SP_419.14.2.8" VPOS="2141" WIDTH="9"/>
            <String CONTENT="the" HEIGHT="35" HPOS="559" ID="ST_419.14.2.9" STYLEREFS="Style_6" VPOS="2141" WIDTH="60" WC="0.89" CC="000" TAGREFS=""/>
            <SP HPOS="619" ID="SP_419.14.2.10" VPOS="2141" WIDTH="10"/>
            <String CONTENT="fee." HEIGHT="35" HPOS="629" ID="ST_419.14.2.11" STYLEREFS="Style_6" VPOS="2141" WIDTH="65" WC="1.00" CC="0000" TAGREFS=""/>
            <SP HPOS="694" ID="SP_419.14.2.12" VPOS="2141" WIDTH="13"/>
            <String CONTENT="When," HEIGHT="41" HPOS="707" ID="ST_419.14.2.13" STYLEREFS="Style_6" VPOS="2141" WIDTH="124" WC="0.90" CC="00000" TAGREFS=""/>
            <SP HPOS="831" ID="SP_419.14.2.14" VPOS="2141" WIDTH="11"/>
            <String CONTENT="however," HEIGHT="41" HPOS="842" ID="ST_419.14.2.15" STYLEREFS="Style_6" VPOS="2141" WIDTH="167" WC="0.92" CC="00000000" TAGREFS=""/>
            <SP HPOS="1009" ID="SP_419.14.2.16" VPOS="2141" WIDTH="11"/>
            <String CONTENT="the" HEIGHT="35" HPOS="1020" ID="ST_419.14.2.17" STYLEREFS="Style_6" VPOS="2141" WIDTH="59" WC="0.98" CC="000" TAGREFS=""/>
            <SP HPOS="1079" ID="SP_419.14.2.18" VPOS="2147" WIDTH="9"/>
            <String CONTENT="statute" HEIGHT="29" HPOS="1088" ID="ST_419.14.2.19" STYLEREFS="Style_6" VPOS="2147" WIDTH="130" WC="0.94" CC="0000000" TAGREFS=""/>
            <SP HPOS="1218" ID="SP_419.14.2.20" VPOS="2142" WIDTH="10"/>
            <String CONTENT="is" HEIGHT="35" HPOS="1228" ID="ST_419.14.2.21" STYLEREFS="Style_6" VPOS="2142" WIDTH="27" WC="0.85" CC="00" TAGREFS=""/>
            <SP HPOS="1255" ID="SP_419.14.2.22" VPOS="2141" WIDTH="11"/>
            <String CONTENT="read" HEIGHT="35" HPOS="1266" ID="ST_419.14.2.23" STYLEREFS="Style_6" VPOS="2141" WIDTH="82" WC="0.68" CC="0000" TAGREFS=""/>
          </TextLine>
          <TextLine HEIGHT="45" HPOS="137" ID="TL_419.14.3" VPOS="2190" WIDTH="1212">
            <String CONTENT="as" HEIGHT="24" HPOS="137" ID="ST_419.14.3.1" STYLEREFS="Style_6" VPOS="2200" WIDTH="38" WC="1.00" CC="00" TAGREFS=""/>
            <SP HPOS="175" ID="SP_419.14.3.2" VPOS="2201" WIDTH="11"/>
            <String CONTENT="a" HEIGHT="23" HPOS="186" ID="ST_419.14.3.3" STYLEREFS="Style_6" VPOS="2201" WIDTH="21" WC="1.00" CC="0" TAGREFS=""/>
            <SP HPOS="207" ID="SP_419.14.3.4" VPOS="2190" WIDTH="12"/>
            <String CONTENT="whole" HEIGHT="35" HPOS="219" ID="ST_419.14.3.5" STYLEREFS="Style_6" VPOS="2190" WIDTH="111" WC="0.85" CC="00000" TAGREFS=""/>
            <SP HPOS="330" ID="SP_419.14.3.6" VPOS="2191" WIDTH="10"/>
            <String CONTENT="and" HEIGHT="34" HPOS="340" ID="ST_419.14.3.7" STYLEREFS="Style_6" VPOS="2191" WIDTH="68" WC="0.98" CC="000" TAGREFS=""/>
            <SP HPOS="408" ID="SP_419.14.3.8" VPOS="2190" WIDTH="12"/>
            <String CONTENT="in" HEIGHT="34" HPOS="420" ID="ST_419.14.3.9" STYLEREFS="Style_6" VPOS="2190" WIDTH="34" WC="0.62" CC="00" TAGREFS=""/>
            <SP HPOS="454" ID="SP_419.14.3.10" VPOS="2191" WIDTH="11"/>
            <String CONTENT="the" HEIGHT="34" HPOS="465" ID="ST_419.14.3.11" STYLEREFS="Style_6" VPOS="2191" WIDTH="59" WC="1.00" CC="000" TAGREFS=""/>
            <SP HPOS="524" ID="SP_419.14.3.12" VPOS="2191" WIDTH="11"/>
            <String CONTENT="light" HEIGHT="43" HPOS="535" ID="ST_419.14.3.13" STYLEREFS="Style_6" VPOS="2191" WIDTH="87" WC="0.95" CC="00000" TAGREFS=""/>
            <SP HPOS="622" ID="SP_419.14.3.14" VPOS="2191" WIDTH="11"/>
            <String CONTENT="of" HEIGHT="35" HPOS="633" ID="ST_419.14.3.15" STYLEREFS="Style_6" VPOS="2191" WIDTH="39" WC="1.00" CC="00" TAGREFS=""/>
            <SP HPOS="672" ID="SP_419.14.3.16" VPOS="2191" WIDTH="8"/>
            <String CONTENT="its" HEIGHT="35" HPOS="680" ID="ST_419.14.3.17" STYLEREFS="Style_6" VPOS="2191" WIDTH="43" WC="1.00" CC="000" TAGREFS=""/>
            <SP HPOS="723" ID="SP_419.14.3.18" VPOS="2191" WIDTH="12"/>
            <String CONTENT="predecessor," HEIGHT="44" HPOS="735" ID="ST_419.14.3.19" STYLEREFS="Style_6" VPOS="2191" WIDTH="229" WC="0.96" CC="000000000000" TAGREFS=""/>
            <SP HPOS="964" ID="SP_419.14.3.20" VPOS="2191" WIDTH="13"/>
            <String CONTENT="it" HEIGHT="34" HPOS="977" ID="ST_419.14.3.21" STYLEREFS="Style_6" VPOS="2191" WIDTH="26" WC="0.91" CC="00" TAGREFS=""/>
            <SP HPOS="1003" ID="SP_419.14.3.22" VPOS="2191" WIDTH="11"/>
            <String CONTENT="is" HEIGHT="34" HPOS="1014" ID="ST_419.14.3.23" STYLEREFS="Style_6" VPOS="2191" WIDTH="28" WC="0.98" CC="00" TAGREFS=""/>
            <SP HPOS="1042" ID="SP_419.14.3.24" VPOS="2191" WIDTH="11"/>
            <String CONTENT="almost" HEIGHT="35" HPOS="1053" ID="ST_419.14.3.25" STYLEREFS="Style_6" VPOS="2191" WIDTH="126" WC="0.86" CC="000000" TAGREFS=""/>
            <SP HPOS="1179" ID="SP_419.14.3.26" VPOS="2197" WIDTH="10"/>
            <String CONTENT="too" HEIGHT="29" HPOS="1189" ID="ST_419.14.3.27" STYLEREFS="Style_6" VPOS="2197" WIDTH="57" WC="1.00" CC="000" TAGREFS=""/>
            <SP HPOS="1246" ID="SP_419.14.3.28" VPOS="2191" WIDTH="11"/>
            <String CONTENT="clear" HEIGHT="35" HPOS="1257" ID="ST_419.14.3.29" STYLEREFS="Style_6" VPOS="2191" WIDTH="92" WC="0.96" CC="00000" TAGREFS=""/>
          </TextLine>
          <TextLine HEIGHT="46" HPOS="137" ID="TL_419.14.4" VPOS="2239" WIDTH="861">
            <String CONTENT="for" HEIGHT="35" HPOS="137" ID="ST_419.14.4.1" STYLEREFS="Style_6" VPOS="2239" WIDTH="54" WC="0.96" CC="000" TAGREFS=""/>
            <SP HPOS="191" ID="SP_419.14.4.2" VPOS="2246" WIDTH="20"/>
            <String CONTENT="argument" HEIGHT="37" HPOS="211" ID="ST_419.14.4.3" STYLEREFS="Style_6" VPOS="2246" WIDTH="184" WC="0.97" CC="00000000" TAGREFS=""/>
            <SP HPOS="395" ID="SP_419.14.4.4" VPOS="2240" WIDTH="20"/>
            <String CONTENT="that" HEIGHT="35" HPOS="415" ID="ST_419.14.4.5" STYLEREFS="Style_6" VPOS="2240" WIDTH="76" WC="1.00" CC="0000" TAGREFS=""/>
            <SP HPOS="491" ID="SP_419.14.4.6" VPOS="2241" WIDTH="20"/>
            <String CONTENT="the" HEIGHT="34" HPOS="511" ID="ST_419.14.4.7" STYLEREFS="Style_6" VPOS="2241" WIDTH="60" WC="0.90" CC="000" TAGREFS=""/>
            <SP HPOS="571" ID="SP_419.14.4.8" VPOS="2241" WIDTH="18"/>
            <String CONTENT="filing" HEIGHT="43" HPOS="589" ID="ST_419.14.4.9" STYLEREFS="Style_6" VPOS="2241" WIDTH="97" WC="0.91" CC="000000" TAGREFS=""/>
            <SP HPOS="686" ID="SP_419.14.4.10" VPOS="2240" WIDTH="20"/>
            <String CONTENT="fee" HEIGHT="35" HPOS="706" ID="ST_419.14.4.11" STYLEREFS="Style_6" VPOS="2240" WIDTH="55" WC="0.98" CC="000" TAGREFS=""/>
            <SP HPOS="761" ID="SP_419.14.4.12" VPOS="2241" WIDTH="20"/>
            <String CONTENT="is" HEIGHT="34" HPOS="781" ID="ST_419.14.4.13" STYLEREFS="Style_6" VPOS="2241" WIDTH="28" WC="0.93" CC="00" TAGREFS=""/>
            <SP HPOS="809" ID="SP_419.14.4.14" VPOS="2240" WIDTH="20"/>
            <String CONTENT="required." HEIGHT="45" HPOS="829" ID="ST_419.14.4.15" STYLEREFS="Style_6" VPOS="2240" WIDTH="169" WC="1.00" CC="000000000" TAGREFS=""/>
          </TextLine>
        </TextBlock>
        <TextBlock HEIGHT="144.0" HPOS="137.0" ID="BL_419.15" TAGREFS="b419-14" VPOS="2319.0" WIDTH="1214.0">
          <TextLine HEIGHT="45" HPOS="229" ID="TL_419.15.1" VPOS="2319" WIDTH="1121">
            <String CONTENT="Before" HEIGHT="35" HPOS="229" ID="ST_419.15.1.1" STYLEREFS="Style_6" VPOS="2319" WIDTH="126" WC="0.92" CC="000000" TAGREFS=""/>
            <SP HPOS="355" ID="SP_419.15.1.2" VPOS="2320" WIDTH="27"/>
            <String CONTENT="the" HEIGHT="34" HPOS="382" ID="ST_419.15.1.3" STYLEREFS="Style_6" VPOS="2320" WIDTH="59" WC="0.94" CC="000" TAGREFS=""/>
            <SP HPOS="441" ID="SP_419.15.1.4" VPOS="2320" WIDTH="31"/>
            <String CONTENT="1977" HEIGHT="34" HPOS="472" ID="ST_419.15.1.5" STYLEREFS="Style_6" VPOS="2320" WIDTH="87" WC="1.00" CC="0000" TAGREFS=""/>
            <SP HPOS="559" ID="SP_419.15.1.6" VPOS="2325" WIDTH="31"/>
            <String CONTENT="act" HEIGHT="29" HPOS="590" ID="ST_419.15.1.7" STYLEREFS="Style_6" VPOS="2325" WIDTH="57" WC="1.00" CC="000" TAGREFS=""/>
            <SP HPOS="647" ID="SP_419.15.1.8" VPOS="2331" WIDTH="27"/>
            <String CONTENT="was" HEIGHT="23" HPOS="674" ID="ST_419.15.1.9" STYLEREFS="Style_6" VPOS="2331" WIDTH="70" WC="1.00" CC="000" TAGREFS=""/>
            <SP HPOS="744" ID="SP_419.15.1.10" VPOS="2320" WIDTH="29"/>
            <String CONTENT="passed," HEIGHT="44" HPOS="773" ID="ST_419.15.1.11" STYLEREFS="Style_6" VPOS="2320" WIDTH="133" WC="1.00" CC="0000000" TAGREFS=""/>
            <SP HPOS="906" ID="SP_419.15.1.12" VPOS="2321" WIDTH="29"/>
            <String CONTENT="the" HEIGHT="34" HPOS="935" ID="ST_419.15.1.13" STYLEREFS="Style_6" VPOS="2321" WIDTH="60" WC="0.86" CC="000" TAGREFS=""/>
            <SP HPOS="995" ID="SP_419.15.1.14" VPOS="2320" WIDTH="27"/>
            <String CONTENT="pertinent" HEIGHT="44" HPOS="1022" ID="ST_419.15.1.15" STYLEREFS="Style_6" VPOS="2320" WIDTH="172" WC="0.94" CC="000000000" TAGREFS=""/>
            <SP HPOS="1194" ID="SP_419.15.1.16" VPOS="2325" WIDTH="27"/>
            <String CONTENT="statute" HEIGHT="30" HPOS="1221" ID="ST_419.15.1.17" STYLEREFS="Style_6" VPOS="2325" WIDTH="129" WC="0.91" CC="0000000" TAGREFS=""/>
          </TextLine>
          <TextLine HEIGHT="44" HPOS="137" ID="TL_419.15.2" VPOS="2369" WIDTH="1214">
            <String CONTENT="enumerated" HEIGHT="34" HPOS="137" ID="ST_419.15.2.1" STYLEREFS="Style_6" VPOS="2369" WIDTH="227" WC="0.98" CC="0000000000" TAGREFS=""/>
            <SP HPOS="364" ID="SP_419.15.2.2" VPOS="2370" WIDTH="15"/>
            <String CONTENT="about" HEIGHT="34" HPOS="379" ID="ST_419.15.2.3" STYLEREFS="Style_6" VPOS="2370" WIDTH="107" WC="0.92" CC="00000" TAGREFS=""/>
            <SP HPOS="486" ID="SP_419.15.2.4" VPOS="2370" WIDTH="15"/>
            <String CONTENT="60" HEIGHT="33" HPOS="501" ID="ST_419.15.2.5" STYLEREFS="Style_6" VPOS="2370" WIDTH="44" WC="0.91" CC="00" TAGREFS=""/>
            <SP HPOS="545" ID="SP_419.15.2.6" VPOS="2370" WIDTH="15"/>
            <String CONTENT="different" HEIGHT="34" HPOS="560" ID="ST_419.15.2.7" STYLEREFS="Style_6" VPOS="2370" WIDTH="162" WC="0.73" CC="000000000" TAGREFS=""/>
            <SP HPOS="722" ID="SP_419.15.2.8" VPOS="2369" WIDTH="15"/>
            <String CONTENT="fees" HEIGHT="35" HPOS="737" ID="ST_419.15.2.9" STYLEREFS="Style_6" VPOS="2369" WIDTH="72" WC="0.88" CC="0000" TAGREFS=""/>
            <SP HPOS="809" ID="SP_419.15.2.10" VPOS="2375" WIDTH="14"/>
            <String CONTENT="to" HEIGHT="29" HPOS="823" ID="ST_419.15.2.11" STYLEREFS="Style_6" VPOS="2375" WIDTH="36" WC="1.00" CC="00" TAGREFS=""/>
            <SP HPOS="859" ID="SP_419.15.2.12" VPOS="2370" WIDTH="14"/>
            <String CONTENT="be" HEIGHT="34" HPOS="873" ID="ST_419.15.2.13" STYLEREFS="Style_6" VPOS="2370" WIDTH="44" WC="0.73" CC="00" TAGREFS=""/>
            <SP HPOS="917" ID="SP_419.15.2.14" VPOS="2369" WIDTH="13"/>
            <String CONTENT="charged" HEIGHT="43" HPOS="930" ID="ST_419.15.2.15" STYLEREFS="Style_6" VPOS="2369" WIDTH="151" WC="0.99" CC="0000000" TAGREFS=""/>
            <SP HPOS="1081" ID="SP_419.15.2.16" VPOS="2370" WIDTH="15"/>
            <String CONTENT="by" HEIGHT="43" HPOS="1096" ID="ST_419.15.2.17" STYLEREFS="Style_6" VPOS="2370" WIDTH="45" WC="0.86" CC="00" TAGREFS=""/>
            <SP HPOS="1141" ID="SP_419.15.2.18" VPOS="2370" WIDTH="14"/>
            <String CONTENT="the" HEIGHT="34" HPOS="1155" ID="ST_419.15.2.19" STYLEREFS="Style_6" VPOS="2370" WIDTH="60" WC="0.99" CC="000" TAGREFS=""/>
            <SP HPOS="1215" ID="SP_419.15.2.20" VPOS="2369" WIDTH="13"/>
            <String CONTENT="circuit" HEIGHT="35" HPOS="1228" ID="ST_419.15.2.21" STYLEREFS="Style_6" VPOS="2369" WIDTH="123" WC="1.00" CC="0000000" TAGREFS=""/>
          </TextLine>
          <TextLine HEIGHT="45" HPOS="137" ID="TL_419.15.3" VPOS="2418" WIDTH="1214">
            <String CONTENT="clerk," HEIGHT="41" HPOS="137" ID="ST_419.15.3.1" STYLEREFS="Style_6" VPOS="2419" WIDTH="105" WC="0.91" CC="000000" TAGREFS=""/>
            <SP HPOS="242" ID="SP_419.15.3.2" VPOS="2430" WIDTH="11"/>
            <String CONTENT="some" HEIGHT="24" HPOS="253" ID="ST_419.15.3.3" STYLEREFS="Style_6" VPOS="2430" WIDTH="96" WC="0.95" CC="0000" TAGREFS=""/>
            <SP HPOS="349" ID="SP_419.15.3.4" VPOS="2430" WIDTH="9"/>
            <String CONTENT="as" HEIGHT="24" HPOS="358" ID="ST_419.15.3.5" STYLEREFS="Style_6" VPOS="2430" WIDTH="38" WC="0.78" CC="00" TAGREFS=""/>
            <SP HPOS="396" ID="SP_419.15.3.6" VPOS="2419" WIDTH="9"/>
            <String CONTENT="small" HEIGHT="35" HPOS="405" ID="ST_419.15.3.7" STYLEREFS="Style_6" VPOS="2419" WIDTH="100" WC="0.94" CC="00000" TAGREFS=""/>
            <SP HPOS="505" ID="SP_419.15.3.8" VPOS="2430" WIDTH="11"/>
            <String CONTENT="as" HEIGHT="23" HPOS="516" ID="ST_419.15.3.9" STYLEREFS="Style_6" VPOS="2430" WIDTH="37" WC="1.00" CC="00" TAGREFS=""/>
            <SP HPOS="553" ID="SP_419.15.3.10" VPOS="2425" WIDTH="10"/>
            <String CONTENT="ten" HEIGHT="29" HPOS="563" ID="ST_419.15.3.11" STYLEREFS="Style_6" VPOS="2425" WIDTH="58" WC="0.95" CC="000" TAGREFS=""/>
            <SP HPOS="621" ID="SP_419.15.3.12" VPOS="2430" WIDTH="10"/>
            <String CONTENT="or" HEIGHT="24" HPOS="631" ID="ST_419.15.3.13" STYLEREFS="Style_6" VPOS="2430" WIDTH="38" WC="1.00" CC="00" TAGREFS=""/>
            <SP HPOS="669" ID="SP_419.15.3.14" VPOS="2418" WIDTH="9"/>
            <String CONTENT="fifteen" HEIGHT="36" HPOS="678" ID="ST_419.15.3.15" STYLEREFS="Style_6" VPOS="2418" WIDTH="120" WC="0.96" CC="0000000" TAGREFS=""/>
            <SP HPOS="798" ID="SP_419.15.3.16" VPOS="2425" WIDTH="9"/>
            <String CONTENT="cents." HEIGHT="29" HPOS="807" ID="ST_419.15.3.17" STYLEREFS="Style_6" VPOS="2425" WIDTH="106" WC="1.00" CC="000099" TAGREFS=""/>
            <SP HPOS="913" ID="SP_419.15.3.18" VPOS="2419" WIDTH="11"/>
            <String CONTENT="See" HEIGHT="35" HPOS="924" ID="ST_419.15.3.19" STYLEREFS="Style_6" VPOS="2419" WIDTH="67" WC="1.00" CC="000" TAGREFS=""/>
            <SP HPOS="991" ID="SP_419.15.3.20" VPOS="2419" WIDTH="9"/>
            <String CONTENT="the" HEIGHT="34" HPOS="1000" ID="ST_419.15.3.21" STYLEREFS="Style_6" VPOS="2419" WIDTH="59" WC="1.00" CC="000" TAGREFS=""/>
            <SP HPOS="1059" ID="SP_419.15.3.22" VPOS="2420" WIDTH="9"/>
            <String CONTENT="compiler’s" HEIGHT="43" HPOS="1068" ID="ST_419.15.3.23" STYLEREFS="Style_6" VPOS="2420" WIDTH="193" WC="0.94" CC="0000000000" TAGREFS=""/>
            <SP HPOS="1261" ID="SP_419.15.3.24" VPOS="2424" WIDTH="10"/>
            <String CONTENT="note" HEIGHT="29" HPOS="1271" ID="ST_419.15.3.25" STYLEREFS="Style_6" VPOS="2424" WIDTH="80" WC="0.88" CC="0000" TAGREFS=""/>
          </TextLine>
        </TextBlock>
      </PrintSpace>
    </Page>
  </Layout>
</alto>
