1669 2704
150 403 102 34 truck
261 403 34 34 in
305 403 177 43 Memphis
492 403 112 34 which
615 403 173 35 Roderick
796 402 166 36 contends
971 403 165 34 occurred
1146 413 43 24 on
1199 403 59 34 the
1266 403 98 43 night

150 452 40 34 of
212 454 139 42 August
380 454 51 39 11,
462 454 99 39 1983,
588 453 59 34 the
673 453 97 43 night
796 453 111 34 Linda
934 452 114 35 Cruce
1073 464 70 23 was
1169 452 194 35 murdered.

151 502 176 35 Roderick
347 514 69 23 was
439 514 20 23 a
480 502 139 35 witness
640 503 54 34 for
716 502 59 35 the
797 507 89 30 state
908 503 137 42 against
1066 503 60 34 the
1147 502 217 41 defendants,

151 552 179 44 testifying
355 552 75 35 that
455 552 158 44 together
637 553 82 43 they
744 552 68 35 had
837 553 110 34 stolen
972 553 60 34 the
1056 554 110 33 truck.
1193 552 173 35 Roderick

151 602 147 35 submits
314 602 59 34 the
389 607 89 30 state
494 602 105 35 relied
616 613 44 24 on
677 602 201 35 Roderick’s
894 602 195 44 credibility
1105 603 34 34 in
1155 602 59 35 the
1230 603 136 43 Wynne

151 652 79 34 trial
246 652 68 34 and
330 652 43 34 he
388 652 26 34 is
430 652 143 35 entitled
589 657 35 29 to
639 653 93 34 show
748 652 76 34 that
838 658 35 29 to
888 653 59 34 the
958 652 81 44 jury
1054 653 34 34 in
1103 652 68 35 this
1186 653 88 34 trial.
1290 653 75 34 The

151 702 81 34 trial
243 707 99 29 court
353 702 150 43 rejected
514 702 60 34 the
585 702 102 43 proof
695 713 45 24 on
752 702 150 43 grounds
913 701 39 36 of
960 702 193 44 relevancy,
1165 702 69 34 and
1244 714 52 23 we
1306 713 60 24 are

152 757 60 29 not
224 752 34 34 in
271 763 20 23 a
304 752 146 44 position
461 757 36 29 to
509 751 137 44 dispute
658 752 77 35 that
746 752 123 43 ruling.
882 752 74 34 The
968 752 128 43 proffer
1108 752 81 35 does
1202 757 59 29 not
1272 753 93 34 show

152 802 77 34 that
243 802 60 34 the
316 801 90 35 theft
420 801 166 35 occurred
600 812 44 24 on
659 803 139 42 August
816 803 51 40 11,
883 813 38 24 or
935 802 35 34 in
985 802 84 34 such
1084 813 21 24 a
1120 813 144 24 manner
1278 813 37 24 as
1330 808 36 29 to

151 851 245 44 categorically
406 851 144 35 exclude
560 852 174 35 Roderick
743 851 90 35 from
843 852 229 35 involvement
1081 852 35 35 in
1126 852 59 35 the
1194 852 172 35 homicide

151 901 40 34 of
206 901 110 35 Linda
335 901 123 35 Cruce.
477 902 75 34 The
569 902 179 35 relevance
764 901 39 35 of
817 902 162 35 evidence
996 907 86 30 rests
1100 902 130 44 largely
1246 913 44 24 on
1307 903 59 34 the

152 951 185 35 discretion
354 951 39 34 of
406 952 58 34 the
481 951 79 35 trial
577 957 109 36 court,
703 951 134 44 subject
853 952 80 44 only
950 957 35 29 to
1001 952 133 35 limited
1151 952 132 35 review.
1302 954 65 33 We

152 1001 71 34 find
233 1012 44 24 no
286 1012 103 24 error.
399 1003 180 33 Firestone
592 1003 78 33 Tire
681 1004 31 32 &
722 1001 144 35 Rubber
876 1003 60 34 Co.
946 1013 30 23 v.
986 1002 117 42 Little,
1114 1003 67 34 276
1191 1003 84 34 Ark.
1287 1004 78 39 511,

152 1052 68 33 639
242 1051 143 35 S.W.2d
406 1052 67 34 726
496 1051 138 44 (1982).

1296 263 66 33 367

360 1131 74 34 The
454 1131 99 34 other
574 1135 211 39 arguments:
807 1131 59 34 the
886 1131 116 35 denial
1022 1131 39 35 of
1080 1143 20 23 a
1121 1131 130 35 motion
1272 1131 53 35 for
1346 1142 20 24 a

152 1180 241 41 continuance;
412 1192 44 23 an
474 1180 154 35 asserted
646 1181 237 35 conversation
902 1182 155 34 between
1075 1182 129 34 Officer
1222 1182 144 43 Hughes

152 1230 70 34 and
233 1231 117 34 James
360 1231 137 43 Taylor,
508 1230 77 35 who
595 1230 149 36 testified
755 1231 111 34 ahead
876 1231 40 35 of
924 1231 156 43 Hughes,
1091 1232 206 43 concerning
1307 1232 60 34 the

152 1285 82 38 type
250 1280 40 34 of
303 1280 174 43 questions
495 1280 117 41 asked,
630 1281 34 34 in
681 1280 163 35 violation
861 1281 39 34 of
914 1281 59 35 the
989 1281 127 35 court’s
1134 1282 232 39 instructions;

153 1329 69 34 and
236 1330 60 34 the
309 1330 134 43 seating
456 1330 39 35 of
506 1330 99 35 three
615 1330 114 43 jurors
743 1341 79 23 over
835 1330 143 35 defense
991 1331 191 43 objections
1195 1331 77 34 that
1285 1332 81 43 they

153 1379 124 34 should
293 1380 86 34 have
395 1379 86 35 been
497 1380 148 34 excused
661 1380 54 34 for
730 1390 114 31 cause,
861 1380 123 35 should
1000 1385 60 30 not
1075 1381 90 34 arise
1180 1381 102 42 again
1298 1380 69 36 and

153 1434 151 29 warrant
325 1440 44 23 no
389 1429 201 35 discussion.
614 1430 65 34 We
700 1430 80 35 take
800 1430 67 35 this
889 1431 233 43 opportunity,
1144 1430 166 41 however,
1331 1436 36 29 to

153 1479 154 34 mention
320 1489 19 24 a
348 1478 96 43 juror
456 1479 115 35 whose
582 1479 140 35 brother
733 1490 70 24 was
815 1491 20 23 a
847 1480 138 43 regular
996 1480 130 44 deputy
1137 1480 122 35 sheriff
1267 1480 39 34 of
1314 1481 51 34 St.

154 1529 141 34 Francis
311 1528 139 44 County
465 1534 36 30 at
516 1529 59 34 the
590 1529 85 35 time
689 1530 40 34 of
740 1529 68 35 this
823 1535 110 29 arrest
948 1530 70 34 and
1031 1530 91 34 trial.
1138 1530 74 35 The
1226 1530 141 35 defense

154 1578 115 34 insists
280 1579 59 33 the
347 1578 96 43 juror
454 1578 124 35 should
589 1579 87 34 have
688 1580 87 34 been
786 1580 147 34 excused
944 1579 54 34 for
1010 1590 114 24 cause.
1136 1579 74 35 The
1222 1585 145 29 statutes

153 1638 45 23 on
215 1627 141 44 implied
373 1628 68 34 and
458 1628 116 35 actual
592 1628 75 35 bias
683 1628 96 35 don’t
796 1629 103 34 reach
916 1629 68 35 this
1001 1634 100 30 exact
1118 1629 163 35 situation
1299 1629 68 36 and

153 1677 102 35 while
263 1689 52 23 we
323 1678 180 43 recognize
511 1678 59 35 the
579 1678 169 45 difficulty
757 1678 39 35 of
802 1678 136 45 forging
948 1690 20 23 a
978 1679 162 44 standing
1149 1679 74 35 rule
1232 1684 35 30 to
1275 1684 92 30 meet

153 1727 172 44 marginal
341 1728 182 43 problems,
540 1739 51 24 we
607 1728 198 45 appreciate
820 1729 59 35 the
894 1728 219 36 defendant’s
1128 1729 147 45 position
1291 1730 76 35 that

153 1777 45 35 he
224 1778 109 43 ought
360 1783 59 30 not
446 1783 35 30 to
509 1779 88 34 have
623 1784 36 29 to
687 1789 61 25 use
775 1790 20 23 a
823 1784 220 39 peremptory
1069 1779 181 44 challenge
1276 1791 43 23 on
1347 1792 20 23 a

153 1827 214 45 prospective
377 1828 97 43 juror
487 1828 116 35 whose
617 1829 140 35 brother
771 1830 110 34 works
895 1829 54 35 for
963 1829 59 35 the
1036 1829 130 36 sheriff.
1182 1830 113 34 When
1308 1830 60 35 the

153 1878 124 35 sheriff
283 1879 27 34 is
320 1889 44 24 an
373 1878 141 36 obvious
523 1879 166 44 partisan,
700 1890 37 25 as
748 1879 110 44 might
867 1880 43 35 be
919 1880 177 44 expected,
1106 1879 69 36 and
1185 1880 27 35 is
1221 1880 146 45 actively

152 1928 157 35 involved
330 1929 34 34 in
386 1929 58 35 the
464 1929 254 44 investigation,
740 1935 108 30 arrest
869 1930 69 35 and
959 1930 90 42 trial,
1071 1931 26 34 it
1118 1931 28 34 is
1166 1930 145 35 difficult
1331 1936 36 30 to

153 1979 162 35 conceive
330 1979 75 34 how
420 1979 67 35 this
500 1980 98 43 juror
613 1980 103 34 could
732 1979 43 35 be
789 1980 125 44 wholly
929 1980 167 35 oblivious
1112 1992 38 23 as
1165 1985 35 29 to
1216 1980 76 35 how
1307 1981 61 34 her

152 2033 79 29 vote
251 2028 112 43 might
382 2028 130 44 impact
533 2039 44 24 on
597 2029 62 34 her
679 2029 168 35 brother’s
868 2029 172 44 standing.
1062 2031 160 33 Without
1242 2030 126 35 second

152 2078 163 43 guessing
329 2078 59 34 the
401 2078 78 35 trial
493 2083 99 30 court
606 2089 44 24 on
664 2079 68 34 this
746 2079 101 41 issue,
861 2090 52 23 we
926 2079 100 35 think
1039 2090 95 24 some
1147 2079 172 44 liberality
1332 2080 35 34 in

153 2127 164 44 applying
330 2128 59 34 the
401 2133 129 30 statute
542 2139 45 23 on
599 2128 142 44 implied
754 2128 75 35 bias
841 2128 113 36 would
967 2129 43 34 be
1022 2129 35 34 in
1070 2129 110 35 order.
1194 2129 91 35 That
1297 2140 70 24 was

153 2177 91 34 done
259 2178 35 34 in
310 2177 60 35 the
385 2178 125 34 second
527 2178 79 34 trial
622 2178 39 35 of
674 2178 86 35 Paul
776 2179 92 34 Ruiz
884 2178 68 35 and
968 2179 82 34 Earl
1066 2180 150 39 Denton,
1233 2179 69 34 and
1317 2190 52 24 we

154 2227 168 34 affirmed.
337 2229 94 32 Ruiz
444 2228 72 34 and
527 2229 138 33 Denton
678 2239 30 23 v.
723 2228 113 40 State,
851 2229 67 33 273
933 2228 86 34 Ark.
1036 2229 55 40 94,
1107 2230 67 32 617
1189 2228 143 34 S.W.2d
1347 2229 20 34 6

155 2275 221 42 (1981),and
387 2287 58 23 see
456 2276 194 35 Henslee v.
662 2278 114 39 State,
790 2278 63 33 251
870 2278 85 33 Ark.
973 2278 154 39 125,
1144 2277 224 34 471 S.W.2d 352

155 2324 138 42 (1971).

245 2403 75 34 The
324 2402 185 44 judgment
518 2404 27 34 is
554 2404 158 34 reversed
722 2403 68 36 and
799 2404 59 34 the
866 2415 105 24 cause
979 2404 189 35 remanded
1178 2409 35 30 to
1222 2405 59 34 the
1289 2404 79 36 trial
