1641 2698
295 442 78 39 392,
402 442 64 33 431
497 441 92 34 A.2d
622 443 83 32 1371
739 441 138 43 (1981);
904 443 41 32 In
971 443 53 33 Re
1051 443 182 42 Marriage
1260 442 46 43 of
1323 444 111 39 Hunt,
1463 444 42 33 78

295 491 193 43 Ill.App.3d
500 492 78 39 653,
592 492 44 32 34
648 491 137 34 Ill.Dec.
800 492 133 39 55, 397
945 491 138 34 N.E.2d
1096 493 61 32 511
1176 491 137 43 (1979);
1324 493 136 33 Matter
1469 492 46 43 of

294 542 134 41 Rogers
456 551 31 23 v.
515 542 147 42 Rogers,
691 542 43 33 45
764 540 156 44 Or.App.
951 541 79 41 885,
1059 541 67 34 609
1156 541 85 34 P.2d
1271 542 65 33 877
1368 540 138 44 (1980);

294 591 176 33 Damiano
488 601 30 23 v.
538 592 187 39 Damiano,
746 591 44 33 94
809 590 221 44 App.Div.2d
1054 592 74 39 132,
1149 592 66 33 463
1237 591 182 34 N.Y.S.2d
1439 592 67 33 477

295 639 137 43 (1983).
451 639 116 35 “Even
583 640 114 34 where
712 640 250 35 contributions
979 640 87 35 have
1081 640 87 35 been
1184 640 102 35 made
1302 641 144 43 entirely
1463 641 44 44 by

293 689 59 34 the
364 689 186 44 employer,
562 689 59 35 the
633 695 115 29 courts
761 690 86 34 have
859 690 191 35 concluded
1062 690 77 35 that
1150 691 201 34 retirement
1362 690 144 36 benefits

294 750 59 23 are
365 750 20 23 a
398 739 102 34 mode
512 739 39 34 of
560 739 178 44 employee
750 740 260 43 compensation
1023 739 68 35 and
1104 751 37 23 as
1154 740 84 35 such
1251 751 59 23 are
1322 752 45 23 an
1380 741 127 34 earned

294 795 160 37 property
475 789 91 42 right
586 788 40 34 of
643 789 59 34 the
722 789 206 43 marriage.”
949 791 145 41 Rogers,
1116 800 119 33 supra.

296 300 42 33 36

477 865 50 33 As
543 875 51 23 we
609 864 191 34 concluded
815 865 35 33 in
865 867 89 39 Day,
971 865 131 34 “What
1116 876 52 23 we
1183 865 44 34 do
1242 865 81 34 hold
1339 866 28 34 is
1383 865 125 44 simply

294 913 76 34 that
383 913 159 43 earnings
555 924 38 24 or
605 913 99 35 other
716 919 162 39 property
890 914 164 43 acquired
1068 914 45 43 by
1125 915 85 34 each
1223 925 124 33 spouse
1359 920 92 29 must
1464 915 43 34 be

293 963 134 34 treated
453 973 37 24 as
516 963 138 35 marital
680 969 162 38 property
866 963 114 35 unless
1006 964 122 43 falling
1153 964 119 35 within
1297 975 66 24 one
1387 964 39 35 of
1448 965 58 34 the

293 1017 171 38 statutory
474 1013 209 44 exceptions,
694 1013 69 35 and
774 1014 132 34 neither
916 1024 66 24 one
991 1025 66 23 can
1067 1013 140 45 deprive
1216 1014 59 34 the
1284 1015 98 34 other
1392 1014 40 35 of
1439 1026 67 32 any

294 1062 141 35 interest
449 1062 33 34 in
496 1063 84 34 such
595 1068 161 39 property
769 1063 45 43 by
828 1063 136 44 putting
978 1064 26 34 it
1017 1064 224 43 temporarily
1255 1064 134 44 beyond
1403 1064 52 35 his
1469 1075 38 24 or

293 1112 60 34 her
363 1123 75 24 own
448 1113 142 41 control,
601 1123 37 24 as
649 1113 44 43 by
703 1114 58 34 the
770 1114 170 42 purchase
949 1113 39 35 of
994 1113 183 42 annuities,
1187 1114 244 44 participation
1442 1115 34 34 in
1486 1126 19 23 a

293 1162 200 35 retirement
506 1163 82 43 plan
600 1173 38 24 or
652 1163 98 34 other
763 1162 118 36 device
895 1162 53 36 for
961 1163 207 45 postponing
1182 1164 63 34 full
1258 1164 200 44 enjoyment
1470 1165 39 34 of

293 1212 59 34 the
372 1213 195 43 property.”

476 1290 50 33 As
547 1301 19 23 a
587 1289 82 34 final
689 1290 107 43 point,
817 1290 177 44 appellant
1013 1290 166 35 contends
1200 1290 59 35 the
1278 1295 99 30 court
1397 1290 108 35 below

293 1338 103 35 made
405 1349 44 24 an
459 1339 150 44 unequal
619 1339 143 35 division
772 1339 39 34 of
818 1340 59 34 the
886 1340 139 34 marital
1034 1345 172 39 property.
1216 1341 85 33 Ark.
1312 1341 89 34 Stat.
1413 1341 92 34 Ann.

294 1388 18 42 §
340 1388 282 43 34-1214(A)(1)
650 1389 151 44 requires
827 1390 77 34 that
928 1390 46 34 all
1000 1390 139 34 marital
1164 1395 161 39 property
1350 1390 88 35 shall
1464 1391 42 34 be

292 1437 206 36 distributed
509 1438 137 44 equally
657 1439 113 35 unless
781 1439 59 34 the
850 1444 99 30 court
959 1439 88 35 finds
1058 1440 85 34 such
1154 1451 20 23 a
1185 1440 221 35 distribution
1417 1445 35 29 to
1464 1440 42 35 be

292 1487 222 45 inequitable,
534 1488 120 43 taking
673 1489 72 34 into
764 1489 253 34 consideration
1037 1490 132 34 certain
1189 1489 224 35 enumerated
1433 1490 72 34 fac­

292 1542 80 29 tors.
386 1538 112 34 When
509 1538 59 34 the
578 1543 98 29 court
686 1538 81 35 does
779 1539 102 34 make
891 1549 45 24 an
946 1539 152 43 unequal
1108 1538 156 41 division,
1276 1537 27 36 it
1313 1544 93 30 must
1416 1544 89 30 state

292 1587 42 33 its
355 1597 139 24 reasons
515 1587 53 34 for
588 1587 103 43 doing
712 1599 47 23 so.

382 1664 113 33 There
503 1675 69 23 was
582 1674 44 24 no
635 1669 187 29 statement
831 1664 45 44 by
885 1664 59 35 the
953 1670 98 29 court
1061 1664 76 35 that
1147 1676 43 23 an
1200 1666 151 42 unequal
1360 1664 144 36 division

291 1712 39 34 of
341 1713 139 34 marital
494 1718 161 39 property
669 1725 69 23 was
752 1713 102 44 being
868 1714 114 41 made,
997 1725 61 24 nor
1073 1725 67 33 any
1153 1719 187 30 statement
1354 1715 149 44 pertain-

291 1762 58 43 ing
363 1768 35 29 to
412 1762 59 35 the
485 1774 143 24 manner
642 1763 39 35 of
691 1763 144 35 division
849 1764 99 34 other
961 1764 85 35 than
1061 1775 20 23 a
1095 1764 116 44 listing
1225 1764 45 44 by
1284 1765 59 34 the
1356 1770 98 29 court
1468 1765 39 35 of

291 1812 76 34 how
378 1813 58 34 the
446 1818 161 39 property
617 1813 122 35 should
749 1813 44 35 be
802 1813 147 35 divided.
961 1814 189 44 Appellant
1160 1814 186 35 maintains
1356 1814 68 35 this
1434 1826 70 24 was

291 1873 44 23 an
348 1863 150 44 unequal
510 1863 143 35 division
666 1863 68 35 and
745 1863 76 35 that
833 1864 59 34 the
902 1869 99 29 court
1012 1864 106 35 failed
1130 1869 35 30 to
1176 1869 90 30 state
1277 1864 59 35 the
1347 1864 91 35 basis
1450 1865 54 34 for

291 1912 59 35 the
370 1913 150 43 unequal
540 1913 155 35 division.

515 1990 74 34 The
605 1995 99 29 court
720 1990 28 34 is
765 1995 60 29 not
842 1990 159 44 required
1019 1995 35 30 to
1071 1995 90 30 state
1177 1991 59 34 the
1252 1990 144 35 division
1414 1991 28 34 is
1460 2002 44 23 an

291 2039 101 43 equal
403 2050 75 29 one,
490 2039 69 34 and
569 2039 98 35 there
677 2040 27 34 is
715 2040 144 43 nothing
870 2051 44 23 on
924 2040 60 34 the
993 2040 78 35 face
1081 2040 39 34 of
1127 2041 59 34 the
1196 2040 101 35 order
1307 2046 36 29 to
1352 2040 152 35 indicate

290 2088 26 34 it
335 2089 27 34 is
382 2093 60 30 not
461 2100 44 23 an
525 2089 101 44 equal
646 2089 154 35 division.
821 2090 113 34 There
952 2090 27 34 is
999 2090 207 35 insufficient
1225 2090 224 35 information
1469 2091 34 34 in

291 2138 109 35 either
411 2138 59 35 the
481 2139 154 34 abstract
645 2150 38 23 or
694 2140 59 34 the
763 2140 121 34 record
895 2139 54 35 for
959 2151 40 23 us
1010 2145 35 29 to
1056 2139 193 35 determine
1259 2140 59 34 the
1327 2140 177 35 valuation

290 2187 39 35 of
343 2199 68 32 any
427 2188 39 34 of
480 2189 59 34 the
555 2194 161 38 property
733 2188 148 42 divided,
899 2189 68 34 and
984 2189 91 35 from
1091 2190 60 34 the
1167 2190 121 34 record
1305 2201 44 23 no
1366 2201 93 23 error
1476 2190 27 35 is

289 2237 128 35 shown.
437 2238 75 34 The
530 2238 132 35 burden
681 2238 27 35 is
726 2249 92 32 upon
837 2239 59 34 the
914 2239 176 43 appellant
1107 2244 36 29 to
1162 2239 100 43 bring
1279 2250 47 33 up
1345 2251 20 23 a
1383 2240 120 34 record

290 2287 171 34 sufficient
480 2292 35 29 to
534 2287 236 35 demonstrate
788 2288 77 34 that
883 2288 59 34 the
961 2288 79 35 trial
1059 2293 99 30 court
1177 2299 70 24 was
1266 2289 34 33 in
1320 2299 103 24 error.
1443 2289 62 34 SD

289 2338 152 42 Leasing
453 2348 30 23 v.
500 2338 101 33 RNF
616 2338 115 43 Corp.,
749 2338 66 33 278
833 2338 85 34 Ark.
937 2339 78 40 530,
1033 2338 67 34 647
1118 2337 144 35 S.W.2d
1278 2339 67 33 447
1365 2337 138 44 (1983);

289 2388 133 42 King v.
440 2388 143 40 Younts,
598 2388 66 33 278
679 2388 84 34 Ark.
779 2388 55 40 91,
849 2388 66 34 643
930 2387 144 35 S.W.2d
1089 2388 67 33 542
1171 2387 138 43 (1982).
1323 2386 180 45 Although

290 2447 51 23 we
354 2437 93 34 can’t
461 2447 160 33 presume
634 2437 77 34 that
725 2448 67 32 any
805 2438 153 43 portions
972 2437 38 35 of
1022 2438 59 34 the
1094 2438 120 34 record
1228 2443 60 29 not
1302 2438 202 42 designated
