<?xml version='1.0' encoding='utf-8'?>
<alto xmlns="http://www.loc.gov/standards/alto/ns-v3#">
  <!--Created by Innodata R.E.D. RLI tool: 2017-04-25 06:27:34.555030-->
  <Description>
    <MeasurementUnit>pixel</MeasurementUnit>
    <sourceImageInformation>
      <fileName>32044078577194_00260_1.tif</fileName>
    </sourceImageInformation>
    <OCRProcessing ID="OP_1">
      <ocrProcessingStep>
        <processingStepDescription>Alto coordinates refer to the deskewed TIFF file. 
		To convert point (x, y) to original image (TIFF or JP2) apply transformation matrix T=(m00, m01, m10, m11, b0, b1) using the rule:
			T * (x,y) = (m00 * x + m01 * y + b0), (m10 * x + m11 * y + b1)</processingStepDescription>
        <processingStepSettings>RED.transform=(1.0, -0.0, 0.0, 1.0, 0.0, -0.0)</processingStepSettings>
      </ocrProcessingStep>
    </OCRProcessing>
  </Description>
  <Styles>
    <TextStyle FONTFAMILY="Times New Roman" FONTSIZE="11.00" FONTTYPE="serif" FONTWIDTH="proportional" ID="Style_3"/>
    <TextStyle FONTFAMILY="Times New Roman" FONTSIZE="11.00" FONTSTYLE="italics" FONTTYPE="serif" FONTWIDTH="proportional" ID="Style_4"/>
  </Styles>
  <Tags>
    <StructureTag ID="b519-11" LABEL="p"/>
    <StructureTag ID="b520-1" LABEL="pagelabel"/>
    <StructureTag ID="b520-6" LABEL="p"/>
    <StructureTag ID="b520-7" LABEL="blockquote"/>
    <StructureTag ID="b520-8" LABEL="p"/>
    <StructureTag ID="b520-9" LABEL="p"/>
    <StructureTag ID="b520-10" LABEL="blockquote"/>
    <StructureTag ID="b520-11" LABEL="p"/>
    <StructureTag ID="b520-12" LABEL="p"/>
  </Tags>
  <Layout>
    <Page HEIGHT="2680" ID="PG_520" PHYSICAL_IMG_NR="520" WIDTH="1648">
      <PrintSpace HEIGHT="2680" HPOS="0" ID="PS_520" VPOS="0" WIDTH="1648">
        <TextBlock HEIGHT="196.0" HPOS="319.0" ID="BL_520.1" TAGREFS="b519-11" VPOS="401.0" WIDTH="1213.0">
          <TextLine HEIGHT="47" HPOS="319" ID="TL_520.1.1" VPOS="401" WIDTH="1212">
            <String CONTENT="should" HEIGHT="35" HPOS="319" ID="ST_520.1.1.1" STYLEREFS="Style_3" VPOS="405" WIDTH="123" WC="0.81" CC="000000" TAGREFS=""/>
            <SP HPOS="442" ID="SP_520.1.1.2" VPOS="405" WIDTH="14"/>
            <String CONTENT="only" HEIGHT="43" HPOS="456" ID="ST_520.1.1.3" STYLEREFS="Style_3" VPOS="405" WIDTH="80" WC="0.92" CC="0000" TAGREFS=""/>
            <SP HPOS="536" ID="SP_520.1.1.4" VPOS="404" WIDTH="14"/>
            <String CONTENT="be" HEIGHT="35" HPOS="550" ID="ST_520.1.1.5" STYLEREFS="Style_3" VPOS="404" WIDTH="43" WC="0.96" CC="00" TAGREFS=""/>
            <SP HPOS="593" ID="SP_520.1.1.6" VPOS="403" WIDTH="14"/>
            <String CONTENT="required" HEIGHT="45" HPOS="607" ID="ST_520.1.1.7" STYLEREFS="Style_3" VPOS="403" WIDTH="159" WC="0.87" CC="00000000" TAGREFS=""/>
            <SP HPOS="766" ID="SP_520.1.1.8" VPOS="409" WIDTH="14"/>
            <String CONTENT="to" HEIGHT="29" HPOS="780" ID="ST_520.1.1.9" STYLEREFS="Style_3" VPOS="409" WIDTH="35" WC="1.00" CC="00" TAGREFS=""/>
            <SP HPOS="815" ID="SP_520.1.1.10" VPOS="414" WIDTH="14"/>
            <String CONTENT="serve" HEIGHT="24" HPOS="829" ID="ST_520.1.1.11" STYLEREFS="Style_3" VPOS="414" WIDTH="95" WC="1.00" CC="00000" TAGREFS=""/>
            <SP HPOS="924" ID="SP_520.1.1.12" VPOS="402" WIDTH="14"/>
            <String CONTENT="one-third" HEIGHT="35" HPOS="938" ID="ST_520.1.1.13" STYLEREFS="Style_3" VPOS="402" WIDTH="174" WC="0.91" CC="000990000" TAGREFS=""/>
            <SP HPOS="1112" ID="SP_520.1.1.14" VPOS="402" WIDTH="17"/>
            <String CONTENT="(í/3)," HEIGHT="43" HPOS="1129" ID="ST_520.1.1.15" STYLEREFS="Style_3" VPOS="402" WIDTH="79" WC="0.57" CC="990999" TAGREFS=""/>
            <SP HPOS="1208" ID="SP_520.1.1.16" VPOS="402" WIDTH="14"/>
            <String CONTENT="rather" HEIGHT="34" HPOS="1222" ID="ST_520.1.1.17" STYLEREFS="Style_3" VPOS="402" WIDTH="117" WC="0.96" CC="000000" TAGREFS=""/>
            <SP HPOS="1339" ID="SP_520.1.1.18" VPOS="401" WIDTH="14"/>
            <String CONTENT="than" HEIGHT="35" HPOS="1353" ID="ST_520.1.1.19" STYLEREFS="Style_3" VPOS="401" WIDTH="85" WC="1.00" CC="0000" TAGREFS=""/>
            <SP HPOS="1438" ID="SP_520.1.1.20" VPOS="412" WIDTH="14"/>
            <String CONTENT="one-" HEIGHT="23" HPOS="1452" ID="ST_520.1.1.21" STYLEREFS="Style_3" VPOS="412" WIDTH="79" WC="0.70" CC="0000" TAGREFS=""/>
          </TextLine>
          <TextLine HEIGHT="46" HPOS="320" ID="TL_520.1.2" VPOS="451" WIDTH="1210">
            <String CONTENT="half" HEIGHT="35" HPOS="320" ID="ST_520.1.2.1" STYLEREFS="Style_3" VPOS="454" WIDTH="77" WC="1.00" CC="0000" TAGREFS=""/>
            <SP HPOS="397" ID="SP_520.1.2.2" VPOS="454" WIDTH="19"/>
            <String CONTENT="(Í/2)," HEIGHT="43" HPOS="416" ID="ST_520.1.2.3" STYLEREFS="Style_3" VPOS="454" WIDTH="79" WC="0.61" CC="099000" TAGREFS=""/>
            <SP HPOS="495" ID="SP_520.1.2.4" VPOS="454" WIDTH="21"/>
            <String CONTENT="of" HEIGHT="34" HPOS="516" ID="ST_520.1.2.5" STYLEREFS="Style_3" VPOS="454" WIDTH="40" WC="0.90" CC="00" TAGREFS=""/>
            <SP HPOS="556" ID="SP_520.1.2.6" VPOS="454" WIDTH="18"/>
            <String CONTENT="his" HEIGHT="34" HPOS="574" ID="ST_520.1.2.7" STYLEREFS="Style_3" VPOS="454" WIDTH="51" WC="0.97" CC="000" TAGREFS=""/>
            <SP HPOS="625" ID="SP_520.1.2.8" VPOS="459" WIDTH="22"/>
            <String CONTENT="sentence" HEIGHT="29" HPOS="647" ID="ST_520.1.2.9" STYLEREFS="Style_3" VPOS="459" WIDTH="161" WC="0.95" CC="00000000" TAGREFS=""/>
            <SP HPOS="808" ID="SP_520.1.2.10" VPOS="452" WIDTH="20"/>
            <String CONTENT="before" HEIGHT="35" HPOS="828" ID="ST_520.1.2.11" STYLEREFS="Style_3" VPOS="452" WIDTH="119" WC="0.93" CC="000000" TAGREFS=""/>
            <SP HPOS="947" ID="SP_520.1.2.12" VPOS="452" WIDTH="21"/>
            <String CONTENT="becoming" HEIGHT="43" HPOS="968" ID="ST_520.1.2.13" STYLEREFS="Style_3" VPOS="452" WIDTH="182" WC="0.97" CC="00000000" TAGREFS=""/>
            <SP HPOS="1150" ID="SP_520.1.2.14" VPOS="451" WIDTH="21"/>
            <String CONTENT="eligible" HEIGHT="44" HPOS="1171" ID="ST_520.1.2.15" STYLEREFS="Style_3" VPOS="451" WIDTH="137" WC="0.98" CC="00000000" TAGREFS=""/>
            <SP HPOS="1308" ID="SP_520.1.2.16" VPOS="451" WIDTH="21"/>
            <String CONTENT="for" HEIGHT="34" HPOS="1329" ID="ST_520.1.2.17" STYLEREFS="Style_3" VPOS="451" WIDTH="53" WC="1.00" CC="000" TAGREFS=""/>
            <SP HPOS="1382" ID="SP_520.1.2.18" VPOS="451" WIDTH="21"/>
            <String CONTENT="parole." HEIGHT="44" HPOS="1403" ID="ST_520.1.2.19" STYLEREFS="Style_3" VPOS="451" WIDTH="127" WC="0.88" CC="0000000" TAGREFS=""/>
          </TextLine>
          <TextLine HEIGHT="48" HPOS="319" ID="TL_520.1.3" VPOS="500" WIDTH="1213">
            <String CONTENT="Appellant’s" HEIGHT="44" HPOS="319" ID="ST_520.1.3.1" STYLEREFS="Style_3" VPOS="504" WIDTH="218" WC="0.90" CC="00000000090" TAGREFS=""/>
            <SP HPOS="537" ID="SP_520.1.3.2" VPOS="508" WIDTH="15"/>
            <String CONTENT="argument" HEIGHT="39" HPOS="552" ID="ST_520.1.3.3" STYLEREFS="Style_3" VPOS="508" WIDTH="183" WC="0.89" CC="00000000" TAGREFS=""/>
            <SP HPOS="735" ID="SP_520.1.3.4" VPOS="503" WIDTH="15"/>
            <String CONTENT="is" HEIGHT="34" HPOS="750" ID="ST_520.1.3.5" STYLEREFS="Style_3" VPOS="503" WIDTH="27" WC="1.00" CC="00" TAGREFS=""/>
            <SP HPOS="777" ID="SP_520.1.3.6" VPOS="514" WIDTH="16"/>
            <String CONTENT="a" HEIGHT="23" HPOS="793" ID="ST_520.1.3.7" STYLEREFS="Style_3" VPOS="514" WIDTH="20" WC="1.00" CC="0" TAGREFS=""/>
            <SP HPOS="813" ID="SP_520.1.3.8" VPOS="503" WIDTH="15"/>
            <String CONTENT="house" HEIGHT="34" HPOS="828" ID="ST_520.1.3.9" STYLEREFS="Style_3" VPOS="503" WIDTH="107" WC="0.94" CC="00000" TAGREFS=""/>
            <SP HPOS="935" ID="SP_520.1.3.10" VPOS="502" WIDTH="14"/>
            <String CONTENT="of" HEIGHT="35" HPOS="949" ID="ST_520.1.3.11" STYLEREFS="Style_3" VPOS="502" WIDTH="39" WC="1.00" CC="00" TAGREFS=""/>
            <SP HPOS="988" ID="SP_520.1.3.12" VPOS="501" WIDTH="11"/>
            <String CONTENT="cards" HEIGHT="35" HPOS="999" ID="ST_520.1.3.13" STYLEREFS="Style_3" VPOS="501" WIDTH="101" WC="1.00" CC="00000" TAGREFS=""/>
            <SP HPOS="1100" ID="SP_520.1.3.14" VPOS="501" WIDTH="15"/>
            <String CONTENT="which" HEIGHT="35" HPOS="1115" ID="ST_520.1.3.15" STYLEREFS="Style_3" VPOS="501" WIDTH="111" WC="0.89" CC="00000" TAGREFS=""/>
            <SP HPOS="1226" ID="SP_520.1.3.16" VPOS="501" WIDTH="15"/>
            <String CONTENT="collapses" HEIGHT="44" HPOS="1241" ID="ST_520.1.3.17" STYLEREFS="Style_3" VPOS="501" WIDTH="167" WC="0.99" CC="000000000" TAGREFS=""/>
            <SP HPOS="1408" ID="SP_520.1.3.18" VPOS="500" WIDTH="15"/>
            <String CONTENT="under" HEIGHT="35" HPOS="1423" ID="ST_520.1.3.19" STYLEREFS="Style_3" VPOS="500" WIDTH="109" WC="0.91" CC="00000" TAGREFS=""/>
          </TextLine>
          <TextLine HEIGHT="43" HPOS="319" ID="TL_520.1.4" VPOS="554" WIDTH="164">
            <String CONTENT="scrutiny." HEIGHT="43" HPOS="319" ID="ST_520.1.4.1" STYLEREFS="Style_3" VPOS="554" WIDTH="164" WC="0.89" CC="000000000" TAGREFS=""/>
          </TextLine>
        </TextBlock>
        <TextBlock HEIGHT="33.0" HPOS="319.0" ID="BL_520.2" TAGREFS="b520-1" VPOS="266.0" WIDTH="68.0">
          <TextLine HEIGHT="33" HPOS="319" ID="TL_520.2.1" VPOS="266" WIDTH="68">
            <String CONTENT="486" HEIGHT="33" HPOS="319" ID="ST_520.2.1.1" STYLEREFS="Style_3" VPOS="266" WIDTH="68" WC="1.00" CC="000" TAGREFS=""/>
          </TextLine>
        </TextBlock>
        <TextBlock HEIGHT="97.0" HPOS="320.0" ID="BL_520.4" TAGREFS="b520-6" VPOS="630.0" WIDTH="1211.0">
          <TextLine HEIGHT="45" HPOS="410" ID="TL_520.4.1" VPOS="630" WIDTH="1121">
            <String CONTENT="Ark." HEIGHT="34" HPOS="410" ID="ST_520.4.1.1" STYLEREFS="Style_3" VPOS="633" WIDTH="85" WC="0.92" CC="0000" TAGREFS=""/>
            <SP HPOS="495" ID="SP_520.4.1.2" VPOS="633" WIDTH="25"/>
            <String CONTENT="Stat." HEIGHT="34" HPOS="520" ID="ST_520.4.1.3" STYLEREFS="Style_3" VPOS="633" WIDTH="89" WC="1.00" CC="00000" TAGREFS=""/>
            <SP HPOS="609" ID="SP_520.4.1.4" VPOS="633" WIDTH="24"/>
            <String CONTENT="Ann." HEIGHT="33" HPOS="633" ID="ST_520.4.1.5" STYLEREFS="Style_3" VPOS="633" WIDTH="92" WC="0.94" CC="0000" TAGREFS=""/>
            <SP HPOS="725" ID="SP_520.4.1.6" VPOS="632" WIDTH="27"/>
            <String CONTENT="§" HEIGHT="43" HPOS="752" ID="ST_520.4.1.7" STYLEREFS="Style_3" VPOS="632" WIDTH="17" WC="0.86" CC="0" TAGREFS=""/>
            <SP HPOS="769" ID="SP_520.4.1.8" VPOS="632" WIDTH="25"/>
            <String CONTENT="43-2829" HEIGHT="34" HPOS="794" ID="ST_520.4.1.9" STYLEREFS="Style_3" VPOS="632" WIDTH="154" WC="0.97" CC="0000000" TAGREFS=""/>
            <SP HPOS="948" ID="SP_520.4.1.10" VPOS="632" WIDTH="25"/>
            <String CONTENT="D." HEIGHT="33" HPOS="973" ID="ST_520.4.1.11" STYLEREFS="Style_3" VPOS="632" WIDTH="43" WC="0.85" CC="00" TAGREFS=""/>
            <SP HPOS="1016" ID="SP_520.4.1.12" VPOS="631" WIDTH="27"/>
            <String CONTENT="(Repl." HEIGHT="43" HPOS="1043" ID="ST_520.4.1.13" STYLEREFS="Style_3" VPOS="631" WIDTH="116" WC="1.00" CC="000000" TAGREFS=""/>
            <SP HPOS="1159" ID="SP_520.4.1.14" VPOS="630" WIDTH="28"/>
            <String CONTENT="1977)" HEIGHT="43" HPOS="1187" ID="ST_520.4.1.15" STYLEREFS="Style_3" VPOS="630" WIDTH="104" WC="1.00" CC="00000" TAGREFS=""/>
            <SP HPOS="1291" ID="SP_520.4.1.16" VPOS="630" WIDTH="26"/>
            <String CONTENT="provides" HEIGHT="43" HPOS="1317" ID="ST_520.4.1.17" STYLEREFS="Style_3" VPOS="630" WIDTH="157" WC="0.89" CC="00000000" TAGREFS=""/>
            <SP HPOS="1474" ID="SP_520.4.1.18" VPOS="630" WIDTH="23"/>
            <String CONTENT="in" HEIGHT="33" HPOS="1497" ID="ST_520.4.1.19" STYLEREFS="Style_3" VPOS="630" WIDTH="34" WC="0.82" CC="00" TAGREFS=""/>
          </TextLine>
          <TextLine HEIGHT="44" HPOS="320" ID="TL_520.4.2" VPOS="683" WIDTH="279">
            <String CONTENT="pertinent" HEIGHT="44" HPOS="320" ID="ST_520.4.2.1" STYLEREFS="Style_3" VPOS="683" WIDTH="172" WC="0.91" CC="000000000" TAGREFS=""/>
            <SP HPOS="492" ID="SP_520.4.2.2" VPOS="687" WIDTH="20"/>
            <String CONTENT="part:" HEIGHT="39" HPOS="512" ID="ST_520.4.2.3" STYLEREFS="Style_3" VPOS="687" WIDTH="87" WC="0.99" CC="00000" TAGREFS=""/>
          </TextLine>
        </TextBlock>
        <TextBlock HEIGHT="442.0" HPOS="443.0" ID="BL_520.5" TAGREFS="b520-7" VPOS="758.0" WIDTH="1090.0">
          <TextLine HEIGHT="47" HPOS="443" ID="TL_520.5.1" VPOS="758" WIDTH="1089">
            <String CONTENT="Any" HEIGHT="42" HPOS="443" ID="ST_520.5.1.1" STYLEREFS="Style_3" VPOS="763" WIDTH="81" WC="0.89" CC="000" TAGREFS=""/>
            <SP HPOS="524" ID="SP_520.5.1.2" VPOS="772" WIDTH="28"/>
            <String CONTENT="person" HEIGHT="33" HPOS="552" ID="ST_520.5.1.3" STYLEREFS="Style_3" VPOS="772" WIDTH="123" WC="1.00" CC="000000" TAGREFS=""/>
            <SP HPOS="675" ID="SP_520.5.1.4" VPOS="760" WIDTH="29"/>
            <String CONTENT="found" HEIGHT="35" HPOS="704" ID="ST_520.5.1.5" STYLEREFS="Style_3" VPOS="760" WIDTH="108" WC="0.97" CC="00000" TAGREFS=""/>
            <SP HPOS="812" ID="SP_520.5.1.6" VPOS="760" WIDTH="29"/>
            <String CONTENT="guilty" HEIGHT="43" HPOS="841" ID="ST_520.5.1.7" STYLEREFS="Style_3" VPOS="760" WIDTH="110" WC="0.94" CC="000000" TAGREFS=""/>
            <SP HPOS="951" ID="SP_520.5.1.8" VPOS="759" WIDTH="29"/>
            <String CONTENT="of" HEIGHT="35" HPOS="980" ID="ST_520.5.1.9" STYLEREFS="Style_3" VPOS="759" WIDTH="39" WC="1.00" CC="00" TAGREFS=""/>
            <SP HPOS="1019" ID="SP_520.5.1.10" VPOS="771" WIDTH="26"/>
            <String CONTENT="a" HEIGHT="23" HPOS="1045" ID="ST_520.5.1.11" STYLEREFS="Style_3" VPOS="771" WIDTH="20" WC="1.00" CC="0" TAGREFS=""/>
            <SP HPOS="1065" ID="SP_520.5.1.12" VPOS="759" WIDTH="29"/>
            <String CONTENT="felony" HEIGHT="44" HPOS="1094" ID="ST_520.5.1.13" STYLEREFS="Style_3" VPOS="759" WIDTH="116" WC="0.86" CC="000000" TAGREFS=""/>
            <SP HPOS="1210" ID="SP_520.5.1.14" VPOS="759" WIDTH="29"/>
            <String CONTENT="and" HEIGHT="35" HPOS="1239" ID="ST_520.5.1.15" STYLEREFS="Style_3" VPOS="759" WIDTH="69" WC="0.81" CC="000" TAGREFS=""/>
            <SP HPOS="1308" ID="SP_520.5.1.16" VPOS="758" WIDTH="29"/>
            <String CONTENT="placed" HEIGHT="45" HPOS="1337" ID="ST_520.5.1.17" STYLEREFS="Style_3" VPOS="758" WIDTH="122" WC="1.00" CC="000000" TAGREFS=""/>
            <SP HPOS="1459" ID="SP_520.5.1.18" VPOS="769" WIDTH="29"/>
            <String CONTENT="on" HEIGHT="23" HPOS="1488" ID="ST_520.5.1.19" STYLEREFS="Style_3" VPOS="769" WIDTH="44" WC="0.76" CC="00" TAGREFS=""/>
          </TextLine>
          <TextLine HEIGHT="47" HPOS="443" ID="TL_520.5.2" VPOS="807" WIDTH="1088">
            <String CONTENT="probation" HEIGHT="44" HPOS="443" ID="ST_520.5.2.1" STYLEREFS="Style_3" VPOS="810" WIDTH="182" WC="0.94" CC="000000000" TAGREFS=""/>
            <SP HPOS="625" ID="SP_520.5.2.2" VPOS="821" WIDTH="19"/>
            <String CONTENT="or" HEIGHT="23" HPOS="644" ID="ST_520.5.2.3" STYLEREFS="Style_3" VPOS="821" WIDTH="38" WC="1.00" CC="00" TAGREFS=""/>
            <SP HPOS="682" ID="SP_520.5.2.4" VPOS="809" WIDTH="18"/>
            <String CONTENT="suspended" HEIGHT="44" HPOS="700" ID="ST_520.5.2.5" STYLEREFS="Style_3" VPOS="809" WIDTH="194" WC="0.92" CC="000000000" TAGREFS=""/>
            <SP HPOS="894" ID="SP_520.5.2.6" VPOS="814" WIDTH="18"/>
            <String CONTENT="sentence" HEIGHT="29" HPOS="912" ID="ST_520.5.2.7" STYLEREFS="Style_3" VPOS="814" WIDTH="162" WC="0.90" CC="00000000" TAGREFS=""/>
            <SP HPOS="1074" ID="SP_520.5.2.8" VPOS="808" WIDTH="17"/>
            <String CONTENT="therefor," HEIGHT="40" HPOS="1091" ID="ST_520.5.2.9" STYLEREFS="Style_3" VPOS="808" WIDTH="163" WC="0.97" CC="000000000" TAGREFS=""/>
            <SP HPOS="1254" ID="SP_520.5.2.10" VPOS="808" WIDTH="19"/>
            <String CONTENT="who" HEIGHT="34" HPOS="1273" ID="ST_520.5.2.11" STYLEREFS="Style_3" VPOS="808" WIDTH="77" WC="1.00" CC="000" TAGREFS=""/>
            <SP HPOS="1350" ID="SP_520.5.2.12" VPOS="807" WIDTH="19"/>
            <String CONTENT="is" HEIGHT="35" HPOS="1369" ID="ST_520.5.2.13" STYLEREFS="Style_3" VPOS="807" WIDTH="28" WC="0.71" CC="00" TAGREFS=""/>
            <SP HPOS="1397" ID="SP_520.5.2.14" VPOS="807" WIDTH="18"/>
            <String CONTENT="subse-" HEIGHT="35" HPOS="1415" ID="ST_520.5.2.15" STYLEREFS="Style_3" VPOS="807" WIDTH="116" WC="0.97" CC="000000" TAGREFS=""/>
          </TextLine>
          <TextLine HEIGHT="46" HPOS="443" ID="TL_520.5.3" VPOS="857" WIDTH="1089">
            <String CONTENT="quently" HEIGHT="43" HPOS="443" ID="ST_520.5.3.1" STYLEREFS="Style_3" VPOS="860" WIDTH="143" WC="0.93" CC="0000000" TAGREFS=""/>
            <SP HPOS="586" ID="SP_520.5.3.2" VPOS="859" WIDTH="10"/>
            <String CONTENT="found" HEIGHT="34" HPOS="596" ID="ST_520.5.3.3" STYLEREFS="Style_3" VPOS="859" WIDTH="108" WC="1.00" CC="00000" TAGREFS=""/>
            <SP HPOS="704" ID="SP_520.5.3.4" VPOS="859" WIDTH="11"/>
            <String CONTENT="guilty" HEIGHT="43" HPOS="715" ID="ST_520.5.3.5" STYLEREFS="Style_3" VPOS="859" WIDTH="110" WC="0.96" CC="000000" TAGREFS=""/>
            <SP HPOS="825" ID="SP_520.5.3.6" VPOS="858" WIDTH="10"/>
            <String CONTENT="of" HEIGHT="35" HPOS="835" ID="ST_520.5.3.7" STYLEREFS="Style_3" VPOS="858" WIDTH="39" WC="1.00" CC="00" TAGREFS=""/>
            <SP HPOS="874" ID="SP_520.5.3.8" VPOS="858" WIDTH="8"/>
            <String CONTENT="another" HEIGHT="35" HPOS="882" ID="ST_520.5.3.9" STYLEREFS="Style_3" VPOS="858" WIDTH="145" WC="0.92" CC="0000000" TAGREFS=""/>
            <SP HPOS="1027" ID="SP_520.5.3.10" VPOS="858" WIDTH="10"/>
            <String CONTENT="felony" HEIGHT="43" HPOS="1037" ID="ST_520.5.3.11" STYLEREFS="Style_3" VPOS="858" WIDTH="116" WC="0.81" CC="000000" TAGREFS=""/>
            <SP HPOS="1153" ID="SP_520.5.3.12" VPOS="857" WIDTH="10"/>
            <String CONTENT="committed" HEIGHT="35" HPOS="1163" ID="ST_520.5.3.13" STYLEREFS="Style_3" VPOS="857" WIDTH="204" WC="0.96" CC="000000000" TAGREFS=""/>
            <SP HPOS="1367" ID="SP_520.5.3.14" VPOS="857" WIDTH="10"/>
            <String CONTENT="while" HEIGHT="34" HPOS="1377" ID="ST_520.5.3.15" STYLEREFS="Style_3" VPOS="857" WIDTH="101" WC="0.91" CC="00000" TAGREFS=""/>
            <SP HPOS="1478" ID="SP_520.5.3.16" VPOS="867" WIDTH="10"/>
            <String CONTENT="on" HEIGHT="24" HPOS="1488" ID="ST_520.5.3.17" STYLEREFS="Style_3" VPOS="867" WIDTH="44" WC="0.67" CC="00" TAGREFS=""/>
          </TextLine>
          <TextLine HEIGHT="47" HPOS="444" ID="TL_520.5.4" VPOS="906" WIDTH="1089">
            <String CONTENT="probation" HEIGHT="44" HPOS="444" ID="ST_520.5.4.1" STYLEREFS="Style_3" VPOS="909" WIDTH="181" WC="0.94" CC="000000000" TAGREFS=""/>
            <SP HPOS="625" ID="SP_520.5.4.2" VPOS="919" WIDTH="10"/>
            <String CONTENT="or" HEIGHT="23" HPOS="635" ID="ST_520.5.4.3" STYLEREFS="Style_3" VPOS="919" WIDTH="38" WC="1.00" CC="00" TAGREFS=""/>
            <SP HPOS="673" ID="SP_520.5.4.4" VPOS="907" WIDTH="9"/>
            <String CONTENT="suspended" HEIGHT="44" HPOS="682" ID="ST_520.5.4.5" STYLEREFS="Style_3" VPOS="907" WIDTH="194" WC="0.91" CC="000000000" TAGREFS=""/>
            <SP HPOS="876" ID="SP_520.5.4.6" VPOS="912" WIDTH="9"/>
            <String CONTENT="sentence," HEIGHT="36" HPOS="885" ID="ST_520.5.4.7" STYLEREFS="Style_3" VPOS="912" WIDTH="172" WC="0.90" CC="000000000" TAGREFS=""/>
            <SP HPOS="1057" ID="SP_520.5.4.8" VPOS="907" WIDTH="10"/>
            <String CONTENT="shall" HEIGHT="34" HPOS="1067" ID="ST_520.5.4.9" STYLEREFS="Style_3" VPOS="907" WIDTH="88" WC="0.89" CC="00000" TAGREFS=""/>
            <SP HPOS="1155" ID="SP_520.5.4.10" VPOS="907" WIDTH="10"/>
            <String CONTENT="be" HEIGHT="34" HPOS="1165" ID="ST_520.5.4.11" STYLEREFS="Style_3" VPOS="907" WIDTH="43" WC="1.00" CC="00" TAGREFS=""/>
            <SP HPOS="1208" ID="SP_520.5.4.12" VPOS="906" WIDTH="8"/>
            <String CONTENT="committed" HEIGHT="35" HPOS="1216" ID="ST_520.5.4.13" STYLEREFS="Style_3" VPOS="906" WIDTH="204" WC="1.00" CC="000000000" TAGREFS=""/>
            <SP HPOS="1420" ID="SP_520.5.4.14" VPOS="911" WIDTH="9"/>
            <String CONTENT="to" HEIGHT="29" HPOS="1429" ID="ST_520.5.4.15" STYLEREFS="Style_3" VPOS="911" WIDTH="36" WC="1.00" CC="00" TAGREFS=""/>
            <SP HPOS="1465" ID="SP_520.5.4.16" VPOS="906" WIDTH="9"/>
            <String CONTENT="the" HEIGHT="34" HPOS="1474" ID="ST_520.5.4.17" STYLEREFS="Style_3" VPOS="906" WIDTH="59" WC="0.96" CC="000" TAGREFS=""/>
          </TextLine>
          <TextLine HEIGHT="47" HPOS="444" ID="TL_520.5.5" VPOS="955" WIDTH="1088">
            <String CONTENT="Department" HEIGHT="43" HPOS="444" ID="ST_520.5.5.1" STYLEREFS="Style_3" VPOS="959" WIDTH="230" WC="0.96" CC="0000000000" TAGREFS=""/>
            <SP HPOS="674" ID="SP_520.5.5.2" VPOS="958" WIDTH="18"/>
            <String CONTENT="of" HEIGHT="34" HPOS="692" ID="ST_520.5.5.3" STYLEREFS="Style_3" VPOS="958" WIDTH="39" WC="1.00" CC="00" TAGREFS=""/>
            <SP HPOS="731" ID="SP_520.5.5.4" VPOS="957" WIDTH="16"/>
            <String CONTENT="Correction" HEIGHT="35" HPOS="747" ID="ST_520.5.5.5" STYLEREFS="Style_3" VPOS="957" WIDTH="203" WC="0.98" CC="0000000000" TAGREFS=""/>
            <SP HPOS="950" ID="SP_520.5.5.6" VPOS="962" WIDTH="18"/>
            <String CONTENT="to" HEIGHT="29" HPOS="968" ID="ST_520.5.5.7" STYLEREFS="Style_3" VPOS="962" WIDTH="36" WC="1.00" CC="00" TAGREFS=""/>
            <SP HPOS="1004" ID="SP_520.5.5.8" VPOS="968" WIDTH="18"/>
            <String CONTENT="serve" HEIGHT="23" HPOS="1022" ID="ST_520.5.5.9" STYLEREFS="Style_3" VPOS="968" WIDTH="95" WC="0.97" CC="00000" TAGREFS=""/>
            <SP HPOS="1117" ID="SP_520.5.5.10" VPOS="957" WIDTH="19"/>
            <String CONTENT="the" HEIGHT="34" HPOS="1136" ID="ST_520.5.5.11" STYLEREFS="Style_3" VPOS="957" WIDTH="59" WC="0.75" CC="000" TAGREFS=""/>
            <SP HPOS="1195" ID="SP_520.5.5.12" VPOS="956" WIDTH="17"/>
            <String CONTENT="remainder" HEIGHT="34" HPOS="1212" ID="ST_520.5.5.13" STYLEREFS="Style_3" VPOS="956" WIDTH="196" WC="0.92" CC="000000000" TAGREFS=""/>
            <SP HPOS="1408" ID="SP_520.5.5.14" VPOS="955" WIDTH="18"/>
            <String CONTENT="of" HEIGHT="35" HPOS="1426" ID="ST_520.5.5.15" STYLEREFS="Style_3" VPOS="955" WIDTH="39" WC="1.00" CC="00" TAGREFS=""/>
            <SP HPOS="1465" ID="SP_520.5.5.16" VPOS="955" WIDTH="15"/>
            <String CONTENT="his" HEIGHT="35" HPOS="1480" ID="ST_520.5.5.17" STYLEREFS="Style_3" VPOS="955" WIDTH="52" WC="0.77" CC="000" TAGREFS=""/>
          </TextLine>
          <TextLine HEIGHT="47" HPOS="444" ID="TL_520.5.6" VPOS="1005" WIDTH="1089">
            <String CONTENT="suspended" HEIGHT="45" HPOS="444" ID="ST_520.5.6.1" STYLEREFS="Style_3" VPOS="1007" WIDTH="193" WC="0.98" CC="000000000" TAGREFS=""/>
            <SP HPOS="637" ID="SP_520.5.6.2" VPOS="1012" WIDTH="25"/>
            <String CONTENT="sentence" HEIGHT="30" HPOS="662" ID="ST_520.5.6.3" STYLEREFS="Style_3" VPOS="1012" WIDTH="161" WC="0.95" CC="00000000" TAGREFS=""/>
            <SP HPOS="823" ID="SP_520.5.6.4" VPOS="1007" WIDTH="24"/>
            <String CONTENT="plus" HEIGHT="44" HPOS="847" ID="ST_520.5.6.5" STYLEREFS="Style_3" VPOS="1007" WIDTH="76" WC="0.95" CC="0000" TAGREFS=""/>
            <SP HPOS="923" ID="SP_520.5.6.6" VPOS="1006" WIDTH="25"/>
            <String CONTENT="the" HEIGHT="35" HPOS="948" ID="ST_520.5.6.7" STYLEREFS="Style_3" VPOS="1006" WIDTH="59" WC="0.86" CC="000" TAGREFS=""/>
            <SP HPOS="1007" ID="SP_520.5.6.8" VPOS="1011" WIDTH="24"/>
            <String CONTENT="sentence" HEIGHT="30" HPOS="1031" ID="ST_520.5.6.9" STYLEREFS="Style_3" VPOS="1011" WIDTH="161" WC="0.97" CC="00000000" TAGREFS=""/>
            <SP HPOS="1192" ID="SP_520.5.6.10" VPOS="1005" WIDTH="24"/>
            <String CONTENT="imposed" HEIGHT="45" HPOS="1216" ID="ST_520.5.6.11" STYLEREFS="Style_3" VPOS="1005" WIDTH="156" WC="0.97" CC="0000000" TAGREFS=""/>
            <SP HPOS="1372" ID="SP_520.5.6.12" VPOS="1005" WIDTH="24"/>
            <String CONTENT="for" HEIGHT="35" HPOS="1396" ID="ST_520.5.6.13" STYLEREFS="Style_3" VPOS="1005" WIDTH="54" WC="0.72" CC="000" TAGREFS=""/>
            <SP HPOS="1450" ID="SP_520.5.6.14" VPOS="1005" WIDTH="24"/>
            <String CONTENT="the" HEIGHT="35" HPOS="1474" ID="ST_520.5.6.15" STYLEREFS="Style_3" VPOS="1005" WIDTH="59" WC="1.00" CC="000" TAGREFS=""/>
          </TextLine>
          <TextLine HEIGHT="47" HPOS="444" ID="TL_520.5.7" VPOS="1055" WIDTH="1088">
            <String CONTENT="subsequent" HEIGHT="44" HPOS="444" ID="ST_520.5.7.1" STYLEREFS="Style_3" VPOS="1058" WIDTH="210" WC="0.91" CC="0000000000" TAGREFS=""/>
            <SP HPOS="654" ID="SP_520.5.7.2" VPOS="1057" WIDTH="18"/>
            <String CONTENT="felony." HEIGHT="44" HPOS="672" ID="ST_520.5.7.3" STYLEREFS="Style_3" VPOS="1057" WIDTH="126" WC="0.93" CC="0000000" TAGREFS=""/>
            <SP HPOS="798" ID="SP_520.5.7.4" VPOS="1057" WIDTH="21"/>
            <String CONTENT="The" HEIGHT="34" HPOS="819" ID="ST_520.5.7.5" STYLEREFS="Style_3" VPOS="1057" WIDTH="74" WC="1.00" CC="000" TAGREFS=""/>
            <SP HPOS="893" ID="SP_520.5.7.6" VPOS="1062" WIDTH="18"/>
            <String CONTENT="sentence" HEIGHT="29" HPOS="911" ID="ST_520.5.7.7" STYLEREFS="Style_3" VPOS="1062" WIDTH="162" WC="0.90" CC="00000000" TAGREFS=""/>
            <SP HPOS="1073" ID="SP_520.5.7.8" VPOS="1055" WIDTH="19"/>
            <String CONTENT="imposed" HEIGHT="45" HPOS="1092" ID="ST_520.5.7.9" STYLEREFS="Style_3" VPOS="1055" WIDTH="155" WC="0.95" CC="0000000" TAGREFS=""/>
            <SP HPOS="1247" ID="SP_520.5.7.10" VPOS="1055" WIDTH="19"/>
            <String CONTENT="for" HEIGHT="35" HPOS="1266" ID="ST_520.5.7.11" STYLEREFS="Style_3" VPOS="1055" WIDTH="53" WC="1.00" CC="000" TAGREFS=""/>
            <SP HPOS="1319" ID="SP_520.5.7.12" VPOS="1055" WIDTH="19"/>
            <String CONTENT="the" HEIGHT="35" HPOS="1338" ID="ST_520.5.7.13" STYLEREFS="Style_3" VPOS="1055" WIDTH="59" WC="0.90" CC="000" TAGREFS=""/>
            <SP HPOS="1397" ID="SP_520.5.7.14" VPOS="1055" WIDTH="19"/>
            <String CONTENT="subse-" HEIGHT="35" HPOS="1416" ID="ST_520.5.7.15" STYLEREFS="Style_3" VPOS="1055" WIDTH="116" WC="0.91" CC="000000" TAGREFS=""/>
          </TextLine>
          <TextLine HEIGHT="47" HPOS="444" ID="TL_520.5.8" VPOS="1105" WIDTH="1088">
            <String CONTENT="quent" HEIGHT="39" HPOS="444" ID="ST_520.5.8.1" STYLEREFS="Style_3" VPOS="1113" WIDTH="106" WC="0.80" CC="00000" TAGREFS=""/>
            <SP HPOS="550" ID="SP_520.5.8.2" VPOS="1107" WIDTH="11"/>
            <String CONTENT="felony" HEIGHT="44" HPOS="561" ID="ST_520.5.8.3" STYLEREFS="Style_3" VPOS="1107" WIDTH="116" WC="0.93" CC="000000" TAGREFS=""/>
            <SP HPOS="677" ID="SP_520.5.8.4" VPOS="1107" WIDTH="10"/>
            <String CONTENT="is" HEIGHT="34" HPOS="687" ID="ST_520.5.8.5" STYLEREFS="Style_3" VPOS="1107" WIDTH="28" WC="1.00" CC="00" TAGREFS=""/>
            <SP HPOS="715" ID="SP_520.5.8.6" VPOS="1112" WIDTH="11"/>
            <String CONTENT="to" HEIGHT="29" HPOS="726" ID="ST_520.5.8.7" STYLEREFS="Style_3" VPOS="1112" WIDTH="36" WC="1.00" CC="00" TAGREFS=""/>
            <SP HPOS="762" ID="SP_520.5.8.8" VPOS="1107" WIDTH="11"/>
            <String CONTENT="be" HEIGHT="34" HPOS="773" ID="ST_520.5.8.9" STYLEREFS="Style_3" VPOS="1107" WIDTH="43" WC="1.00" CC="00" TAGREFS=""/>
            <SP HPOS="816" ID="SP_520.5.8.10" VPOS="1106" WIDTH="10"/>
            <String CONTENT="served" HEIGHT="35" HPOS="826" ID="ST_520.5.8.11" STYLEREFS="Style_3" VPOS="1106" WIDTH="119" WC="0.94" CC="000000" TAGREFS=""/>
            <SP HPOS="945" ID="SP_520.5.8.12" VPOS="1105" WIDTH="11"/>
            <String CONTENT="consecutively" HEIGHT="44" HPOS="956" ID="ST_520.5.8.13" STYLEREFS="Style_4" VPOS="1105" WIDTH="255" WC="0.95" CC="0000000000000" TAGREFS=""/>
            <SP HPOS="1211" ID="SP_520.5.8.14" VPOS="1106" WIDTH="10"/>
            <String CONTENT="with" HEIGHT="34" HPOS="1221" ID="ST_520.5.8.15" STYLEREFS="Style_3" VPOS="1106" WIDTH="83" WC="0.92" CC="0000" TAGREFS=""/>
            <SP HPOS="1304" ID="SP_520.5.8.16" VPOS="1105" WIDTH="11"/>
            <String CONTENT="the" HEIGHT="34" HPOS="1315" ID="ST_520.5.8.17" STYLEREFS="Style_3" VPOS="1105" WIDTH="59" WC="0.97" CC="000" TAGREFS=""/>
            <SP HPOS="1374" ID="SP_520.5.8.18" VPOS="1105" WIDTH="10"/>
            <String CONTENT="remain-" HEIGHT="34" HPOS="1384" ID="ST_520.5.8.19" STYLEREFS="Style_3" VPOS="1105" WIDTH="148" WC="0.93" CC="0000000" TAGREFS=""/>
          </TextLine>
          <TextLine HEIGHT="44" HPOS="444" ID="TL_520.5.9" VPOS="1156" WIDTH="600">
            <String CONTENT="der" HEIGHT="35" HPOS="444" ID="ST_520.5.9.1" STYLEREFS="Style_3" VPOS="1157" WIDTH="60" WC="1.00" CC="000" TAGREFS=""/>
            <SP HPOS="504" ID="SP_520.5.9.2" VPOS="1157" WIDTH="20"/>
            <String CONTENT="of" HEIGHT="34" HPOS="524" ID="ST_520.5.9.3" STYLEREFS="Style_3" VPOS="1157" WIDTH="40" WC="1.00" CC="00" TAGREFS=""/>
            <SP HPOS="564" ID="SP_520.5.9.4" VPOS="1157" WIDTH="16"/>
            <String CONTENT="the" HEIGHT="34" HPOS="580" ID="ST_520.5.9.5" STYLEREFS="Style_3" VPOS="1157" WIDTH="59" WC="1.00" CC="000" TAGREFS=""/>
            <SP HPOS="639" ID="SP_520.5.9.6" VPOS="1156" WIDTH="20"/>
            <String CONTENT="suspended" HEIGHT="44" HPOS="659" ID="ST_520.5.9.7" STYLEREFS="Style_3" VPOS="1156" WIDTH="193" WC="0.97" CC="000000000" TAGREFS=""/>
            <SP HPOS="852" ID="SP_520.5.9.8" VPOS="1161" WIDTH="21"/>
            <String CONTENT="sentence." HEIGHT="29" HPOS="873" ID="ST_520.5.9.9" STYLEREFS="Style_3" VPOS="1161" WIDTH="171" WC="0.99" CC="000000000" TAGREFS=""/>
          </TextLine>
        </TextBlock>
        <TextBlock HEIGHT="45.0" HPOS="322.0" ID="BL_520.6" TAGREFS="b520-8" VPOS="1236.0" WIDTH="349.0">
          <TextLine HEIGHT="45" HPOS="322" ID="TL_520.6.1" VPOS="1236" WIDTH="349">
            <String CONTENT="(Emphasis" HEIGHT="44" HPOS="322" ID="ST_520.6.1.1" STYLEREFS="Style_3" VPOS="1237" WIDTH="200" WC="1.00" CC="000000000" TAGREFS=""/>
            <SP HPOS="522" ID="SP_520.6.1.2" VPOS="1236" WIDTH="21"/>
            <String CONTENT="added)" HEIGHT="43" HPOS="543" ID="ST_520.6.1.3" STYLEREFS="Style_3" VPOS="1236" WIDTH="128" WC="1.00" CC="000000" TAGREFS=""/>
          </TextLine>
        </TextBlock>
        <TextBlock HEIGHT="45.0" HPOS="410.0" ID="BL_520.7" TAGREFS="b520-9" VPOS="1313.0" WIDTH="1046.0">
          <TextLine HEIGHT="45" HPOS="410" ID="TL_520.7.1" VPOS="1313" WIDTH="1046">
            <String CONTENT="Ark." HEIGHT="34" HPOS="410" ID="ST_520.7.1.1" STYLEREFS="Style_3" VPOS="1316" WIDTH="85" WC="1.00" CC="0000" TAGREFS=""/>
            <SP HPOS="495" ID="SP_520.7.1.2" VPOS="1315" WIDTH="22"/>
            <String CONTENT="Stat." HEIGHT="35" HPOS="517" ID="ST_520.7.1.3" STYLEREFS="Style_3" VPOS="1315" WIDTH="89" WC="1.00" CC="00000" TAGREFS=""/>
            <SP HPOS="606" ID="SP_520.7.1.4" VPOS="1316" WIDTH="22"/>
            <String CONTENT="Ann." HEIGHT="33" HPOS="628" ID="ST_520.7.1.5" STYLEREFS="Style_3" VPOS="1316" WIDTH="91" WC="0.88" CC="0000" TAGREFS=""/>
            <SP HPOS="719" ID="SP_520.7.1.6" VPOS="1315" WIDTH="24"/>
            <String CONTENT="§" HEIGHT="42" HPOS="743" ID="ST_520.7.1.7" STYLEREFS="Style_3" VPOS="1315" WIDTH="18" WC="0.85" CC="0" TAGREFS=""/>
            <SP HPOS="761" ID="SP_520.7.1.8" VPOS="1316" WIDTH="22"/>
            <String CONTENT="43-2829" HEIGHT="33" HPOS="783" ID="ST_520.7.1.9" STYLEREFS="Style_3" VPOS="1316" WIDTH="154" WC="0.97" CC="0000000" TAGREFS=""/>
            <SP HPOS="937" ID="SP_520.7.1.10" VPOS="1315" WIDTH="22"/>
            <String CONTENT="E." HEIGHT="34" HPOS="959" ID="ST_520.7.1.11" STYLEREFS="Style_3" VPOS="1315" WIDTH="38" WC="1.00" CC="00" TAGREFS=""/>
            <SP HPOS="997" ID="SP_520.7.1.12" VPOS="1314" WIDTH="23"/>
            <String CONTENT="(Repl." HEIGHT="44" HPOS="1020" ID="ST_520.7.1.13" STYLEREFS="Style_3" VPOS="1314" WIDTH="117" WC="0.97" CC="000000" TAGREFS=""/>
            <SP HPOS="1137" ID="SP_520.7.1.14" VPOS="1313" WIDTH="26"/>
            <String CONTENT="1977)" HEIGHT="43" HPOS="1163" ID="ST_520.7.1.15" STYLEREFS="Style_3" VPOS="1313" WIDTH="103" WC="0.97" CC="00000" TAGREFS=""/>
            <SP HPOS="1266" ID="SP_520.7.1.16" VPOS="1313" WIDTH="24"/>
            <String CONTENT="provides:" HEIGHT="44" HPOS="1290" ID="ST_520.7.1.17" STYLEREFS="Style_3" VPOS="1313" WIDTH="166" WC="0.92" CC="000000000" TAGREFS=""/>
          </TextLine>
        </TextBlock>
        <TextBlock HEIGHT="185.0" HPOS="444.0" ID="BL_520.8" TAGREFS="b520-10" VPOS="1394.0" WIDTH="1089.0">
          <TextLine HEIGHT="44" HPOS="536" ID="TL_520.8.1" VPOS="1394" WIDTH="996">
            <String CONTENT="For" HEIGHT="34" HPOS="536" ID="ST_520.8.1.1" STYLEREFS="Style_3" VPOS="1395" WIDTH="65" WC="1.00" CC="000" TAGREFS=""/>
            <SP HPOS="601" ID="SP_520.8.1.2" VPOS="1394" WIDTH="12"/>
            <String CONTENT="parole" HEIGHT="44" HPOS="613" ID="ST_520.8.1.3" STYLEREFS="Style_3" VPOS="1394" WIDTH="118" WC="1.00" CC="000000" TAGREFS=""/>
            <SP HPOS="731" ID="SP_520.8.1.4" VPOS="1394" WIDTH="12"/>
            <String CONTENT="eligibility" HEIGHT="43" HPOS="743" ID="ST_520.8.1.5" STYLEREFS="Style_3" VPOS="1394" WIDTH="181" WC="0.95" CC="00000000000" TAGREFS=""/>
            <SP HPOS="924" ID="SP_520.8.1.6" VPOS="1404" WIDTH="12"/>
            <String CONTENT="purposes," HEIGHT="33" HPOS="936" ID="ST_520.8.1.7" STYLEREFS="Style_3" VPOS="1404" WIDTH="175" WC="0.99" CC="000000000" TAGREFS=""/>
            <SP HPOS="1111" ID="SP_520.8.1.8" VPOS="1395" WIDTH="14"/>
            <String CONTENT="consecutive" HEIGHT="32" HPOS="1125" ID="ST_520.8.1.9" STYLEREFS="Style_4" VPOS="1395" WIDTH="218" WC="0.97" CC="00000000000" TAGREFS=""/>
            <SP HPOS="1343" ID="SP_520.8.1.10" VPOS="1397" WIDTH="12"/>
            <String CONTENT="sentences" HEIGHT="29" HPOS="1355" ID="ST_520.8.1.11" STYLEREFS="Style_3" VPOS="1397" WIDTH="177" WC="0.91" CC="000000000" TAGREFS=""/>
          </TextLine>
          <TextLine HEIGHT="46" HPOS="444" ID="TL_520.8.2" VPOS="1442" WIDTH="1089">
            <String CONTENT="by" HEIGHT="44" HPOS="444" ID="ST_520.8.2.1" STYLEREFS="Style_3" VPOS="1444" WIDTH="45" WC="1.00" CC="00" TAGREFS=""/>
            <SP HPOS="489" ID="SP_520.8.2.2" VPOS="1455" WIDTH="13"/>
            <String CONTENT="one" HEIGHT="24" HPOS="502" ID="ST_520.8.2.3" STYLEREFS="Style_3" VPOS="1455" WIDTH="66" WC="0.85" CC="000" TAGREFS=""/>
            <SP HPOS="568" ID="SP_520.8.2.4" VPOS="1455" WIDTH="13"/>
            <String CONTENT="or" HEIGHT="23" HPOS="581" ID="ST_520.8.2.5" STYLEREFS="Style_3" VPOS="1455" WIDTH="37" WC="1.00" CC="00" TAGREFS=""/>
            <SP HPOS="618" ID="SP_520.8.2.6" VPOS="1455" WIDTH="14"/>
            <String CONTENT="more" HEIGHT="23" HPOS="632" ID="ST_520.8.2.7" STYLEREFS="Style_3" VPOS="1455" WIDTH="96" WC="1.00" CC="0000" TAGREFS=""/>
            <SP HPOS="728" ID="SP_520.8.2.8" VPOS="1449" WIDTH="13"/>
            <String CONTENT="courts," HEIGHT="35" HPOS="741" ID="ST_520.8.2.9" STYLEREFS="Style_3" VPOS="1449" WIDTH="126" WC="1.00" CC="0000000" TAGREFS=""/>
            <SP HPOS="867" ID="SP_520.8.2.10" VPOS="1454" WIDTH="15"/>
            <String CONTENT="or" HEIGHT="24" HPOS="882" ID="ST_520.8.2.11" STYLEREFS="Style_3" VPOS="1454" WIDTH="38" WC="0.84" CC="00" TAGREFS=""/>
            <SP HPOS="920" ID="SP_520.8.2.12" VPOS="1443" WIDTH="14"/>
            <String CONTENT="for" HEIGHT="34" HPOS="934" ID="ST_520.8.2.13" STYLEREFS="Style_3" VPOS="1443" WIDTH="54" WC="1.00" CC="000" TAGREFS=""/>
            <SP HPOS="988" ID="SP_520.8.2.14" VPOS="1454" WIDTH="13"/>
            <String CONTENT="one" HEIGHT="23" HPOS="1001" ID="ST_520.8.2.15" STYLEREFS="Style_3" VPOS="1454" WIDTH="65" WC="0.89" CC="000" TAGREFS=""/>
            <SP HPOS="1066" ID="SP_520.8.2.16" VPOS="1454" WIDTH="13"/>
            <String CONTENT="or" HEIGHT="23" HPOS="1079" ID="ST_520.8.2.17" STYLEREFS="Style_3" VPOS="1454" WIDTH="38" WC="1.00" CC="00" TAGREFS=""/>
            <SP HPOS="1117" ID="SP_520.8.2.18" VPOS="1453" WIDTH="14"/>
            <String CONTENT="more" HEIGHT="24" HPOS="1131" ID="ST_520.8.2.19" STYLEREFS="Style_3" VPOS="1453" WIDTH="96" WC="1.00" CC="0000" TAGREFS=""/>
            <SP HPOS="1227" ID="SP_520.8.2.20" VPOS="1448" WIDTH="13"/>
            <String CONTENT="counts," HEIGHT="35" HPOS="1240" ID="ST_520.8.2.21" STYLEREFS="Style_3" VPOS="1448" WIDTH="133" WC="0.84" CC="0000000" TAGREFS=""/>
            <SP HPOS="1373" ID="SP_520.8.2.22" VPOS="1442" WIDTH="15"/>
            <String CONTENT="shall" HEIGHT="35" HPOS="1388" ID="ST_520.8.2.23" STYLEREFS="Style_3" VPOS="1442" WIDTH="88" WC="0.93" CC="00000" TAGREFS=""/>
            <SP HPOS="1476" ID="SP_520.8.2.24" VPOS="1442" WIDTH="15"/>
            <String CONTENT="be" HEIGHT="34" HPOS="1491" ID="ST_520.8.2.25" STYLEREFS="Style_3" VPOS="1442" WIDTH="42" WC="1.00" CC="00" TAGREFS=""/>
          </TextLine>
          <TextLine HEIGHT="45" HPOS="444" ID="TL_520.8.3" VPOS="1492" WIDTH="1089">
            <String CONTENT="considered" HEIGHT="35" HPOS="444" ID="ST_520.8.3.1" STYLEREFS="Style_3" VPOS="1494" WIDTH="200" WC="0.97" CC="0000000000" TAGREFS=""/>
            <SP HPOS="644" ID="SP_520.8.3.2" VPOS="1505" WIDTH="13"/>
            <String CONTENT="as" HEIGHT="24" HPOS="657" ID="ST_520.8.3.3" STYLEREFS="Style_3" VPOS="1505" WIDTH="37" WC="1.00" CC="00" TAGREFS=""/>
            <SP HPOS="694" ID="SP_520.8.3.4" VPOS="1505" WIDTH="13"/>
            <String CONTENT="a" HEIGHT="24" HPOS="707" ID="ST_520.8.3.5" STYLEREFS="Style_3" VPOS="1505" WIDTH="21" WC="1.00" CC="0" TAGREFS=""/>
            <SP HPOS="728" ID="SP_520.8.3.6" VPOS="1494" WIDTH="12"/>
            <String CONTENT="single" HEIGHT="43" HPOS="740" ID="ST_520.8.3.7" STYLEREFS="Style_3" VPOS="1494" WIDTH="109" WC="1.00" CC="000000" TAGREFS=""/>
            <SP HPOS="849" ID="SP_520.8.3.8" VPOS="1493" WIDTH="11"/>
            <String CONTENT="commitment" HEIGHT="35" HPOS="860" ID="ST_520.8.3.9" STYLEREFS="Style_3" VPOS="1493" WIDTH="241" WC="0.97" CC="0000000000" TAGREFS=""/>
            <SP HPOS="1101" ID="SP_520.8.3.10" VPOS="1493" WIDTH="12"/>
            <String CONTENT="reflecting" HEIGHT="43" HPOS="1113" ID="ST_520.8.3.11" STYLEREFS="Style_3" VPOS="1493" WIDTH="177" WC="0.97" CC="0000000000" TAGREFS=""/>
            <SP HPOS="1290" ID="SP_520.8.3.12" VPOS="1492" WIDTH="13"/>
            <String CONTENT="the" HEIGHT="35" HPOS="1303" ID="ST_520.8.3.13" STYLEREFS="Style_3" VPOS="1492" WIDTH="59" WC="0.86" CC="000" TAGREFS=""/>
            <SP HPOS="1362" ID="SP_520.8.3.14" VPOS="1492" WIDTH="12"/>
            <String CONTENT="cumula-" HEIGHT="35" HPOS="1374" ID="ST_520.8.3.15" STYLEREFS="Style_4" VPOS="1492" WIDTH="159" WC="0.95" CC="0000000" TAGREFS=""/>
          </TextLine>
          <TextLine HEIGHT="36" HPOS="445" ID="TL_520.8.4" VPOS="1543" WIDTH="515">
            <String CONTENT="tive" HEIGHT="32" HPOS="445" ID="ST_520.8.4.1" STYLEREFS="Style_4" VPOS="1547" WIDTH="67" WC="0.88" CC="0000" TAGREFS=""/>
            <SP HPOS="512" ID="SP_520.8.4.2" VPOS="1549" WIDTH="20"/>
            <String CONTENT="sentence" HEIGHT="30" HPOS="532" ID="ST_520.8.4.3" STYLEREFS="Style_3" VPOS="1549" WIDTH="161" WC="0.85" CC="00000000" TAGREFS=""/>
            <SP HPOS="693" ID="SP_520.8.4.4" VPOS="1549" WIDTH="19"/>
            <String CONTENT="to" HEIGHT="30" HPOS="712" ID="ST_520.8.4.5" STYLEREFS="Style_3" VPOS="1549" WIDTH="36" WC="1.00" CC="00" TAGREFS=""/>
            <SP HPOS="748" ID="SP_520.8.4.6" VPOS="1544" WIDTH="20"/>
            <String CONTENT="be" HEIGHT="35" HPOS="768" ID="ST_520.8.4.7" STYLEREFS="Style_3" VPOS="1544" WIDTH="43" WC="1.00" CC="00" TAGREFS=""/>
            <SP HPOS="811" ID="SP_520.8.4.8" VPOS="1543" WIDTH="20"/>
            <String CONTENT="served." HEIGHT="35" HPOS="831" ID="ST_520.8.4.9" STYLEREFS="Style_3" VPOS="1543" WIDTH="129" WC="0.99" CC="0000000" TAGREFS=""/>
          </TextLine>
        </TextBlock>
        <TextBlock HEIGHT="44.0" HPOS="322.0" ID="BL_520.9" TAGREFS="b520-11" VPOS="1623.0" WIDTH="361.0">
          <TextLine HEIGHT="44" HPOS="322" ID="TL_520.9.1" VPOS="1623" WIDTH="361">
            <String CONTENT="(Emphasis" HEIGHT="43" HPOS="322" ID="ST_520.9.1.1" STYLEREFS="Style_3" VPOS="1624" WIDTH="200" WC="0.95" CC="000000000" TAGREFS=""/>
            <SP HPOS="522" ID="SP_520.9.1.2" VPOS="1623" WIDTH="21"/>
            <String CONTENT="added.)" HEIGHT="43" HPOS="543" ID="ST_520.9.1.3" STYLEREFS="Style_3" VPOS="1623" WIDTH="140" WC="0.89" CC="0000000" TAGREFS=""/>
          </TextLine>
        </TextBlock>
        <TextBlock HEIGHT="740.0" HPOS="320.0" ID="BL_520.10" TAGREFS="b520-12" VPOS="1701.0" WIDTH="1215.0">
          <TextLine HEIGHT="45" HPOS="412" ID="TL_520.10.1" VPOS="1701" WIDTH="1122">
            <String CONTENT="In" HEIGHT="33" HPOS="412" ID="ST_520.10.1.1" STYLEREFS="Style_3" VPOS="1704" WIDTH="39" WC="0.88" CC="00" TAGREFS=""/>
            <SP HPOS="451" ID="SP_520.10.1.2" VPOS="1702" WIDTH="12"/>
            <String CONTENT="Bosnick," HEIGHT="42" HPOS="463" ID="ST_520.10.1.3" STYLEREFS="Style_4" VPOS="1702" WIDTH="163" WC="0.89" CC="00000090" TAGREFS=""/>
            <SP HPOS="626" ID="SP_520.10.1.4" VPOS="1714" WIDTH="12"/>
            <String CONTENT="supra," HEIGHT="32" HPOS="638" ID="ST_520.10.1.5" STYLEREFS="Style_4" VPOS="1714" WIDTH="119" WC="0.92" CC="000000" TAGREFS=""/>
            <SP HPOS="757" ID="SP_520.10.1.6" VPOS="1713" WIDTH="13"/>
            <String CONTENT="we" HEIGHT="24" HPOS="770" ID="ST_520.10.1.7" STYLEREFS="Style_3" VPOS="1713" WIDTH="51" WC="0.96" CC="00" TAGREFS=""/>
            <SP HPOS="821" ID="SP_520.10.1.8" VPOS="1702" WIDTH="12"/>
            <String CONTENT="stated" HEIGHT="34" HPOS="833" ID="ST_520.10.1.9" STYLEREFS="Style_3" VPOS="1702" WIDTH="113" WC="0.95" CC="000000" TAGREFS=""/>
            <SP HPOS="946" ID="SP_520.10.1.10" VPOS="1702" WIDTH="12"/>
            <String CONTENT="that" HEIGHT="34" HPOS="958" ID="ST_520.10.1.11" STYLEREFS="Style_3" VPOS="1702" WIDTH="77" WC="0.90" CC="0000" TAGREFS=""/>
            <SP HPOS="1035" ID="SP_520.10.1.12" VPOS="1702" WIDTH="12"/>
            <String CONTENT="“[i]n" HEIGHT="43" HPOS="1047" ID="ST_520.10.1.13" STYLEREFS="Style_3" VPOS="1702" WIDTH="95" WC="0.67" CC="99000" TAGREFS=""/>
            <SP HPOS="1142" ID="SP_520.10.1.14" VPOS="1701" WIDTH="11"/>
            <String CONTENT="treating" HEIGHT="43" HPOS="1153" ID="ST_520.10.1.15" STYLEREFS="Style_3" VPOS="1701" WIDTH="150" WC="0.79" CC="00000000" TAGREFS=""/>
            <SP HPOS="1303" ID="SP_520.10.1.16" VPOS="1703" WIDTH="13"/>
            <String CONTENT="consecutive" HEIGHT="32" HPOS="1316" ID="ST_520.10.1.17" STYLEREFS="Style_4" VPOS="1703" WIDTH="218" WC="0.95" CC="00000000000" TAGREFS=""/>
          </TextLine>
          <TextLine HEIGHT="44" HPOS="321" ID="TL_520.10.2" VPOS="1751" WIDTH="1213">
            <String CONTENT="sentences" HEIGHT="30" HPOS="321" ID="ST_520.10.2.1" STYLEREFS="Style_3" VPOS="1758" WIDTH="178" WC="0.84" CC="000000000" TAGREFS=""/>
            <SP HPOS="499" ID="SP_520.10.2.2" VPOS="1764" WIDTH="26"/>
            <String CONTENT="as" HEIGHT="23" HPOS="525" ID="ST_520.10.2.3" STYLEREFS="Style_3" VPOS="1764" WIDTH="37" WC="1.00" CC="00" TAGREFS=""/>
            <SP HPOS="562" ID="SP_520.10.2.4" VPOS="1764" WIDTH="27"/>
            <String CONTENT="a" HEIGHT="23" HPOS="589" ID="ST_520.10.2.5" STYLEREFS="Style_3" VPOS="1764" WIDTH="20" WC="0.98" CC="0" TAGREFS=""/>
            <SP HPOS="609" ID="SP_520.10.2.6" VPOS="1752" WIDTH="25"/>
            <String CONTENT="single" HEIGHT="43" HPOS="634" ID="ST_520.10.2.7" STYLEREFS="Style_3" VPOS="1752" WIDTH="109" WC="1.00" CC="000000" TAGREFS=""/>
            <SP HPOS="743" ID="SP_520.10.2.8" VPOS="1752" WIDTH="25"/>
            <String CONTENT="commitment," HEIGHT="40" HPOS="768" ID="ST_520.10.2.9" STYLEREFS="Style_3" VPOS="1752" WIDTH="252" WC="0.95" CC="00000000000" TAGREFS=""/>
            <SP HPOS="1020" ID="SP_520.10.2.10" VPOS="1762" WIDTH="26"/>
            <String CONTENT="we" HEIGHT="23" HPOS="1046" ID="ST_520.10.2.11" STYLEREFS="Style_3" VPOS="1762" WIDTH="51" WC="1.00" CC="00" TAGREFS=""/>
            <SP HPOS="1097" ID="SP_520.10.2.12" VPOS="1751" WIDTH="25"/>
            <String CONTENT="hold" HEIGHT="34" HPOS="1122" ID="ST_520.10.2.13" STYLEREFS="Style_3" VPOS="1751" WIDTH="82" WC="0.88" CC="0000" TAGREFS=""/>
            <SP HPOS="1204" ID="SP_520.10.2.14" VPOS="1751" WIDTH="25"/>
            <String CONTENT="that" HEIGHT="34" HPOS="1229" ID="ST_520.10.2.15" STYLEREFS="Style_3" VPOS="1751" WIDTH="77" WC="0.98" CC="0000" TAGREFS=""/>
            <SP HPOS="1306" ID="SP_520.10.2.16" VPOS="1751" WIDTH="25"/>
            <String CONTENT="the" HEIGHT="34" HPOS="1331" ID="ST_520.10.2.17" STYLEREFS="Style_3" VPOS="1751" WIDTH="60" WC="1.00" CC="000" TAGREFS=""/>
            <SP HPOS="1391" ID="SP_520.10.2.18" VPOS="1751" WIDTH="25"/>
            <String CONTENT="parole" HEIGHT="44" HPOS="1416" ID="ST_520.10.2.19" STYLEREFS="Style_3" VPOS="1751" WIDTH="118" WC="0.97" CC="000000" TAGREFS=""/>
          </TextLine>
          <TextLine HEIGHT="45" HPOS="321" ID="TL_520.10.3" VPOS="1801" WIDTH="1212">
            <String CONTENT="eligibility" HEIGHT="44" HPOS="321" ID="ST_520.10.3.1" STYLEREFS="Style_3" VPOS="1802" WIDTH="180" WC="0.96" CC="00000000000" TAGREFS=""/>
            <SP HPOS="501" ID="SP_520.10.3.2" VPOS="1807" WIDTH="14"/>
            <String CONTENT="statute" HEIGHT="29" HPOS="515" ID="ST_520.10.3.3" STYLEREFS="Style_3" VPOS="1807" WIDTH="129" WC="1.00" CC="0000000" TAGREFS=""/>
            <SP HPOS="644" ID="SP_520.10.3.4" VPOS="1802" WIDTH="13"/>
            <String CONTENT="governing" HEIGHT="43" HPOS="657" ID="ST_520.10.3.5" STYLEREFS="Style_3" VPOS="1802" WIDTH="185" WC="0.91" CC="000000000" TAGREFS=""/>
            <SP HPOS="842" ID="SP_520.10.3.6" VPOS="1802" WIDTH="14"/>
            <String CONTENT="the" HEIGHT="34" HPOS="856" ID="ST_520.10.3.7" STYLEREFS="Style_3" VPOS="1802" WIDTH="60" WC="1.00" CC="000" TAGREFS=""/>
            <SP HPOS="916" ID="SP_520.10.3.8" VPOS="1801" WIDTH="13"/>
            <String CONTENT="original" HEIGHT="43" HPOS="929" ID="ST_520.10.3.9" STYLEREFS="Style_3" VPOS="1801" WIDTH="146" WC="0.94" CC="00000000" TAGREFS=""/>
            <SP HPOS="1075" ID="SP_520.10.3.10" VPOS="1806" WIDTH="14"/>
            <String CONTENT="sentence" HEIGHT="29" HPOS="1089" ID="ST_520.10.3.11" STYLEREFS="Style_3" VPOS="1806" WIDTH="162" WC="0.92" CC="00000000" TAGREFS=""/>
            <SP HPOS="1251" ID="SP_520.10.3.12" VPOS="1801" WIDTH="13"/>
            <String CONTENT="is" HEIGHT="34" HPOS="1264" ID="ST_520.10.3.13" STYLEREFS="Style_3" VPOS="1801" WIDTH="28" WC="0.95" CC="00" TAGREFS=""/>
            <SP HPOS="1292" ID="SP_520.10.3.14" VPOS="1801" WIDTH="14"/>
            <String CONTENT="the" HEIGHT="34" HPOS="1306" ID="ST_520.10.3.15" STYLEREFS="Style_3" VPOS="1801" WIDTH="59" WC="0.83" CC="000" TAGREFS=""/>
            <SP HPOS="1365" ID="SP_520.10.3.16" VPOS="1811" WIDTH="13"/>
            <String CONTENT="one" HEIGHT="24" HPOS="1378" ID="ST_520.10.3.17" STYLEREFS="Style_3" VPOS="1811" WIDTH="65" WC="0.81" CC="000" TAGREFS=""/>
            <SP HPOS="1443" ID="SP_520.10.3.18" VPOS="1801" WIDTH="13"/>
            <String CONTENT="that" HEIGHT="34" HPOS="1456" ID="ST_520.10.3.19" STYLEREFS="Style_3" VPOS="1801" WIDTH="77" WC="0.94" CC="0000" TAGREFS=""/>
          </TextLine>
          <TextLine HEIGHT="45" HPOS="321" ID="TL_520.10.4" VPOS="1849" WIDTH="1209">
            <String CONTENT="should" HEIGHT="34" HPOS="321" ID="ST_520.10.4.1" STYLEREFS="Style_3" VPOS="1852" WIDTH="122" WC="1.00" CC="000000" TAGREFS=""/>
            <SP HPOS="443" ID="SP_520.10.4.2" VPOS="1852" WIDTH="24"/>
            <String CONTENT="control" HEIGHT="34" HPOS="467" ID="ST_520.10.4.3" STYLEREFS="Style_3" VPOS="1852" WIDTH="131" WC="0.99" CC="0000000" TAGREFS=""/>
            <SP HPOS="598" ID="SP_520.10.4.4" VPOS="1852" WIDTH="25"/>
            <String CONTENT="the" HEIGHT="34" HPOS="623" ID="ST_520.10.4.5" STYLEREFS="Style_3" VPOS="1852" WIDTH="59" WC="0.98" CC="000" TAGREFS=""/>
            <SP HPOS="682" ID="SP_520.10.4.6" VPOS="1851" WIDTH="23"/>
            <String CONTENT="cumulative" HEIGHT="35" HPOS="705" ID="ST_520.10.4.7" STYLEREFS="Style_4" VPOS="1851" WIDTH="214" WC="0.98" CC="0000000000" TAGREFS=""/>
            <SP HPOS="919" ID="SP_520.10.4.8" VPOS="1851" WIDTH="24"/>
            <String CONTENT="sentence.”" HEIGHT="34" HPOS="943" ID="ST_520.10.4.9" STYLEREFS="Style_3" VPOS="1851" WIDTH="195" WC="0.85" CC="0000000009" TAGREFS=""/>
            <SP HPOS="1138" ID="SP_520.10.4.10" VPOS="1850" WIDTH="27"/>
            <String CONTENT="(Emphasis" HEIGHT="44" HPOS="1165" ID="ST_520.10.4.11" STYLEREFS="Style_3" VPOS="1850" WIDTH="200" WC="0.97" CC="000000000" TAGREFS=""/>
            <SP HPOS="1365" ID="SP_520.10.4.12" VPOS="1849" WIDTH="25"/>
            <String CONTENT="added.)" HEIGHT="43" HPOS="1390" ID="ST_520.10.4.13" STYLEREFS="Style_3" VPOS="1849" WIDTH="140" WC="1.00" CC="0000000" TAGREFS=""/>
          </TextLine>
          <TextLine HEIGHT="45" HPOS="320" ID="TL_520.10.5" VPOS="1899" WIDTH="1212">
            <String CONTENT="Subsections" HEIGHT="35" HPOS="320" ID="ST_520.10.5.1" STYLEREFS="Style_3" VPOS="1901" WIDTH="223" WC="0.95" CC="00000000000" TAGREFS=""/>
            <SP HPOS="543" ID="SP_520.10.5.2" VPOS="1902" WIDTH="16"/>
            <String CONTENT="D." HEIGHT="33" HPOS="559" ID="ST_520.10.5.3" STYLEREFS="Style_3" VPOS="1902" WIDTH="43" WC="0.77" CC="00" TAGREFS=""/>
            <SP HPOS="602" ID="SP_520.10.5.4" VPOS="1901" WIDTH="17"/>
            <String CONTENT="and" HEIGHT="34" HPOS="619" ID="ST_520.10.5.5" STYLEREFS="Style_3" VPOS="1901" WIDTH="69" WC="1.00" CC="000" TAGREFS=""/>
            <SP HPOS="688" ID="SP_520.10.5.6" VPOS="1902" WIDTH="16"/>
            <String CONTENT="E." HEIGHT="33" HPOS="704" ID="ST_520.10.5.7" STYLEREFS="Style_3" VPOS="1902" WIDTH="38" WC="1.00" CC="00" TAGREFS=""/>
            <SP HPOS="742" ID="SP_520.10.5.8" VPOS="1900" WIDTH="18"/>
            <String CONTENT="and" HEIGHT="35" HPOS="760" ID="ST_520.10.5.9" STYLEREFS="Style_3" VPOS="1900" WIDTH="68" WC="1.00" CC="000" TAGREFS=""/>
            <SP HPOS="828" ID="SP_520.10.5.10" VPOS="1901" WIDTH="15"/>
            <String CONTENT="the" HEIGHT="34" HPOS="843" ID="ST_520.10.5.11" STYLEREFS="Style_3" VPOS="1901" WIDTH="60" WC="0.85" CC="000" TAGREFS=""/>
            <SP HPOS="903" ID="SP_520.10.5.12" VPOS="1900" WIDTH="15"/>
            <String CONTENT="quoted" HEIGHT="44" HPOS="918" ID="ST_520.10.5.13" STYLEREFS="Style_3" VPOS="1900" WIDTH="129" WC="0.97" CC="000000" TAGREFS=""/>
            <SP HPOS="1047" ID="SP_520.10.5.14" VPOS="1900" WIDTH="15"/>
            <String CONTENT="portion" HEIGHT="44" HPOS="1062" ID="ST_520.10.5.15" STYLEREFS="Style_3" VPOS="1900" WIDTH="135" WC="1.00" CC="0000000" TAGREFS=""/>
            <SP HPOS="1197" ID="SP_520.10.5.16" VPOS="1900" WIDTH="16"/>
            <String CONTENT="from" HEIGHT="35" HPOS="1213" ID="ST_520.10.5.17" STYLEREFS="Style_3" VPOS="1900" WIDTH="91" WC="0.96" CC="0000" TAGREFS=""/>
            <SP HPOS="1304" ID="SP_520.10.5.18" VPOS="1899" WIDTH="14"/>
            <String CONTENT="Bosnick" HEIGHT="35" HPOS="1318" ID="ST_520.10.5.19" STYLEREFS="Style_4" VPOS="1899" WIDTH="154" WC="0.97" CC="0000000" TAGREFS=""/>
            <SP HPOS="1472" ID="SP_520.10.5.20" VPOS="1900" WIDTH="14"/>
            <String CONTENT="all" HEIGHT="34" HPOS="1486" ID="ST_520.10.5.21" STYLEREFS="Style_3" VPOS="1900" WIDTH="46" WC="0.75" CC="000" TAGREFS=""/>
          </TextLine>
          <TextLine HEIGHT="45" HPOS="320" ID="TL_520.10.6" VPOS="1949" WIDTH="1210">
            <String CONTENT="address" HEIGHT="35" HPOS="320" ID="ST_520.10.6.1" STYLEREFS="Style_3" VPOS="1951" WIDTH="141" WC="1.00" CC="0000000" TAGREFS=""/>
            <SP HPOS="461" ID="SP_520.10.6.2" VPOS="1951" WIDTH="18"/>
            <String CONTENT="situations" HEIGHT="34" HPOS="479" ID="ST_520.10.6.3" STYLEREFS="Style_3" VPOS="1951" WIDTH="181" WC="0.95" CC="0000000000" TAGREFS=""/>
            <SP HPOS="660" ID="SP_520.10.6.4" VPOS="1951" WIDTH="18"/>
            <String CONTENT="involving" HEIGHT="43" HPOS="678" ID="ST_520.10.6.5" STYLEREFS="Style_3" VPOS="1951" WIDTH="170" WC="0.89" CC="000000000" TAGREFS=""/>
            <SP HPOS="848" ID="SP_520.10.6.6" VPOS="1952" WIDTH="18"/>
            <String CONTENT="consecutive," HEIGHT="39" HPOS="866" ID="ST_520.10.6.7" STYLEREFS="Style_4" VPOS="1952" WIDTH="228" WC="0.89" CC="000000000000" TAGREFS=""/>
            <SP HPOS="1094" ID="SP_520.10.6.8" VPOS="1949" WIDTH="18"/>
            <String CONTENT="cumulative" HEIGHT="36" HPOS="1112" ID="ST_520.10.6.9" STYLEREFS="Style_4" VPOS="1949" WIDTH="215" WC="1.00" CC="0000000000" TAGREFS=""/>
            <SP HPOS="1327" ID="SP_520.10.6.10" VPOS="1955" WIDTH="16"/>
            <String CONTENT="sentences." HEIGHT="29" HPOS="1343" ID="ST_520.10.6.11" STYLEREFS="Style_3" VPOS="1955" WIDTH="187" WC="0.97" CC="0000000000" TAGREFS=""/>
          </TextLine>
          <TextLine HEIGHT="45" HPOS="320" ID="TL_520.10.7" VPOS="1999" WIDTH="1215">
            <String CONTENT="Using" HEIGHT="42" HPOS="320" ID="ST_520.10.7.1" STYLEREFS="Style_3" VPOS="2001" WIDTH="112" WC="0.87" CC="00000" TAGREFS=""/>
            <SP HPOS="432" ID="SP_520.10.7.2" VPOS="2001" WIDTH="13"/>
            <String CONTENT="those" HEIGHT="34" HPOS="445" ID="ST_520.10.7.3" STYLEREFS="Style_3" VPOS="2001" WIDTH="98" WC="0.94" CC="00000" TAGREFS=""/>
            <SP HPOS="543" ID="SP_520.10.7.4" VPOS="2000" WIDTH="13"/>
            <String CONTENT="authorities," HEIGHT="41" HPOS="556" ID="ST_520.10.7.5" STYLEREFS="Style_3" VPOS="2000" WIDTH="214" WC="0.93" CC="000000000000" TAGREFS=""/>
            <SP HPOS="770" ID="SP_520.10.7.6" VPOS="2000" WIDTH="15"/>
            <String CONTENT="appellant" HEIGHT="44" HPOS="785" ID="ST_520.10.7.7" STYLEREFS="Style_3" VPOS="2000" WIDTH="177" WC="0.92" CC="000000000" TAGREFS=""/>
            <SP HPOS="962" ID="SP_520.10.7.8" VPOS="2004" WIDTH="13"/>
            <String CONTENT="attempts" HEIGHT="39" HPOS="975" ID="ST_520.10.7.9" STYLEREFS="Style_3" VPOS="2004" WIDTH="165" WC="0.99" CC="00000000" TAGREFS=""/>
            <SP HPOS="1140" ID="SP_520.10.7.10" VPOS="2005" WIDTH="14"/>
            <String CONTENT="to" HEIGHT="29" HPOS="1154" ID="ST_520.10.7.11" STYLEREFS="Style_3" VPOS="2005" WIDTH="35" WC="0.95" CC="00" TAGREFS=""/>
            <SP HPOS="1189" ID="SP_520.10.7.12" VPOS="1999" WIDTH="13"/>
            <String CONTENT="bootstrap" HEIGHT="44" HPOS="1202" ID="ST_520.10.7.13" STYLEREFS="Style_3" VPOS="1999" WIDTH="178" WC="0.92" CC="000000000" TAGREFS=""/>
            <SP HPOS="1380" ID="SP_520.10.7.14" VPOS="1999" WIDTH="13"/>
            <String CONTENT="himself" HEIGHT="34" HPOS="1393" ID="ST_520.10.7.15" STYLEREFS="Style_3" VPOS="1999" WIDTH="142" WC="0.93" CC="0000000" TAGREFS=""/>
          </TextLine>
          <TextLine HEIGHT="44" HPOS="320" ID="TL_520.10.8" VPOS="2049" WIDTH="1212">
            <String CONTENT="onto" HEIGHT="29" HPOS="320" ID="ST_520.10.8.1" STYLEREFS="Style_3" VPOS="2055" WIDTH="82" WC="0.89" CC="0000" TAGREFS=""/>
            <SP HPOS="402" ID="SP_520.10.8.2" VPOS="2050" WIDTH="9"/>
            <String CONTENT="the" HEIGHT="34" HPOS="411" ID="ST_520.10.8.3" STYLEREFS="Style_3" VPOS="2050" WIDTH="60" WC="0.88" CC="000" TAGREFS=""/>
            <SP HPOS="471" ID="SP_520.10.8.4" VPOS="2061" WIDTH="10"/>
            <String CONTENT="more" HEIGHT="23" HPOS="481" ID="ST_520.10.8.5" STYLEREFS="Style_3" VPOS="2061" WIDTH="95" WC="0.94" CC="0000" TAGREFS=""/>
            <SP HPOS="576" ID="SP_520.10.8.6" VPOS="2050" WIDTH="9"/>
            <String CONTENT="lenient" HEIGHT="34" HPOS="585" ID="ST_520.10.8.7" STYLEREFS="Style_3" VPOS="2050" WIDTH="129" WC="0.97" CC="0000000" TAGREFS=""/>
            <SP HPOS="714" ID="SP_520.10.8.8" VPOS="2050" WIDTH="10"/>
            <String CONTENT="parole" HEIGHT="43" HPOS="724" ID="ST_520.10.8.9" STYLEREFS="Style_3" VPOS="2050" WIDTH="117" WC="0.92" CC="000000" TAGREFS=""/>
            <SP HPOS="841" ID="SP_520.10.8.10" VPOS="2049" WIDTH="10"/>
            <String CONTENT="eligibility" HEIGHT="43" HPOS="851" ID="ST_520.10.8.11" STYLEREFS="Style_3" VPOS="2049" WIDTH="181" WC="0.99" CC="00000000000" TAGREFS=""/>
            <SP HPOS="1032" ID="SP_520.10.8.12" VPOS="2054" WIDTH="10"/>
            <String CONTENT="statute" HEIGHT="29" HPOS="1042" ID="ST_520.10.8.13" STYLEREFS="Style_3" VPOS="2054" WIDTH="130" WC="1.00" CC="0000000" TAGREFS=""/>
            <SP HPOS="1172" ID="SP_520.10.8.14" VPOS="2049" WIDTH="9"/>
            <String CONTENT="which" HEIGHT="34" HPOS="1181" ID="ST_520.10.8.15" STYLEREFS="Style_3" VPOS="2049" WIDTH="113" WC="0.93" CC="00000" TAGREFS=""/>
            <SP HPOS="1294" ID="SP_520.10.8.16" VPOS="2060" WIDTH="9"/>
            <String CONTENT="was" HEIGHT="23" HPOS="1303" ID="ST_520.10.8.17" STYLEREFS="Style_3" VPOS="2060" WIDTH="71" WC="0.73" CC="000" TAGREFS=""/>
            <SP HPOS="1374" ID="SP_520.10.8.18" VPOS="2049" WIDTH="10"/>
            <String CONTENT="in" HEIGHT="34" HPOS="1384" ID="ST_520.10.8.19" STYLEREFS="Style_3" VPOS="2049" WIDTH="34" WC="0.79" CC="00" TAGREFS=""/>
            <SP HPOS="1418" ID="SP_520.10.8.20" VPOS="2049" WIDTH="11"/>
            <String CONTENT="effect" HEIGHT="34" HPOS="1429" ID="ST_520.10.8.21" STYLEREFS="Style_3" VPOS="2049" WIDTH="103" WC="0.78" CC="090000" TAGREFS=""/>
          </TextLine>
          <TextLine HEIGHT="44" HPOS="321" ID="TL_520.10.9" VPOS="2098" WIDTH="1209">
            <String CONTENT="at" HEIGHT="29" HPOS="321" ID="ST_520.10.9.1" STYLEREFS="Style_3" VPOS="2105" WIDTH="36" WC="0.95" CC="00" TAGREFS=""/>
            <SP HPOS="357" ID="SP_520.10.9.2" VPOS="2100" WIDTH="9"/>
            <String CONTENT="the" HEIGHT="34" HPOS="366" ID="ST_520.10.9.3" STYLEREFS="Style_3" VPOS="2100" WIDTH="59" WC="0.83" CC="000" TAGREFS=""/>
            <SP HPOS="425" ID="SP_520.10.9.4" VPOS="2100" WIDTH="9"/>
            <String CONTENT="time" HEIGHT="34" HPOS="434" ID="ST_520.10.9.5" STYLEREFS="Style_3" VPOS="2100" WIDTH="84" WC="1.00" CC="0000" TAGREFS=""/>
            <SP HPOS="518" ID="SP_520.10.9.6" VPOS="2100" WIDTH="9"/>
            <String CONTENT="he" HEIGHT="34" HPOS="527" ID="ST_520.10.9.7" STYLEREFS="Style_3" VPOS="2100" WIDTH="43" WC="0.81" CC="00" TAGREFS=""/>
            <SP HPOS="570" ID="SP_520.10.9.8" VPOS="2099" WIDTH="9"/>
            <String CONTENT="committed" HEIGHT="35" HPOS="579" ID="ST_520.10.9.9" STYLEREFS="Style_3" VPOS="2099" WIDTH="203" WC="1.00" CC="000000000" TAGREFS=""/>
            <SP HPOS="782" ID="SP_520.10.9.10" VPOS="2099" WIDTH="9"/>
            <String CONTENT="the" HEIGHT="35" HPOS="791" ID="ST_520.10.9.11" STYLEREFS="Style_3" VPOS="2099" WIDTH="60" WC="1.00" CC="000" TAGREFS=""/>
            <SP HPOS="851" ID="SP_520.10.9.12" VPOS="2099" WIDTH="8"/>
            <String CONTENT="earlier" HEIGHT="34" HPOS="859" ID="ST_520.10.9.13" STYLEREFS="Style_3" VPOS="2099" WIDTH="123" WC="0.98" CC="0000000" TAGREFS=""/>
            <SP HPOS="982" ID="SP_520.10.9.14" VPOS="2098" WIDTH="10"/>
            <String CONTENT="federal" HEIGHT="35" HPOS="992" ID="ST_520.10.9.15" STYLEREFS="Style_3" VPOS="2098" WIDTH="132" WC="1.00" CC="0000000" TAGREFS=""/>
            <SP HPOS="1124" ID="SP_520.10.9.16" VPOS="2098" WIDTH="9"/>
            <String CONTENT="felony." HEIGHT="44" HPOS="1133" ID="ST_520.10.9.17" STYLEREFS="Style_3" VPOS="2098" WIDTH="126" WC="0.90" CC="0000000" TAGREFS=""/>
            <SP HPOS="1259" ID="SP_520.10.9.18" VPOS="2099" WIDTH="10"/>
            <String CONTENT="See" HEIGHT="34" HPOS="1269" ID="ST_520.10.9.19" STYLEREFS="Style_4" VPOS="2099" WIDTH="69" WC="1.00" CC="000" TAGREFS=""/>
            <SP HPOS="1338" ID="SP_520.10.9.20" VPOS="2098" WIDTH="8"/>
            <String CONTENT="Ark." HEIGHT="34" HPOS="1346" ID="ST_520.10.9.21" STYLEREFS="Style_3" VPOS="2098" WIDTH="84" WC="1.00" CC="0000" TAGREFS=""/>
            <SP HPOS="1430" ID="SP_520.10.9.22" VPOS="2098" WIDTH="11"/>
            <String CONTENT="Stat." HEIGHT="34" HPOS="1441" ID="ST_520.10.9.23" STYLEREFS="Style_3" VPOS="2098" WIDTH="89" WC="1.00" CC="00000" TAGREFS=""/>
          </TextLine>
          <TextLine HEIGHT="46" HPOS="320" ID="TL_520.10.10" VPOS="2147" WIDTH="1212">
            <String CONTENT="Ann." HEIGHT="34" HPOS="320" ID="ST_520.10.10.1" STYLEREFS="Style_3" VPOS="2150" WIDTH="92" WC="0.90" CC="0000" TAGREFS=""/>
            <SP HPOS="412" ID="SP_520.10.10.2" VPOS="2149" WIDTH="19"/>
            <String CONTENT="§" HEIGHT="43" HPOS="431" ID="ST_520.10.10.3" STYLEREFS="Style_3" VPOS="2149" WIDTH="17" WC="0.92" CC="0" TAGREFS=""/>
            <SP HPOS="448" ID="SP_520.10.10.4" VPOS="2150" WIDTH="18"/>
            <String CONTENT="43-2829" HEIGHT="34" HPOS="466" ID="ST_520.10.10.5" STYLEREFS="Style_3" VPOS="2150" WIDTH="154" WC="0.96" CC="0000000" TAGREFS=""/>
            <SP HPOS="620" ID="SP_520.10.10.6" VPOS="2150" WIDTH="17"/>
            <String CONTENT="A." HEIGHT="34" HPOS="637" ID="ST_520.10.10.7" STYLEREFS="Style_3" VPOS="2150" WIDTH="43" WC="0.85" CC="00" TAGREFS=""/>
            <SP HPOS="680" ID="SP_520.10.10.8" VPOS="2149" WIDTH="19"/>
            <String CONTENT="(Repl." HEIGHT="44" HPOS="699" ID="ST_520.10.10.9" STYLEREFS="Style_3" VPOS="2149" WIDTH="116" WC="1.00" CC="000000" TAGREFS=""/>
            <SP HPOS="815" ID="SP_520.10.10.10" VPOS="2148" WIDTH="22"/>
            <String CONTENT="1977)." HEIGHT="44" HPOS="837" ID="ST_520.10.10.11" STYLEREFS="Style_3" VPOS="2148" WIDTH="117" WC="0.99" CC="000000" TAGREFS=""/>
            <SP HPOS="954" ID="SP_520.10.10.12" VPOS="2149" WIDTH="17"/>
            <String CONTENT="That" HEIGHT="34" HPOS="971" ID="ST_520.10.10.13" STYLEREFS="Style_3" VPOS="2149" WIDTH="92" WC="0.90" CC="0000" TAGREFS=""/>
            <SP HPOS="1063" ID="SP_520.10.10.14" VPOS="2148" WIDTH="15"/>
            <String CONTENT="is," HEIGHT="41" HPOS="1078" ID="ST_520.10.10.15" STYLEREFS="Style_3" VPOS="2148" WIDTH="39" WC="0.91" CC="000" TAGREFS=""/>
            <SP HPOS="1117" ID="SP_520.10.10.16" VPOS="2148" WIDTH="17"/>
            <String CONTENT="he" HEIGHT="35" HPOS="1134" ID="ST_520.10.10.17" STYLEREFS="Style_3" VPOS="2148" WIDTH="44" WC="0.88" CC="00" TAGREFS=""/>
            <SP HPOS="1178" ID="SP_520.10.10.18" VPOS="2159" WIDTH="15"/>
            <String CONTENT="argues" HEIGHT="33" HPOS="1193" ID="ST_520.10.10.19" STYLEREFS="Style_3" VPOS="2159" WIDTH="123" WC="1.00" CC="000000" TAGREFS=""/>
            <SP HPOS="1316" ID="SP_520.10.10.20" VPOS="2148" WIDTH="16"/>
            <String CONTENT="that" HEIGHT="34" HPOS="1332" ID="ST_520.10.10.21" STYLEREFS="Style_3" VPOS="2148" WIDTH="76" WC="0.79" CC="0000" TAGREFS=""/>
            <SP HPOS="1408" ID="SP_520.10.10.22" VPOS="2147" WIDTH="15"/>
            <String CONTENT="under" HEIGHT="35" HPOS="1423" ID="ST_520.10.10.23" STYLEREFS="Style_3" VPOS="2147" WIDTH="109" WC="0.86" CC="00000" TAGREFS=""/>
          </TextLine>
          <TextLine HEIGHT="45" HPOS="320" ID="TL_520.10.11" VPOS="2198" WIDTH="1212">
            <String CONTENT="those" HEIGHT="34" HPOS="320" ID="ST_520.10.11.1" STYLEREFS="Style_3" VPOS="2200" WIDTH="99" WC="1.00" CC="00000" TAGREFS=""/>
            <SP HPOS="419" ID="SP_520.10.11.2" VPOS="2199" WIDTH="8"/>
            <String CONTENT="authorities," HEIGHT="41" HPOS="427" ID="ST_520.10.11.3" STYLEREFS="Style_3" VPOS="2199" WIDTH="214" WC="0.92" CC="000000000000" TAGREFS=""/>
            <SP HPOS="641" ID="SP_520.10.11.4" VPOS="2199" WIDTH="10"/>
            <String CONTENT="his" HEIGHT="35" HPOS="651" ID="ST_520.10.11.5" STYLEREFS="Style_3" VPOS="2199" WIDTH="52" WC="0.96" CC="000" TAGREFS=""/>
            <SP HPOS="703" ID="SP_520.10.11.6" VPOS="2199" WIDTH="9"/>
            <String CONTENT="three" HEIGHT="35" HPOS="712" ID="ST_520.10.11.7" STYLEREFS="Style_3" VPOS="2199" WIDTH="98" WC="0.98" CC="00000" TAGREFS=""/>
            <SP HPOS="810" ID="SP_520.10.11.8" VPOS="2198" WIDTH="11"/>
            <String CONTENT="(3)" HEIGHT="44" HPOS="821" ID="ST_520.10.11.9" STYLEREFS="Style_3" VPOS="2198" WIDTH="54" WC="1.00" CC="000" TAGREFS=""/>
            <SP HPOS="875" ID="SP_520.10.11.10" VPOS="2210" WIDTH="12"/>
            <String CONTENT="year" HEIGHT="33" HPOS="887" ID="ST_520.10.11.11" STYLEREFS="Style_3" VPOS="2210" WIDTH="82" WC="1.00" CC="0000" TAGREFS=""/>
            <SP HPOS="969" ID="SP_520.10.11.12" VPOS="2204" WIDTH="9"/>
            <String CONTENT="sentence" HEIGHT="29" HPOS="978" ID="ST_520.10.11.13" STYLEREFS="Style_3" VPOS="2204" WIDTH="162" WC="0.91" CC="00000000" TAGREFS=""/>
            <SP HPOS="1140" ID="SP_520.10.11.14" VPOS="2209" WIDTH="8"/>
            <String CONTENT="on" HEIGHT="24" HPOS="1148" ID="ST_520.10.11.15" STYLEREFS="Style_3" VPOS="2209" WIDTH="44" WC="1.00" CC="00" TAGREFS=""/>
            <SP HPOS="1192" ID="SP_520.10.11.16" VPOS="2198" WIDTH="9"/>
            <String CONTENT="the" HEIGHT="35" HPOS="1201" ID="ST_520.10.11.17" STYLEREFS="Style_3" VPOS="2198" WIDTH="59" WC="0.86" CC="000" TAGREFS=""/>
            <SP HPOS="1260" ID="SP_520.10.11.18" VPOS="2198" WIDTH="9"/>
            <String CONTENT="earlier" HEIGHT="35" HPOS="1269" ID="ST_520.10.11.19" STYLEREFS="Style_3" VPOS="2198" WIDTH="122" WC="0.98" CC="0000000" TAGREFS=""/>
            <SP HPOS="1391" ID="SP_520.10.11.20" VPOS="2198" WIDTH="9"/>
            <String CONTENT="federal" HEIGHT="35" HPOS="1400" ID="ST_520.10.11.21" STYLEREFS="Style_3" VPOS="2198" WIDTH="132" WC="1.00" CC="0000000" TAGREFS=""/>
          </TextLine>
          <TextLine HEIGHT="46" HPOS="321" ID="TL_520.10.12" VPOS="2247" WIDTH="1211">
            <String CONTENT="felony" HEIGHT="44" HPOS="321" ID="ST_520.10.12.1" STYLEREFS="Style_3" VPOS="2249" WIDTH="115" WC="0.95" CC="000000" TAGREFS=""/>
            <SP HPOS="436" ID="SP_520.10.12.2" VPOS="2249" WIDTH="19"/>
            <String CONTENT="conviction" HEIGHT="35" HPOS="455" ID="ST_520.10.12.3" STYLEREFS="Style_3" VPOS="2249" WIDTH="192" WC="0.91" CC="0000000000" TAGREFS=""/>
            <SP HPOS="647" ID="SP_520.10.12.4" VPOS="2249" WIDTH="19"/>
            <String CONTENT="and" HEIGHT="35" HPOS="666" ID="ST_520.10.12.5" STYLEREFS="Style_3" VPOS="2249" WIDTH="69" WC="0.94" CC="000" TAGREFS=""/>
            <SP HPOS="735" ID="SP_520.10.12.6" VPOS="2249" WIDTH="19"/>
            <String CONTENT="his" HEIGHT="34" HPOS="754" ID="ST_520.10.12.7" STYLEREFS="Style_3" VPOS="2249" WIDTH="52" WC="1.00" CC="000" TAGREFS=""/>
            <SP HPOS="806" ID="SP_520.10.12.8" VPOS="2250" WIDTH="20"/>
            <String CONTENT="35" HEIGHT="33" HPOS="826" ID="ST_520.10.12.9" STYLEREFS="Style_3" VPOS="2250" WIDTH="42" WC="1.00" CC="00" TAGREFS=""/>
            <SP HPOS="868" ID="SP_520.10.12.10" VPOS="2260" WIDTH="21"/>
            <String CONTENT="year" HEIGHT="32" HPOS="889" ID="ST_520.10.12.11" STYLEREFS="Style_3" VPOS="2260" WIDTH="82" WC="0.95" CC="0000" TAGREFS=""/>
            <SP HPOS="971" ID="SP_520.10.12.12" VPOS="2253" WIDTH="19"/>
            <String CONTENT="sentence" HEIGHT="30" HPOS="990" ID="ST_520.10.12.13" STYLEREFS="Style_3" VPOS="2253" WIDTH="161" WC="0.85" CC="00000000" TAGREFS=""/>
            <SP HPOS="1151" ID="SP_520.10.12.14" VPOS="2259" WIDTH="18"/>
            <String CONTENT="on" HEIGHT="23" HPOS="1169" ID="ST_520.10.12.15" STYLEREFS="Style_3" VPOS="2259" WIDTH="44" WC="0.77" CC="00" TAGREFS=""/>
            <SP HPOS="1213" ID="SP_520.10.12.16" VPOS="2248" WIDTH="19"/>
            <String CONTENT="the" HEIGHT="35" HPOS="1232" ID="ST_520.10.12.17" STYLEREFS="Style_3" VPOS="2248" WIDTH="59" WC="0.99" CC="000" TAGREFS=""/>
            <SP HPOS="1291" ID="SP_520.10.12.18" VPOS="2253" WIDTH="18"/>
            <String CONTENT="state" HEIGHT="29" HPOS="1309" ID="ST_520.10.12.19" STYLEREFS="Style_3" VPOS="2253" WIDTH="90" WC="1.00" CC="00000" TAGREFS=""/>
            <SP HPOS="1399" ID="SP_520.10.12.20" VPOS="2247" WIDTH="18"/>
            <String CONTENT="felony" HEIGHT="44" HPOS="1417" ID="ST_520.10.12.21" STYLEREFS="Style_3" VPOS="2247" WIDTH="115" WC="0.90" CC="000000" TAGREFS=""/>
          </TextLine>
          <TextLine HEIGHT="44" HPOS="320" ID="TL_520.10.13" VPOS="2297" WIDTH="1212">
            <String CONTENT="conviction" HEIGHT="34" HPOS="320" ID="ST_520.10.13.1" STYLEREFS="Style_3" VPOS="2299" WIDTH="193" WC="1.00" CC="0000000000" TAGREFS=""/>
            <SP HPOS="513" ID="SP_520.10.13.2" VPOS="2299" WIDTH="9"/>
            <String CONTENT="constitute" HEIGHT="34" HPOS="522" ID="ST_520.10.13.3" STYLEREFS="Style_3" VPOS="2299" WIDTH="187" WC="0.97" CC="0000000000" TAGREFS=""/>
            <SP HPOS="709" ID="SP_520.10.13.4" VPOS="2310" WIDTH="9"/>
            <String CONTENT="a" HEIGHT="23" HPOS="718" ID="ST_520.10.13.5" STYLEREFS="Style_3" VPOS="2310" WIDTH="20" WC="1.00" CC="0" TAGREFS=""/>
            <SP HPOS="738" ID="SP_520.10.13.6" VPOS="2298" WIDTH="11"/>
            <String CONTENT="single" HEIGHT="43" HPOS="749" ID="ST_520.10.13.7" STYLEREFS="Style_3" VPOS="2298" WIDTH="109" WC="0.75" CC="000000" TAGREFS=""/>
            <SP HPOS="858" ID="SP_520.10.13.8" VPOS="2303" WIDTH="9"/>
            <String CONTENT="sentence" HEIGHT="30" HPOS="867" ID="ST_520.10.13.9" STYLEREFS="Style_3" VPOS="2303" WIDTH="162" WC="0.98" CC="00000000" TAGREFS=""/>
            <SP HPOS="1029" ID="SP_520.10.13.10" VPOS="2298" WIDTH="9"/>
            <String CONTENT="of" HEIGHT="34" HPOS="1038" ID="ST_520.10.13.11" STYLEREFS="Style_3" VPOS="2298" WIDTH="39" WC="1.00" CC="00" TAGREFS=""/>
            <SP HPOS="1077" ID="SP_520.10.13.12" VPOS="2299" WIDTH="8"/>
            <String CONTENT="38" HEIGHT="33" HPOS="1085" ID="ST_520.10.13.13" STYLEREFS="Style_3" VPOS="2299" WIDTH="42" WC="1.00" CC="00" TAGREFS=""/>
            <SP HPOS="1127" ID="SP_520.10.13.14" VPOS="2309" WIDTH="11"/>
            <String CONTENT="years," HEIGHT="32" HPOS="1138" ID="ST_520.10.13.15" STYLEREFS="Style_3" VPOS="2309" WIDTH="110" WC="0.99" CC="000000" TAGREFS=""/>
            <SP HPOS="1248" ID="SP_520.10.13.16" VPOS="2297" WIDTH="12"/>
            <String CONTENT="and" HEIGHT="35" HPOS="1260" ID="ST_520.10.13.17" STYLEREFS="Style_3" VPOS="2297" WIDTH="68" WC="0.87" CC="000" TAGREFS=""/>
            <SP HPOS="1328" ID="SP_520.10.13.18" VPOS="2297" WIDTH="10"/>
            <String CONTENT="that" HEIGHT="35" HPOS="1338" ID="ST_520.10.13.19" STYLEREFS="Style_3" VPOS="2297" WIDTH="76" WC="0.90" CC="0000" TAGREFS=""/>
            <SP HPOS="1414" ID="SP_520.10.13.20" VPOS="2297" WIDTH="9"/>
            <String CONTENT="under" HEIGHT="35" HPOS="1423" ID="ST_520.10.13.21" STYLEREFS="Style_3" VPOS="2297" WIDTH="109" WC="0.87" CC="00000" TAGREFS=""/>
          </TextLine>
          <TextLine HEIGHT="44" HPOS="320" ID="TL_520.10.14" VPOS="2347" WIDTH="1212">
            <String CONTENT="Bosnick," HEIGHT="41" HPOS="320" ID="ST_520.10.14.1" STYLEREFS="Style_4" VPOS="2348" WIDTH="163" WC="0.94" CC="00000000" TAGREFS=""/>
            <SP HPOS="483" ID="SP_520.10.14.2" VPOS="2349" WIDTH="13"/>
            <String CONTENT="the" HEIGHT="34" HPOS="496" ID="ST_520.10.14.3" STYLEREFS="Style_3" VPOS="2349" WIDTH="59" WC="0.81" CC="000" TAGREFS=""/>
            <SP HPOS="555" ID="SP_520.10.14.4" VPOS="2359" WIDTH="11"/>
            <String CONTENT="more" HEIGHT="24" HPOS="566" ID="ST_520.10.14.5" STYLEREFS="Style_3" VPOS="2359" WIDTH="96" WC="0.82" CC="0000" TAGREFS=""/>
            <SP HPOS="662" ID="SP_520.10.14.6" VPOS="2348" WIDTH="10"/>
            <String CONTENT="lenient" HEIGHT="34" HPOS="672" ID="ST_520.10.14.7" STYLEREFS="Style_3" VPOS="2348" WIDTH="128" WC="0.90" CC="0000000" TAGREFS=""/>
            <SP HPOS="800" ID="SP_520.10.14.8" VPOS="2347" WIDTH="12"/>
            <String CONTENT="parole" HEIGHT="44" HPOS="812" ID="ST_520.10.14.9" STYLEREFS="Style_3" VPOS="2347" WIDTH="118" WC="1.00" CC="000000" TAGREFS=""/>
            <SP HPOS="930" ID="SP_520.10.14.10" VPOS="2347" WIDTH="11"/>
            <String CONTENT="eligibility" HEIGHT="44" HPOS="941" ID="ST_520.10.14.11" STYLEREFS="Style_3" VPOS="2347" WIDTH="180" WC="0.96" CC="00000000000" TAGREFS=""/>
            <SP HPOS="1121" ID="SP_520.10.14.12" VPOS="2352" WIDTH="11"/>
            <String CONTENT="statute" HEIGHT="29" HPOS="1132" ID="ST_520.10.14.13" STYLEREFS="Style_3" VPOS="2352" WIDTH="130" WC="0.96" CC="0000000" TAGREFS=""/>
            <SP HPOS="1262" ID="SP_520.10.14.14" VPOS="2347" WIDTH="11"/>
            <String CONTENT="in" HEIGHT="34" HPOS="1273" ID="ST_520.10.14.15" STYLEREFS="Style_3" VPOS="2347" WIDTH="35" WC="0.70" CC="00" TAGREFS=""/>
            <SP HPOS="1308" ID="SP_520.10.14.16" VPOS="2347" WIDTH="12"/>
            <String CONTENT="effect" HEIGHT="34" HPOS="1320" ID="ST_520.10.14.17" STYLEREFS="Style_3" VPOS="2347" WIDTH="103" WC="0.74" CC="000000" TAGREFS=""/>
            <SP HPOS="1423" ID="SP_520.10.14.18" VPOS="2347" WIDTH="10"/>
            <String CONTENT="when" HEIGHT="34" HPOS="1433" ID="ST_520.10.14.19" STYLEREFS="Style_3" VPOS="2347" WIDTH="99" WC="0.80" CC="0000" TAGREFS=""/>
          </TextLine>
          <TextLine HEIGHT="45" HPOS="321" ID="TL_520.10.15" VPOS="2396" WIDTH="1052">
            <String CONTENT="he" HEIGHT="35" HPOS="321" ID="ST_520.10.15.1" STYLEREFS="Style_3" VPOS="2398" WIDTH="44" WC="0.78" CC="00" TAGREFS=""/>
            <SP HPOS="365" ID="SP_520.10.15.2" VPOS="2397" WIDTH="19"/>
            <String CONTENT="committed" HEIGHT="36" HPOS="384" ID="ST_520.10.15.3" STYLEREFS="Style_3" VPOS="2397" WIDTH="203" WC="1.00" CC="000000000" TAGREFS=""/>
            <SP HPOS="587" ID="SP_520.10.15.4" VPOS="2398" WIDTH="20"/>
            <String CONTENT="the" HEIGHT="34" HPOS="607" ID="ST_520.10.15.5" STYLEREFS="Style_3" VPOS="2398" WIDTH="59" WC="0.98" CC="000" TAGREFS=""/>
            <SP HPOS="666" ID="SP_520.10.15.6" VPOS="2397" WIDTH="20"/>
            <String CONTENT="earlier" HEIGHT="35" HPOS="686" ID="ST_520.10.15.7" STYLEREFS="Style_3" VPOS="2397" WIDTH="122" WC="0.96" CC="0000000" TAGREFS=""/>
            <SP HPOS="808" ID="SP_520.10.15.8" VPOS="2397" WIDTH="20"/>
            <String CONTENT="federal" HEIGHT="35" HPOS="828" ID="ST_520.10.15.9" STYLEREFS="Style_3" VPOS="2397" WIDTH="132" WC="0.97" CC="0000000" TAGREFS=""/>
            <SP HPOS="960" ID="SP_520.10.15.10" VPOS="2397" WIDTH="21"/>
            <String CONTENT="felony" HEIGHT="44" HPOS="981" ID="ST_520.10.15.11" STYLEREFS="Style_3" VPOS="2397" WIDTH="116" WC="0.93" CC="000000" TAGREFS=""/>
            <SP HPOS="1097" ID="SP_520.10.15.12" VPOS="2396" WIDTH="20"/>
            <String CONTENT="should" HEIGHT="35" HPOS="1117" ID="ST_520.10.15.13" STYLEREFS="Style_3" VPOS="2396" WIDTH="122" WC="0.94" CC="000000" TAGREFS=""/>
            <SP HPOS="1239" ID="SP_520.10.15.14" VPOS="2397" WIDTH="21"/>
            <String CONTENT="apply." HEIGHT="43" HPOS="1260" ID="ST_520.10.15.15" STYLEREFS="Style_3" VPOS="2397" WIDTH="113" WC="1.00" CC="000000" TAGREFS=""/>
          </TextLine>
        </TextBlock>
      </PrintSpace>
    </Page>
  </Layout>
</alto>
