<?xml version='1.0' encoding='utf-8'?>
<alto xmlns="http://www.loc.gov/standards/alto/ns-v3#">
  <!--Created by Innodata R.E.D. RLI tool: 2017-04-25 06:27:35.477030-->
  <Description>
    <MeasurementUnit>pixel</MeasurementUnit>
    <sourceImageInformation>
      <fileName>32044078577194_00271_0.tif</fileName>
    </sourceImageInformation>
    <OCRProcessing ID="OP_1">
      <ocrProcessingStep>
        <processingStepDescription>Alto coordinates refer to the deskewed TIFF file. 
		To convert point (x, y) to original image (TIFF or JP2) apply transformation matrix T=(m00, m01, m10, m11, b0, b1) using the rule:
			T * (x,y) = (m00 * x + m01 * y + b0), (m10 * x + m11 * y + b1)</processingStepDescription>
        <processingStepSettings>RED.transform=(0.999995500003375, -0.002999995500002025, 0.002999995500002025, 0.999995500003375, 0.03200000000003911, -4.97200000000002)</processingStepSettings>
      </ocrProcessingStep>
    </OCRProcessing>
  </Description>
  <Styles>
    <TextStyle FONTFAMILY="Times New Roman" FONTSIZE="11.00" FONTTYPE="serif" FONTWIDTH="proportional" ID="Style_5"/>
    <TextStyle FONTFAMILY="Times New Roman" FONTSIZE="11.00" FONTSTYLE="italics" FONTTYPE="serif" FONTWIDTH="proportional" ID="Style_6"/>
  </Styles>
  <Tags>
    <StructureTag ID="A-d" LABEL="citation"/>
    <StructureTag ID="b540-12" LABEL="p"/>
    <StructureTag ID="ABv" LABEL="pagelabel"/>
    <StructureTag ID="b541-4" LABEL="p"/>
    <StructureTag ID="b541-5" LABEL="p"/>
    <StructureTag ID="b541-6" LABEL="p"/>
    <StructureTag ID="b541-7" LABEL="p"/>
  </Tags>
  <Layout>
    <Page HEIGHT="2693" ID="PG_541" PHYSICAL_IMG_NR="541" WIDTH="1656">
      <PrintSpace HEIGHT="2693" HPOS="0" ID="PS_541" VPOS="0" WIDTH="1656">
        <TextBlock HEIGHT="36.0" HPOS="1015.0" ID="BL_541.1" TAGREFS="A-d" VPOS="1576.0" WIDTH="321.0">
          <TextLine HEIGHT="36" HPOS="1015" ID="TL_541.1.1" VPOS="1576" WIDTH="321">
            <String CONTENT="709" HEIGHT="33" HPOS="1015" ID="ST_541.1.1.1" STYLEREFS="Style_5" VPOS="1578" WIDTH="68" WC="1.00" CC="000" TAGREFS=""/>
            <SP HPOS="1083" ID="SP_541.1.1.2" VPOS="1576" WIDTH="21"/>
            <String CONTENT="S.W.2d" HEIGHT="36" HPOS="1104" ID="ST_541.1.1.3" STYLEREFS="Style_5" VPOS="1576" WIDTH="143" WC="0.93" CC="000000" TAGREFS=""/>
            <SP HPOS="1247" ID="SP_541.1.1.4" VPOS="1578" WIDTH="20"/>
            <String CONTENT="410" HEIGHT="34" HPOS="1267" ID="ST_541.1.1.5" STYLEREFS="Style_5" VPOS="1578" WIDTH="69" WC="0.92" CC="000" TAGREFS=""/>
          </TextLine>
        </TextBlock>
        <TextBlock HEIGHT="143.0" HPOS="116.0" ID="BL_541.5" TAGREFS="b540-12" VPOS="411.0" WIDTH="1218.0">
          <TextLine HEIGHT="44" HPOS="118" ID="TL_541.5.1" VPOS="411" WIDTH="1215">
            <String CONTENT="the" HEIGHT="34" HPOS="118" ID="ST_541.5.1.1" STYLEREFS="Style_5" VPOS="412" WIDTH="59" WC="1.00" CC="000" TAGREFS=""/>
            <SP HPOS="177" ID="SP_541.5.1.2" VPOS="411" WIDTH="19"/>
            <String CONTENT="federal" HEIGHT="35" HPOS="196" ID="ST_541.5.1.3" STYLEREFS="Style_5" VPOS="411" WIDTH="132" WC="0.98" CC="0000000" TAGREFS=""/>
            <SP HPOS="328" ID="SP_541.5.1.4" VPOS="416" WIDTH="18"/>
            <String CONTENT="government." HEIGHT="39" HPOS="346" ID="ST_541.5.1.5" STYLEREFS="Style_5" VPOS="416" WIDTH="233" WC="0.93" CC="00000000000" TAGREFS=""/>
            <SP HPOS="579" ID="SP_541.5.1.6" VPOS="413" WIDTH="20"/>
            <String CONTENT="Boston" HEIGHT="33" HPOS="599" ID="ST_541.5.1.7" STYLEREFS="Style_6" VPOS="413" WIDTH="133" WC="0.95" CC="000000" TAGREFS=""/>
            <SP HPOS="732" ID="SP_541.5.1.8" VPOS="411" WIDTH="16"/>
            <String CONTENT="Stock" HEIGHT="35" HPOS="748" ID="ST_541.5.1.9" STYLEREFS="Style_6" VPOS="411" WIDTH="112" WC="0.96" CC="00000" TAGREFS=""/>
            <SP HPOS="860" ID="SP_541.5.1.10" VPOS="411" WIDTH="18"/>
            <String CONTENT="Exchange" HEIGHT="44" HPOS="878" ID="ST_541.5.1.11" STYLEREFS="Style_6" VPOS="411" WIDTH="191" WC="1.00" CC="00000000" TAGREFS=""/>
            <SP HPOS="1069" ID="SP_541.5.1.12" VPOS="423" WIDTH="16"/>
            <String CONTENT="v." HEIGHT="23" HPOS="1085" ID="ST_541.5.1.13" STYLEREFS="Style_5" VPOS="423" WIDTH="31" WC="1.00" CC="00" TAGREFS=""/>
            <SP HPOS="1116" ID="SP_541.5.1.14" VPOS="412" WIDTH="18"/>
            <String CONTENT="State" HEIGHT="34" HPOS="1134" ID="ST_541.5.1.15" STYLEREFS="Style_6" VPOS="412" WIDTH="103" WC="0.96" CC="00000" TAGREFS=""/>
            <SP HPOS="1237" ID="SP_541.5.1.16" VPOS="413" WIDTH="21"/>
            <String CONTENT="Tax" HEIGHT="33" HPOS="1258" ID="ST_541.5.1.17" STYLEREFS="Style_6" VPOS="413" WIDTH="75" WC="1.00" CC="000" TAGREFS=""/>
          </TextLine>
          <TextLine HEIGHT="45" HPOS="120" ID="TL_541.5.2" VPOS="461" WIDTH="1214">
            <String CONTENT="Commission," HEIGHT="39" HPOS="120" ID="ST_541.5.2.1" STYLEREFS="Style_6" VPOS="463" WIDTH="248" WC="0.92" CC="00000000090" TAGREFS=""/>
            <SP HPOS="368" ID="SP_541.5.2.2" VPOS="463" WIDTH="14"/>
            <String CONTENT="429" HEIGHT="33" HPOS="382" ID="ST_541.5.2.3" STYLEREFS="Style_5" VPOS="463" WIDTH="67" WC="1.00" CC="000" TAGREFS=""/>
            <SP HPOS="449" ID="SP_541.5.2.4" VPOS="461" WIDTH="14"/>
            <String CONTENT="U.S." HEIGHT="36" HPOS="463" ID="ST_541.5.2.5" STYLEREFS="Style_5" VPOS="461" WIDTH="84" WC="0.96" CC="0000" TAGREFS=""/>
            <SP HPOS="547" ID="SP_541.5.2.6" VPOS="463" WIDTH="17"/>
            <String CONTENT="318" HEIGHT="33" HPOS="564" ID="ST_541.5.2.7" STYLEREFS="Style_5" VPOS="463" WIDTH="65" WC="0.96" CC="000" TAGREFS=""/>
            <SP HPOS="629" ID="SP_541.5.2.8" VPOS="461" WIDTH="17"/>
            <String CONTENT="(1977);" HEIGHT="44" HPOS="646" ID="ST_541.5.2.9" STYLEREFS="Style_5" VPOS="461" WIDTH="139" WC="0.93" CC="0000000" TAGREFS=""/>
            <SP HPOS="785" ID="SP_541.5.2.10" VPOS="462" WIDTH="15"/>
            <String CONTENT="City" HEIGHT="42" HPOS="800" ID="ST_541.5.2.11" STYLEREFS="Style_6" VPOS="462" WIDTH="79" WC="1.00" CC="0000" TAGREFS=""/>
            <SP HPOS="879" ID="SP_541.5.2.12" VPOS="461" WIDTH="13"/>
            <String CONTENT="of" HEIGHT="44" HPOS="892" ID="ST_541.5.2.13" STYLEREFS="Style_6" VPOS="461" WIDTH="46" WC="1.00" CC="00" TAGREFS=""/>
            <SP HPOS="938" ID="SP_541.5.2.14" VPOS="461" WIDTH="4"/>
            <String CONTENT="Philadelphia" HEIGHT="45" HPOS="942" ID="ST_541.5.2.15" STYLEREFS="Style_6" VPOS="461" WIDTH="251" WC="0.96" CC="000000000000" TAGREFS=""/>
            <SP HPOS="1193" ID="SP_541.5.2.16" VPOS="473" WIDTH="11"/>
            <String CONTENT="v." HEIGHT="23" HPOS="1204" ID="ST_541.5.2.17" STYLEREFS="Style_5" VPOS="473" WIDTH="31" WC="0.82" CC="00" TAGREFS=""/>
            <SP HPOS="1235" ID="SP_541.5.2.18" VPOS="464" WIDTH="13"/>
            <String CONTENT="New" HEIGHT="32" HPOS="1248" ID="ST_541.5.2.19" STYLEREFS="Style_6" VPOS="464" WIDTH="86" WC="1.00" CC="090" TAGREFS=""/>
          </TextLine>
          <TextLine HEIGHT="43" HPOS="116" ID="TL_541.5.3" VPOS="511" WIDTH="580">
            <String CONTENT="Jersey," HEIGHT="41" HPOS="116" ID="ST_541.5.3.1" STYLEREFS="Style_6" VPOS="513" WIDTH="135" WC="0.83" CC="0000000" TAGREFS=""/>
            <SP HPOS="251" ID="SP_541.5.3.2" VPOS="513" WIDTH="22"/>
            <String CONTENT="437" HEIGHT="33" HPOS="273" ID="ST_541.5.3.3" STYLEREFS="Style_5" VPOS="513" WIDTH="67" WC="0.90" CC="000" TAGREFS=""/>
            <SP HPOS="340" ID="SP_541.5.3.4" VPOS="512" WIDTH="22"/>
            <String CONTENT="U.S." HEIGHT="34" HPOS="362" ID="ST_541.5.3.5" STYLEREFS="Style_5" VPOS="512" WIDTH="83" WC="0.88" CC="0000" TAGREFS=""/>
            <SP HPOS="445" ID="SP_541.5.3.6" VPOS="513" WIDTH="22"/>
            <String CONTENT="617" HEIGHT="33" HPOS="467" ID="ST_541.5.3.7" STYLEREFS="Style_5" VPOS="513" WIDTH="67" WC="0.87" CC="000" TAGREFS=""/>
            <SP HPOS="534" ID="SP_541.5.3.8" VPOS="511" WIDTH="24"/>
            <String CONTENT="(1978)." HEIGHT="43" HPOS="558" ID="ST_541.5.3.9" STYLEREFS="Style_5" VPOS="511" WIDTH="138" WC="0.98" CC="0000000" TAGREFS=""/>
          </TextLine>
        </TextBlock>
        <TextBlock HEIGHT="33.0" HPOS="1215.0" ID="BL_541.7" TAGREFS="ABv" VPOS="271.0" WIDTH="118.0">
          <TextLine HEIGHT="33" HPOS="1215" ID="TL_541.7.1" VPOS="271" WIDTH="118">
            <String CONTENT="506-A" HEIGHT="33" HPOS="1215" ID="ST_541.7.1.1" STYLEREFS="Style_5" VPOS="271" WIDTH="118" WC="0.95" CC="00000" TAGREFS=""/>
          </TextLine>
        </TextBlock>
        <TextBlock HEIGHT="143.0" HPOS="118.0" ID="BL_541.8" TAGREFS="b541-4" VPOS="629.0" WIDTH="1216.0">
          <TextLine HEIGHT="44" HPOS="211" ID="TL_541.8.1" VPOS="629" WIDTH="1123">
            <String CONTENT="Perhaps" HEIGHT="44" HPOS="211" ID="ST_541.8.1.1" STYLEREFS="Style_5" VPOS="629" WIDTH="152" WC="0.94" CC="0000000" TAGREFS=""/>
            <SP HPOS="363" ID="SP_541.8.1.2" VPOS="635" WIDTH="10"/>
            <String CONTENT="most" HEIGHT="29" HPOS="373" ID="ST_541.8.1.3" STYLEREFS="Style_5" VPOS="635" WIDTH="89" WC="1.00" CC="0000" TAGREFS=""/>
            <SP HPOS="462" ID="SP_541.8.1.4" VPOS="630" WIDTH="10"/>
            <String CONTENT="important" HEIGHT="43" HPOS="472" ID="ST_541.8.1.5" STYLEREFS="Style_5" VPOS="630" WIDTH="191" WC="0.96" CC="000000000" TAGREFS=""/>
            <SP HPOS="663" ID="SP_541.8.1.6" VPOS="635" WIDTH="9"/>
            <String CONTENT="to" HEIGHT="29" HPOS="672" ID="ST_541.8.1.7" STYLEREFS="Style_5" VPOS="635" WIDTH="36" WC="1.00" CC="00" TAGREFS=""/>
            <SP HPOS="708" ID="SP_541.8.1.8" VPOS="641" WIDTH="10"/>
            <String CONTENT="us" HEIGHT="23" HPOS="718" ID="ST_541.8.1.9" STYLEREFS="Style_5" VPOS="641" WIDTH="39" WC="1.00" CC="00" TAGREFS=""/>
            <SP HPOS="757" ID="SP_541.8.1.10" VPOS="630" WIDTH="11"/>
            <String CONTENT="in" HEIGHT="34" HPOS="768" ID="ST_541.8.1.11" STYLEREFS="Style_5" VPOS="630" WIDTH="34" WC="0.85" CC="00" TAGREFS=""/>
            <SP HPOS="802" ID="SP_541.8.1.12" VPOS="630" WIDTH="9"/>
            <String CONTENT="Arkansas" HEIGHT="34" HPOS="811" ID="ST_541.8.1.13" STYLEREFS="Style_5" VPOS="630" WIDTH="179" WC="0.97" CC="00000000" TAGREFS=""/>
            <SP HPOS="990" ID="SP_541.8.1.14" VPOS="630" WIDTH="11"/>
            <String CONTENT="is" HEIGHT="34" HPOS="1001" ID="ST_541.8.1.15" STYLEREFS="Style_5" VPOS="630" WIDTH="28" WC="0.82" CC="00" TAGREFS=""/>
            <SP HPOS="1029" ID="SP_541.8.1.16" VPOS="631" WIDTH="10"/>
            <String CONTENT="the" HEIGHT="34" HPOS="1039" ID="ST_541.8.1.17" STYLEREFS="Style_5" VPOS="631" WIDTH="59" WC="1.00" CC="000" TAGREFS=""/>
            <SP HPOS="1098" ID="SP_541.8.1.18" VPOS="631" WIDTH="10"/>
            <String CONTENT="fact" HEIGHT="34" HPOS="1108" ID="ST_541.8.1.19" STYLEREFS="Style_5" VPOS="631" WIDTH="72" WC="1.00" CC="0000" TAGREFS=""/>
            <SP HPOS="1180" ID="SP_541.8.1.20" VPOS="630" WIDTH="10"/>
            <String CONTENT="that" HEIGHT="35" HPOS="1190" ID="ST_541.8.1.21" STYLEREFS="Style_5" VPOS="630" WIDTH="76" WC="1.00" CC="0000" TAGREFS=""/>
            <SP HPOS="1266" ID="SP_541.8.1.22" VPOS="631" WIDTH="10"/>
            <String CONTENT="the" HEIGHT="34" HPOS="1276" ID="ST_541.8.1.23" STYLEREFS="Style_5" VPOS="631" WIDTH="58" WC="0.80" CC="000" TAGREFS=""/>
          </TextLine>
          <TextLine HEIGHT="45" HPOS="118" ID="TL_541.8.2" VPOS="679" WIDTH="1216">
            <String CONTENT="tax" HEIGHT="29" HPOS="118" ID="ST_541.8.2.1" STYLEREFS="Style_5" VPOS="685" WIDTH="60" WC="1.00" CC="000" TAGREFS=""/>
            <SP HPOS="178" ID="SP_541.8.2.2" VPOS="690" WIDTH="15"/>
            <String CONTENT="as" HEIGHT="23" HPOS="193" ID="ST_541.8.2.3" STYLEREFS="Style_5" VPOS="690" WIDTH="37" WC="1.00" CC="00" TAGREFS=""/>
            <SP HPOS="230" ID="SP_541.8.2.4" VPOS="679" WIDTH="14"/>
            <String CONTENT="delineated" HEIGHT="35" HPOS="244" ID="ST_541.8.2.5" STYLEREFS="Style_5" VPOS="679" WIDTH="195" WC="0.95" CC="0000000000" TAGREFS=""/>
            <SP HPOS="439" ID="SP_541.8.2.6" VPOS="680" WIDTH="14"/>
            <String CONTENT="does" HEIGHT="34" HPOS="453" ID="ST_541.8.2.7" STYLEREFS="Style_5" VPOS="680" WIDTH="81" WC="0.98" CC="0000" TAGREFS=""/>
            <SP HPOS="534" ID="SP_541.8.2.8" VPOS="685" WIDTH="14"/>
            <String CONTENT="not" HEIGHT="29" HPOS="548" ID="ST_541.8.2.9" STYLEREFS="Style_5" VPOS="685" WIDTH="60" WC="0.81" CC="000" TAGREFS=""/>
            <SP HPOS="608" ID="SP_541.8.2.10" VPOS="680" WIDTH="14"/>
            <String CONTENT="make" HEIGHT="34" HPOS="622" ID="ST_541.8.2.11" STYLEREFS="Style_5" VPOS="680" WIDTH="103" WC="0.93" CC="0000" TAGREFS=""/>
            <SP HPOS="725" ID="SP_541.8.2.12" VPOS="680" WIDTH="14"/>
            <String CONTENT="those" HEIGHT="35" HPOS="739" ID="ST_541.8.2.13" STYLEREFS="Style_5" VPOS="680" WIDTH="97" WC="0.96" CC="00000" TAGREFS=""/>
            <SP HPOS="836" ID="SP_541.8.2.14" VPOS="690" WIDTH="13"/>
            <String CONTENT="pay" HEIGHT="33" HPOS="849" ID="ST_541.8.2.15" STYLEREFS="Style_5" VPOS="690" WIDTH="67" WC="1.00" CC="000" TAGREFS=""/>
            <SP HPOS="916" ID="SP_541.8.2.16" VPOS="680" WIDTH="14"/>
            <String CONTENT="who" HEIGHT="35" HPOS="930" ID="ST_541.8.2.17" STYLEREFS="Style_5" VPOS="680" WIDTH="77" WC="0.96" CC="000" TAGREFS=""/>
            <SP HPOS="1007" ID="SP_541.8.2.18" VPOS="692" WIDTH="13"/>
            <String CONTENT="may" HEIGHT="32" HPOS="1020" ID="ST_541.8.2.19" STYLEREFS="Style_5" VPOS="692" WIDTH="82" WC="0.83" CC="000" TAGREFS=""/>
            <SP HPOS="1102" ID="SP_541.8.2.20" VPOS="680" WIDTH="13"/>
            <String CONTENT="do" HEIGHT="35" HPOS="1115" ID="ST_541.8.2.21" STYLEREFS="Style_5" VPOS="680" WIDTH="44" WC="1.00" CC="00" TAGREFS=""/>
            <SP HPOS="1159" ID="SP_541.8.2.22" VPOS="680" WIDTH="14"/>
            <String CONTENT="the" HEIGHT="34" HPOS="1173" ID="ST_541.8.2.23" STYLEREFS="Style_5" VPOS="680" WIDTH="59" WC="1.00" CC="000" TAGREFS=""/>
            <SP HPOS="1232" ID="SP_541.8.2.24" VPOS="686" WIDTH="12"/>
            <String CONTENT="most" HEIGHT="29" HPOS="1244" ID="ST_541.8.2.25" STYLEREFS="Style_5" VPOS="686" WIDTH="90" WC="1.00" CC="0000" TAGREFS=""/>
          </TextLine>
          <TextLine HEIGHT="43" HPOS="119" ID="TL_541.8.3" VPOS="729" WIDTH="526">
            <String CONTENT="damage;" HEIGHT="43" HPOS="119" ID="ST_541.8.3.1" STYLEREFS="Style_5" VPOS="729" WIDTH="161" WC="1.00" CC="0000000" TAGREFS=""/>
            <SP HPOS="280" ID="SP_541.8.3.2" VPOS="740" WIDTH="21"/>
            <String CONTENT="our" HEIGHT="24" HPOS="301" ID="ST_541.8.3.3" STYLEREFS="Style_5" VPOS="740" WIDTH="62" WC="0.89" CC="000" TAGREFS=""/>
            <SP HPOS="363" ID="SP_541.8.3.4" VPOS="740" WIDTH="20"/>
            <String CONTENT="own" HEIGHT="24" HPOS="383" ID="ST_541.8.3.5" STYLEREFS="Style_5" VPOS="740" WIDTH="75" WC="0.88" CC="000" TAGREFS=""/>
            <SP HPOS="458" ID="SP_541.8.3.6" VPOS="729" WIDTH="20"/>
            <String CONTENT="truckers." HEIGHT="36" HPOS="478" ID="ST_541.8.3.7" STYLEREFS="Style_5" VPOS="729" WIDTH="167" WC="0.93" CC="000000000" TAGREFS=""/>
          </TextLine>
        </TextBlock>
        <TextBlock HEIGHT="345.0" HPOS="119.0" ID="BL_541.9" TAGREFS="b541-5" VPOS="847.0" WIDTH="1217.0">
          <TextLine HEIGHT="46" HPOS="210" ID="TL_541.9.1" VPOS="847" WIDTH="1124">
            <String CONTENT="The" HEIGHT="34" HPOS="210" ID="ST_541.9.1.1" STYLEREFS="Style_5" VPOS="848" WIDTH="76" WC="0.63" CC="000" TAGREFS=""/>
            <SP HPOS="286" ID="SP_541.9.1.2" VPOS="853" WIDTH="8"/>
            <String CONTENT="tax" HEIGHT="29" HPOS="294" ID="ST_541.9.1.3" STYLEREFS="Style_5" VPOS="853" WIDTH="60" WC="0.77" CC="000" TAGREFS=""/>
            <SP HPOS="354" ID="SP_541.9.1.4" VPOS="854" WIDTH="9"/>
            <String CONTENT="must" HEIGHT="29" HPOS="363" ID="ST_541.9.1.5" STYLEREFS="Style_5" VPOS="854" WIDTH="92" WC="0.66" CC="0000" TAGREFS=""/>
            <SP HPOS="455" ID="SP_541.9.1.6" VPOS="849" WIDTH="9"/>
            <String CONTENT="be" HEIGHT="34" HPOS="464" ID="ST_541.9.1.7" STYLEREFS="Style_5" VPOS="849" WIDTH="44" WC="0.38" CC="00" TAGREFS=""/>
            <SP HPOS="508" ID="SP_541.9.1.8" VPOS="847" WIDTH="8"/>
            <String CONTENT="fairly" HEIGHT="45" HPOS="516" ID="ST_541.9.1.9" STYLEREFS="Style_5" VPOS="847" WIDTH="103" WC="0.64" CC="000000" TAGREFS=""/>
            <SP HPOS="619" ID="SP_541.9.1.10" VPOS="849" WIDTH="10"/>
            <String CONTENT="related" HEIGHT="34" HPOS="629" ID="ST_541.9.1.11" STYLEREFS="Style_5" VPOS="849" WIDTH="132" WC="0.75" CC="0000000" TAGREFS=""/>
            <SP HPOS="761" ID="SP_541.9.1.12" VPOS="854" WIDTH="9"/>
            <String CONTENT="to" HEIGHT="29" HPOS="770" ID="ST_541.9.1.13" STYLEREFS="Style_5" VPOS="854" WIDTH="36" WC="0.69" CC="00" TAGREFS=""/>
            <SP HPOS="806" ID="SP_541.9.1.14" VPOS="849" WIDTH="8"/>
            <String CONTENT="the" HEIGHT="34" HPOS="814" ID="ST_541.9.1.15" STYLEREFS="Style_5" VPOS="849" WIDTH="60" WC="0.71" CC="000" TAGREFS=""/>
            <SP HPOS="874" ID="SP_541.9.1.16" VPOS="849" WIDTH="8"/>
            <String CONTENT="services" HEIGHT="34" HPOS="882" ID="ST_541.9.1.17" STYLEREFS="Style_5" VPOS="849" WIDTH="147" WC="0.68" CC="00000000" TAGREFS=""/>
            <SP HPOS="1029" ID="SP_541.9.1.18" VPOS="848" WIDTH="9"/>
            <String CONTENT="provided," HEIGHT="45" HPOS="1038" ID="ST_541.9.1.19" STYLEREFS="Style_5" VPOS="848" WIDTH="175" WC="0.64" CC="000000000" TAGREFS=""/>
            <SP HPOS="1213" ID="SP_541.9.1.20" VPOS="849" WIDTH="9"/>
            <String CONTENT="in" HEIGHT="34" HPOS="1222" ID="ST_541.9.1.21" STYLEREFS="Style_5" VPOS="849" WIDTH="36" WC="1.00" CC="00" TAGREFS=""/>
            <SP HPOS="1258" ID="SP_541.9.1.22" VPOS="850" WIDTH="8"/>
            <String CONTENT="this" HEIGHT="34" HPOS="1266" ID="ST_541.9.1.23" STYLEREFS="Style_5" VPOS="850" WIDTH="68" WC="0.57" CC="0000" TAGREFS=""/>
          </TextLine>
          <TextLine HEIGHT="45" HPOS="119" ID="TL_541.9.2" VPOS="897" WIDTH="1216">
            <String CONTENT="case" HEIGHT="24" HPOS="119" ID="ST_541.9.2.1" STYLEREFS="Style_5" VPOS="908" WIDTH="81" WC="1.00" CC="0000" TAGREFS=""/>
            <SP HPOS="200" ID="SP_541.9.2.2" VPOS="897" WIDTH="9"/>
            <String CONTENT="decent" HEIGHT="35" HPOS="209" ID="ST_541.9.2.3" STYLEREFS="Style_5" VPOS="897" WIDTH="124" WC="0.90" CC="000000" TAGREFS=""/>
            <SP HPOS="333" ID="SP_541.9.2.4" VPOS="898" WIDTH="10"/>
            <String CONTENT="highways." HEIGHT="44" HPOS="343" ID="ST_541.9.2.5" STYLEREFS="Style_5" VPOS="898" WIDTH="187" WC="0.99" CC="000000000" TAGREFS=""/>
            <SP HPOS="530" ID="SP_541.9.2.6" VPOS="898" WIDTH="14"/>
            <String CONTENT="Complete" HEIGHT="44" HPOS="544" ID="ST_541.9.2.7" STYLEREFS="Style_6" VPOS="898" WIDTH="184" WC="0.98" CC="00000000" TAGREFS=""/>
            <SP HPOS="728" ID="SP_541.9.2.8" VPOS="900" WIDTH="8"/>
            <String CONTENT="Auto" HEIGHT="33" HPOS="736" ID="ST_541.9.2.9" STYLEREFS="Style_6" VPOS="900" WIDTH="97" WC="1.00" CC="0000" TAGREFS=""/>
            <SP HPOS="833" ID="SP_541.9.2.10" VPOS="900" WIDTH="13"/>
            <String CONTENT="Transit," HEIGHT="38" HPOS="846" ID="ST_541.9.2.11" STYLEREFS="Style_6" VPOS="900" WIDTH="148" WC="0.98" CC="00000000" TAGREFS=""/>
            <SP HPOS="994" ID="SP_541.9.2.12" VPOS="901" WIDTH="11"/>
            <String CONTENT="Inc." HEIGHT="32" HPOS="1005" ID="ST_541.9.2.13" STYLEREFS="Style_6" VPOS="901" WIDTH="70" WC="0.90" CC="0000" TAGREFS=""/>
            <SP HPOS="1075" ID="SP_541.9.2.14" VPOS="911" WIDTH="11"/>
            <String CONTENT="v." HEIGHT="23" HPOS="1086" ID="ST_541.9.2.15" STYLEREFS="Style_5" VPOS="911" WIDTH="30" WC="1.00" CC="00" TAGREFS=""/>
            <SP HPOS="1116" ID="SP_541.9.2.16" VPOS="898" WIDTH="11"/>
            <String CONTENT="Brady," HEIGHT="44" HPOS="1127" ID="ST_541.9.2.17" STYLEREFS="Style_6" VPOS="898" WIDTH="128" WC="0.97" CC="000000" TAGREFS=""/>
            <SP HPOS="1255" ID="SP_541.9.2.18" VPOS="900" WIDTH="12"/>
            <String CONTENT="430" HEIGHT="34" HPOS="1267" ID="ST_541.9.2.19" STYLEREFS="Style_5" VPOS="900" WIDTH="68" WC="0.92" CC="000" TAGREFS=""/>
          </TextLine>
          <TextLine HEIGHT="44" HPOS="120" ID="TL_541.9.3" VPOS="948" WIDTH="1215">
            <String CONTENT="U.S." HEIGHT="34" HPOS="120" ID="ST_541.9.3.1" STYLEREFS="Style_5" VPOS="948" WIDTH="85" WC="1.00" CC="0000" TAGREFS=""/>
            <SP HPOS="205" ID="SP_541.9.3.2" VPOS="949" WIDTH="13"/>
            <String CONTENT="274" HEIGHT="33" HPOS="218" ID="ST_541.9.3.3" STYLEREFS="Style_5" VPOS="949" WIDTH="69" WC="1.00" CC="000" TAGREFS=""/>
            <SP HPOS="287" ID="SP_541.9.3.4" VPOS="948" WIDTH="13"/>
            <String CONTENT="(1977)." HEIGHT="42" HPOS="300" ID="ST_541.9.3.5" STYLEREFS="Style_5" VPOS="948" WIDTH="137" WC="0.96" CC="0000000" TAGREFS=""/>
            <SP HPOS="437" ID="SP_541.9.3.6" VPOS="949" WIDTH="12"/>
            <String CONTENT="A" HEIGHT="34" HPOS="449" ID="ST_541.9.3.7" STYLEREFS="Style_5" VPOS="949" WIDTH="33" WC="1.00" CC="0" TAGREFS=""/>
            <SP HPOS="482" ID="SP_541.9.3.8" VPOS="948" WIDTH="11"/>
            <String CONTENT="mile-weight" HEIGHT="43" HPOS="493" ID="ST_541.9.3.9" STYLEREFS="Style_5" VPOS="948" WIDTH="226" WC="0.90" CC="00000000000" TAGREFS=""/>
            <SP HPOS="719" ID="SP_541.9.3.10" VPOS="954" WIDTH="11"/>
            <String CONTENT="tax" HEIGHT="29" HPOS="730" ID="ST_541.9.3.11" STYLEREFS="Style_5" VPOS="954" WIDTH="59" WC="1.00" CC="000" TAGREFS=""/>
            <SP HPOS="789" ID="SP_541.9.3.12" VPOS="949" WIDTH="11"/>
            <String CONTENT="is" HEIGHT="34" HPOS="800" ID="ST_541.9.3.13" STYLEREFS="Style_5" VPOS="949" WIDTH="27" WC="1.00" CC="00" TAGREFS=""/>
            <SP HPOS="827" ID="SP_541.9.3.14" VPOS="948" WIDTH="12"/>
            <String CONTENT="probably" HEIGHT="44" HPOS="839" ID="ST_541.9.3.15" STYLEREFS="Style_5" VPOS="948" WIDTH="168" WC="0.98" CC="00000000" TAGREFS=""/>
            <SP HPOS="1007" ID="SP_541.9.3.16" VPOS="949" WIDTH="11"/>
            <String CONTENT="the" HEIGHT="34" HPOS="1018" ID="ST_541.9.3.17" STYLEREFS="Style_5" VPOS="949" WIDTH="59" WC="0.93" CC="000" TAGREFS=""/>
            <SP HPOS="1077" ID="SP_541.9.3.18" VPOS="954" WIDTH="11"/>
            <String CONTENT="most" HEIGHT="30" HPOS="1088" ID="ST_541.9.3.19" STYLEREFS="Style_5" VPOS="954" WIDTH="90" WC="1.00" CC="0000" TAGREFS=""/>
            <SP HPOS="1178" ID="SP_541.9.3.20" VPOS="949" WIDTH="11"/>
            <String CONTENT="fair" HEIGHT="34" HPOS="1189" ID="ST_541.9.3.21" STYLEREFS="Style_5" VPOS="949" WIDTH="67" WC="1.00" CC="0000" TAGREFS=""/>
            <SP HPOS="1256" ID="SP_541.9.3.22" VPOS="949" WIDTH="10"/>
            <String CONTENT="and" HEIGHT="35" HPOS="1266" ID="ST_541.9.3.23" STYLEREFS="Style_5" VPOS="949" WIDTH="69" WC="0.96" CC="000" TAGREFS=""/>
          </TextLine>
          <TextLine HEIGHT="44" HPOS="120" ID="TL_541.9.4" VPOS="997" WIDTH="1215">
            <String CONTENT="sensible" HEIGHT="35" HPOS="120" ID="ST_541.9.4.1" STYLEREFS="Style_5" VPOS="997" WIDTH="149" WC="0.90" CC="00000000" TAGREFS=""/>
            <SP HPOS="269" ID="SP_541.9.4.2" VPOS="1008" WIDTH="11"/>
            <String CONTENT="answer" HEIGHT="24" HPOS="280" ID="ST_541.9.4.3" STYLEREFS="Style_5" VPOS="1008" WIDTH="132" WC="1.00" CC="000000" TAGREFS=""/>
            <SP HPOS="412" ID="SP_541.9.4.4" VPOS="1003" WIDTH="10"/>
            <String CONTENT="to" HEIGHT="29" HPOS="422" ID="ST_541.9.4.5" STYLEREFS="Style_5" VPOS="1003" WIDTH="35" WC="1.00" CC="00" TAGREFS=""/>
            <SP HPOS="457" ID="SP_541.9.4.6" VPOS="999" WIDTH="11"/>
            <String CONTENT="the" HEIGHT="34" HPOS="468" ID="ST_541.9.4.7" STYLEREFS="Style_5" VPOS="999" WIDTH="59" WC="0.98" CC="000" TAGREFS=""/>
            <SP HPOS="527" ID="SP_541.9.4.8" VPOS="998" WIDTH="11"/>
            <String CONTENT="problem:" HEIGHT="43" HPOS="538" ID="ST_541.9.4.9" STYLEREFS="Style_5" VPOS="998" WIDTH="167" WC="0.96" CC="00000000" TAGREFS=""/>
            <SP HPOS="705" ID="SP_541.9.4.10" VPOS="998" WIDTH="13"/>
            <String CONTENT="all" HEIGHT="35" HPOS="718" ID="ST_541.9.4.11" STYLEREFS="Style_5" VPOS="998" WIDTH="46" WC="0.86" CC="000" TAGREFS=""/>
            <SP HPOS="764" ID="SP_541.9.4.12" VPOS="998" WIDTH="11"/>
            <String CONTENT="truckers," HEIGHT="42" HPOS="775" ID="ST_541.9.4.13" STYLEREFS="Style_5" VPOS="998" WIDTH="165" WC="0.91" CC="000000000" TAGREFS=""/>
            <SP HPOS="940" ID="SP_541.9.4.14" VPOS="999" WIDTH="12"/>
            <String CONTENT="Arkansas-based" HEIGHT="35" HPOS="952" ID="ST_541.9.4.15" STYLEREFS="Style_5" VPOS="999" WIDTH="303" WC="0.92" CC="00000000000000" TAGREFS=""/>
            <SP HPOS="1255" ID="SP_541.9.4.16" VPOS="999" WIDTH="12"/>
            <String CONTENT="and" HEIGHT="35" HPOS="1267" ID="ST_541.9.4.17" STYLEREFS="Style_5" VPOS="999" WIDTH="68" WC="0.84" CC="000" TAGREFS=""/>
          </TextLine>
          <TextLine HEIGHT="46" HPOS="120" ID="TL_541.9.5" VPOS="1047" WIDTH="1216">
            <String CONTENT="interstate," HEIGHT="40" HPOS="120" ID="ST_541.9.5.1" STYLEREFS="Style_5" VPOS="1048" WIDTH="192" WC="0.97" CC="00000000000" TAGREFS=""/>
            <SP HPOS="312" ID="SP_541.9.5.2" VPOS="1058" WIDTH="14"/>
            <String CONTENT="pay" HEIGHT="33" HPOS="326" ID="ST_541.9.5.3" STYLEREFS="Style_5" VPOS="1058" WIDTH="67" WC="0.95" CC="000" TAGREFS=""/>
            <SP HPOS="393" ID="SP_541.9.5.4" VPOS="1048" WIDTH="11"/>
            <String CONTENT="equally" HEIGHT="44" HPOS="404" ID="ST_541.9.5.5" STYLEREFS="Style_5" VPOS="1048" WIDTH="138" WC="0.95" CC="0000000" TAGREFS=""/>
            <SP HPOS="542" ID="SP_541.9.5.6" VPOS="1047" WIDTH="12"/>
            <String CONTENT="for" HEIGHT="35" HPOS="554" ID="ST_541.9.5.7" STYLEREFS="Style_5" VPOS="1047" WIDTH="54" WC="0.90" CC="000" TAGREFS=""/>
            <SP HPOS="608" ID="SP_541.9.5.8" VPOS="1048" WIDTH="11"/>
            <String CONTENT="the" HEIGHT="34" HPOS="619" ID="ST_541.9.5.9" STYLEREFS="Style_5" VPOS="1048" WIDTH="60" WC="0.92" CC="000" TAGREFS=""/>
            <SP HPOS="679" ID="SP_541.9.5.10" VPOS="1048" WIDTH="11"/>
            <String CONTENT="damage" HEIGHT="44" HPOS="690" ID="ST_541.9.5.11" STYLEREFS="Style_5" VPOS="1048" WIDTH="149" WC="1.00" CC="000000" TAGREFS=""/>
            <SP HPOS="839" ID="SP_541.9.5.12" VPOS="1053" WIDTH="12"/>
            <String CONTENT="to" HEIGHT="30" HPOS="851" ID="ST_541.9.5.13" STYLEREFS="Style_5" VPOS="1053" WIDTH="35" WC="1.00" CC="00" TAGREFS=""/>
            <SP HPOS="886" ID="SP_541.9.5.14" VPOS="1048" WIDTH="12"/>
            <String CONTENT="the" HEIGHT="35" HPOS="898" ID="ST_541.9.5.15" STYLEREFS="Style_5" VPOS="1048" WIDTH="59" WC="0.86" CC="000" TAGREFS=""/>
            <SP HPOS="957" ID="SP_541.9.5.16" VPOS="1049" WIDTH="12"/>
            <String CONTENT="highways." HEIGHT="44" HPOS="969" ID="ST_541.9.5.17" STYLEREFS="Style_5" VPOS="1049" WIDTH="188" WC="0.92" CC="000000000" TAGREFS=""/>
            <SP HPOS="1157" ID="SP_541.9.5.18" VPOS="1049" WIDTH="14"/>
            <String CONTENT="Not" HEIGHT="34" HPOS="1171" ID="ST_541.9.5.19" STYLEREFS="Style_5" VPOS="1049" WIDTH="74" WC="1.00" CC="000" TAGREFS=""/>
            <SP HPOS="1245" ID="SP_541.9.5.20" VPOS="1049" WIDTH="11"/>
            <String CONTENT="only" HEIGHT="44" HPOS="1256" ID="ST_541.9.5.21" STYLEREFS="Style_5" VPOS="1049" WIDTH="80" WC="0.95" CC="0000" TAGREFS=""/>
          </TextLine>
          <TextLine HEIGHT="45" HPOS="120" ID="TL_541.9.6" VPOS="1098" WIDTH="1216">
            <String CONTENT="is" HEIGHT="33" HPOS="120" ID="ST_541.9.6.1" STYLEREFS="Style_5" VPOS="1098" WIDTH="28" WC="1.00" CC="00" TAGREFS=""/>
            <SP HPOS="148" ID="SP_541.9.6.2" VPOS="1098" WIDTH="12"/>
            <String CONTENT="that" HEIGHT="34" HPOS="160" ID="ST_541.9.6.3" STYLEREFS="Style_5" VPOS="1098" WIDTH="77" WC="0.99" CC="0000" TAGREFS=""/>
            <SP HPOS="237" ID="SP_541.9.6.4" VPOS="1098" WIDTH="11"/>
            <String CONTENT="sensible," HEIGHT="40" HPOS="248" ID="ST_541.9.6.5" STYLEREFS="Style_5" VPOS="1098" WIDTH="158" WC="0.90" CC="000000000" TAGREFS=""/>
            <SP HPOS="406" ID="SP_541.9.6.6" VPOS="1098" WIDTH="11"/>
            <String CONTENT="it" HEIGHT="34" HPOS="417" ID="ST_541.9.6.7" STYLEREFS="Style_5" VPOS="1098" WIDTH="27" WC="1.00" CC="00" TAGREFS=""/>
            <SP HPOS="444" ID="SP_541.9.6.8" VPOS="1098" WIDTH="10"/>
            <String CONTENT="is" HEIGHT="35" HPOS="454" ID="ST_541.9.6.9" STYLEREFS="Style_5" VPOS="1098" WIDTH="27" WC="0.98" CC="00" TAGREFS=""/>
            <SP HPOS="481" ID="SP_541.9.6.10" VPOS="1098" WIDTH="12"/>
            <String CONTENT="unquestionably" HEIGHT="44" HPOS="493" ID="ST_541.9.6.11" STYLEREFS="Style_5" VPOS="1098" WIDTH="291" WC="0.89" CC="00000000000000" TAGREFS=""/>
            <SP HPOS="784" ID="SP_541.9.6.12" VPOS="1098" WIDTH="11"/>
            <String CONTENT="fair" HEIGHT="35" HPOS="795" ID="ST_541.9.6.13" STYLEREFS="Style_5" VPOS="1098" WIDTH="67" WC="1.00" CC="0000" TAGREFS=""/>
            <SP HPOS="862" ID="SP_541.9.6.14" VPOS="1103" WIDTH="10"/>
            <String CONTENT="to" HEIGHT="30" HPOS="872" ID="ST_541.9.6.15" STYLEREFS="Style_5" VPOS="1103" WIDTH="36" WC="1.00" CC="00" TAGREFS=""/>
            <SP HPOS="908" ID="SP_541.9.6.16" VPOS="1099" WIDTH="10"/>
            <String CONTENT="the" HEIGHT="34" HPOS="918" ID="ST_541.9.6.17" STYLEREFS="Style_5" VPOS="1099" WIDTH="60" WC="0.84" CC="000" TAGREFS=""/>
            <SP HPOS="978" ID="SP_541.9.6.18" VPOS="1099" WIDTH="11"/>
            <String CONTENT="people" HEIGHT="44" HPOS="989" ID="ST_541.9.6.19" STYLEREFS="Style_5" VPOS="1099" WIDTH="121" WC="0.97" CC="000000" TAGREFS=""/>
            <SP HPOS="1110" ID="SP_541.9.6.20" VPOS="1098" WIDTH="11"/>
            <String CONTENT="of" HEIGHT="36" HPOS="1121" ID="ST_541.9.6.21" STYLEREFS="Style_5" VPOS="1098" WIDTH="39" WC="1.00" CC="00" TAGREFS=""/>
            <SP HPOS="1160" ID="SP_541.9.6.22" VPOS="1099" WIDTH="8"/>
            <String CONTENT="this" HEIGHT="34" HPOS="1168" ID="ST_541.9.6.23" STYLEREFS="Style_5" VPOS="1099" WIDTH="67" WC="0.94" CC="0000" TAGREFS=""/>
            <SP HPOS="1235" ID="SP_541.9.6.24" VPOS="1104" WIDTH="11"/>
            <String CONTENT="state" HEIGHT="30" HPOS="1246" ID="ST_541.9.6.25" STYLEREFS="Style_5" VPOS="1104" WIDTH="90" WC="1.00" CC="00000" TAGREFS=""/>
          </TextLine>
          <TextLine HEIGHT="45" HPOS="120" ID="TL_541.9.7" VPOS="1147" WIDTH="945">
            <String CONTENT="who" HEIGHT="33" HPOS="120" ID="ST_541.9.7.1" STYLEREFS="Style_5" VPOS="1148" WIDTH="77" WC="1.00" CC="000" TAGREFS=""/>
            <SP HPOS="197" ID="SP_541.9.7.2" VPOS="1147" WIDTH="20"/>
            <String CONTENT="have" HEIGHT="34" HPOS="217" ID="ST_541.9.7.3" STYLEREFS="Style_5" VPOS="1147" WIDTH="88" WC="0.98" CC="0000" TAGREFS=""/>
            <SP HPOS="305" ID="SP_541.9.7.4" VPOS="1152" WIDTH="20"/>
            <String CONTENT="to" HEIGHT="30" HPOS="325" ID="ST_541.9.7.5" STYLEREFS="Style_5" VPOS="1152" WIDTH="35" WC="1.00" CC="00" TAGREFS=""/>
            <SP HPOS="360" ID="SP_541.9.7.6" VPOS="1148" WIDTH="20"/>
            <String CONTENT="bear" HEIGHT="34" HPOS="380" ID="ST_541.9.7.7" STYLEREFS="Style_5" VPOS="1148" WIDTH="83" WC="0.96" CC="0000" TAGREFS=""/>
            <SP HPOS="463" ID="SP_541.9.7.8" VPOS="1158" WIDTH="20"/>
            <String CONTENT="any" HEIGHT="33" HPOS="483" ID="ST_541.9.7.9" STYLEREFS="Style_5" VPOS="1158" WIDTH="68" WC="0.93" CC="000" TAGREFS=""/>
            <SP HPOS="551" ID="SP_541.9.7.10" VPOS="1148" WIDTH="20"/>
            <String CONTENT="unpaid" HEIGHT="43" HPOS="571" ID="ST_541.9.7.11" STYLEREFS="Style_5" VPOS="1148" WIDTH="131" WC="0.94" CC="000000" TAGREFS=""/>
            <SP HPOS="702" ID="SP_541.9.7.12" VPOS="1154" WIDTH="20"/>
            <String CONTENT="costs" HEIGHT="29" HPOS="722" ID="ST_541.9.7.13" STYLEREFS="Style_5" VPOS="1154" WIDTH="90" WC="0.95" CC="00000" TAGREFS=""/>
            <SP HPOS="812" ID="SP_541.9.7.14" VPOS="1148" WIDTH="20"/>
            <String CONTENT="for" HEIGHT="34" HPOS="832" ID="ST_541.9.7.15" STYLEREFS="Style_5" VPOS="1148" WIDTH="53" WC="1.00" CC="000" TAGREFS=""/>
            <SP HPOS="885" ID="SP_541.9.7.16" VPOS="1148" WIDTH="20"/>
            <String CONTENT="damage." HEIGHT="44" HPOS="905" ID="ST_541.9.7.17" STYLEREFS="Style_5" VPOS="1148" WIDTH="160" WC="0.99" CC="0000000" TAGREFS=""/>
          </TextLine>
        </TextBlock>
        <TextBlock HEIGHT="85.0" HPOS="121.0" ID="BL_541.10" TAGREFS="b541-6" VPOS="1265.0" WIDTH="1216.0">
          <TextLine HEIGHT="36" HPOS="213" ID="TL_541.10.1" VPOS="1265" WIDTH="1124">
            <String CONTENT="I" HEIGHT="33" HPOS="213" ID="ST_541.10.1.1" STYLEREFS="Style_5" VPOS="1265" WIDTH="15" WC="1.00" CC="9" TAGREFS=""/>
            <SP HPOS="228" ID="SP_541.10.1.2" VPOS="1265" WIDTH="20"/>
            <String CONTENT="would" HEIGHT="34" HPOS="248" ID="ST_541.10.1.3" STYLEREFS="Style_5" VPOS="1265" WIDTH="114" WC="0.96" CC="00000" TAGREFS=""/>
            <SP HPOS="362" ID="SP_541.10.1.4" VPOS="1265" WIDTH="20"/>
            <String CONTENT="find" HEIGHT="34" HPOS="382" ID="ST_541.10.1.5" STYLEREFS="Style_5" VPOS="1265" WIDTH="70" WC="1.00" CC="0000" TAGREFS=""/>
            <SP HPOS="452" ID="SP_541.10.1.6" VPOS="1266" WIDTH="20"/>
            <String CONTENT="the" HEIGHT="34" HPOS="472" ID="ST_541.10.1.7" STYLEREFS="Style_5" VPOS="1266" WIDTH="59" WC="0.96" CC="000" TAGREFS=""/>
            <SP HPOS="531" ID="SP_541.10.1.8" VPOS="1270" WIDTH="20"/>
            <String CONTENT="tax" HEIGHT="29" HPOS="551" ID="ST_541.10.1.9" STYLEREFS="Style_5" VPOS="1270" WIDTH="60" WC="1.00" CC="000" TAGREFS=""/>
            <SP HPOS="611" ID="SP_541.10.1.10" VPOS="1265" WIDTH="18"/>
            <String CONTENT="violates" HEIGHT="35" HPOS="629" ID="ST_541.10.1.11" STYLEREFS="Style_5" VPOS="1265" WIDTH="144" WC="0.95" CC="00000000" TAGREFS=""/>
            <SP HPOS="773" ID="SP_541.10.1.12" VPOS="1266" WIDTH="20"/>
            <String CONTENT="the" HEIGHT="34" HPOS="793" ID="ST_541.10.1.13" STYLEREFS="Style_5" VPOS="1266" WIDTH="59" WC="0.90" CC="000" TAGREFS=""/>
            <SP HPOS="852" ID="SP_541.10.1.14" VPOS="1276" WIDTH="19"/>
            <String CONTENT="commerce" HEIGHT="25" HPOS="871" ID="ST_541.10.1.15" STYLEREFS="Style_5" VPOS="1276" WIDTH="196" WC="1.00" CC="00000000" TAGREFS=""/>
            <SP HPOS="1067" ID="SP_541.10.1.16" VPOS="1267" WIDTH="19"/>
            <String CONTENT="clause" HEIGHT="34" HPOS="1086" ID="ST_541.10.1.17" STYLEREFS="Style_5" VPOS="1267" WIDTH="117" WC="0.97" CC="000000" TAGREFS=""/>
            <SP HPOS="1203" ID="SP_541.10.1.18" VPOS="1266" WIDTH="19"/>
            <String CONTENT="of" HEIGHT="35" HPOS="1222" ID="ST_541.10.1.19" STYLEREFS="Style_5" VPOS="1266" WIDTH="39" WC="1.00" CC="00" TAGREFS=""/>
            <SP HPOS="1261" ID="SP_541.10.1.20" VPOS="1267" WIDTH="17"/>
            <String CONTENT="the" HEIGHT="34" HPOS="1278" ID="ST_541.10.1.21" STYLEREFS="Style_5" VPOS="1267" WIDTH="59" WC="0.93" CC="000" TAGREFS=""/>
          </TextLine>
          <TextLine HEIGHT="36" HPOS="121" ID="TL_541.10.2" VPOS="1314" WIDTH="537">
            <String CONTENT="United" HEIGHT="35" HPOS="121" ID="ST_541.10.2.1" STYLEREFS="Style_5" VPOS="1314" WIDTH="132" WC="1.00" CC="000000" TAGREFS=""/>
            <SP HPOS="253" ID="SP_541.10.2.2" VPOS="1314" WIDTH="20"/>
            <String CONTENT="States" HEIGHT="35" HPOS="273" ID="ST_541.10.2.3" STYLEREFS="Style_5" VPOS="1314" WIDTH="117" WC="1.00" CC="000000" TAGREFS=""/>
            <SP HPOS="390" ID="SP_541.10.2.4" VPOS="1314" WIDTH="21"/>
            <String CONTENT="Constitution." HEIGHT="36" HPOS="411" ID="ST_541.10.2.5" STYLEREFS="Style_5" VPOS="1314" WIDTH="247" WC="0.89" CC="0000000000000" TAGREFS=""/>
          </TextLine>
        </TextBlock>
        <TextBlock HEIGHT="94.0" HPOS="268.0" ID="BL_541.11" TAGREFS="b541-7" VPOS="1448.0" WIDTH="922.0">
          <TextLine HEIGHT="44" HPOS="268" ID="TL_541.11.1" VPOS="1448" WIDTH="922">
            <String CONTENT="Supplemental" HEIGHT="44" HPOS="268" ID="ST_541.11.1.1" STYLEREFS="Style_5" VPOS="1448" WIDTH="263" WC="0.96" CC="000000000000" TAGREFS=""/>
            <SP HPOS="531" ID="SP_541.11.1.2" VPOS="1448" WIDTH="21"/>
            <String CONTENT="Opinion" HEIGHT="44" HPOS="552" ID="ST_541.11.1.3" STYLEREFS="Style_5" VPOS="1448" WIDTH="152" WC="0.83" CC="0000000" TAGREFS=""/>
            <SP HPOS="704" ID="SP_541.11.1.4" VPOS="1460" WIDTH="20"/>
            <String CONTENT="on" HEIGHT="24" HPOS="724" ID="ST_541.11.1.5" STYLEREFS="Style_5" VPOS="1460" WIDTH="44" WC="0.87" CC="00" TAGREFS=""/>
            <SP HPOS="768" ID="SP_541.11.1.6" VPOS="1449" WIDTH="21"/>
            <String CONTENT="Denial" HEIGHT="35" HPOS="789" ID="ST_541.11.1.7" STYLEREFS="Style_5" VPOS="1449" WIDTH="125" WC="0.92" CC="000000" TAGREFS=""/>
            <SP HPOS="914" ID="SP_541.11.1.8" VPOS="1449" WIDTH="20"/>
            <String CONTENT="of" HEIGHT="35" HPOS="934" ID="ST_541.11.1.9" STYLEREFS="Style_5" VPOS="1449" WIDTH="40" WC="1.00" CC="00" TAGREFS=""/>
            <SP HPOS="974" ID="SP_541.11.1.10" VPOS="1449" WIDTH="17"/>
            <String CONTENT="Rehearing" HEIGHT="43" HPOS="991" ID="ST_541.11.1.11" STYLEREFS="Style_5" VPOS="1449" WIDTH="199" WC="0.96" CC="000000000" TAGREFS=""/>
          </TextLine>
          <TextLine HEIGHT="45" HPOS="407" ID="TL_541.11.2" VPOS="1497" WIDTH="643">
            <String CONTENT="Opinion" HEIGHT="44" HPOS="407" ID="ST_541.11.2.1" STYLEREFS="Style_5" VPOS="1498" WIDTH="152" WC="0.79" CC="0000000" TAGREFS=""/>
            <SP HPOS="559" ID="SP_541.11.2.2" VPOS="1497" WIDTH="21"/>
            <String CONTENT="delivered" HEIGHT="36" HPOS="580" ID="ST_541.11.2.3" STYLEREFS="Style_5" VPOS="1497" WIDTH="172" WC="0.98" CC="000000000" TAGREFS=""/>
            <SP HPOS="752" ID="SP_541.11.2.4" VPOS="1499" WIDTH="20"/>
            <String CONTENT="May" HEIGHT="43" HPOS="772" ID="ST_541.11.2.5" STYLEREFS="Style_5" VPOS="1499" WIDTH="89" WC="1.00" CC="000" TAGREFS=""/>
            <SP HPOS="861" ID="SP_541.11.2.6" VPOS="1500" WIDTH="20"/>
            <String CONTENT="27," HEIGHT="40" HPOS="881" ID="ST_541.11.2.7" STYLEREFS="Style_5" VPOS="1500" WIDTH="56" WC="1.00" CC="000" TAGREFS=""/>
            <SP HPOS="937" ID="SP_541.11.2.8" VPOS="1500" WIDTH="25"/>
            <String CONTENT="1986" HEIGHT="34" HPOS="962" ID="ST_541.11.2.9" STYLEREFS="Style_5" VPOS="1500" WIDTH="88" WC="1.00" CC="0000" TAGREFS=""/>
          </TextLine>
        </TextBlock>
      </PrintSpace>
    </Page>
  </Layout>
</alto>
