1624 2688
291 419 59 34 the
364 418 161 34 evidence
539 418 68 34 and
622 417 112 35 would
748 417 173 34 therefore
935 416 128 44 uphold
1078 416 59 34 the
1150 415 228 35 cancellation
1392 415 40 34 of
1443 415 58 35 the

291 468 92 34 lease
407 467 53 34 for
485 468 59 33 the
568 467 134 34 lesseesâ€™
728 466 127 34 breach
880 466 39 34 of
941 466 58 34 the
1023 470 168 29 covenant
1216 470 35 28 to
1275 465 142 42 develop
1443 464 58 34 the

291 516 184 35 leasehold.

296 281 64 32 150

381 598 74 34 The
470 598 161 43 majority
646 603 106 29 states
767 597 76 34 that
858 597 26 34 it
899 596 81 35 does
996 601 59 29 not
1069 595 71 35 find
1155 594 96 44 Byrd
1262 606 30 23 v.
1308 594 191 41 Bradham,

292 649 67 34 280
372 648 84 34 Ark.
475 649 51 39 11,
540 648 66 34 655
621 647 142 34 S.W.2d
778 647 66 34 366
859 646 138 43 (1983),
1010 645 185 44 rehearing
1205 644 135 41 denied,
1353 645 146 34 control-

292 698 80 43 ling.
391 699 51 33 To
460 698 58 34 the
536 702 171 38 contrary,
727 697 58 34 the
803 696 137 35 recitals
959 696 33 34 in
1010 695 97 43 Byrd
1123 706 59 23 are
1199 694 109 35 sound
1327 694 68 35 and
1414 694 87 44 fully

291 747 186 44 supported
497 747 45 44 by
561 757 80 24 case
661 747 76 40 law,
758 746 68 35 and
847 746 81 43 they
948 746 103 43 apply
1071 745 34 34 in
1126 745 67 34 this
1213 756 89 23 case.

382 830 39 33 In
441 828 105 44 Byrd,
566 840 51 23 we
637 828 123 35 stated:

506 911 38 33 In
564 910 45 34 oil
628 909 69 35 and
716 920 61 32 gas
797 909 108 34 leases
925 909 113 33 where
1057 908 161 43 royalties
1237 908 186 34 constitute
1442 907 59 35 the

414 959 95 34 chief
525 959 264 40 consideration,
810 970 44 23 an
875 958 140 44 implied
1035 963 168 29 covenant
1223 958 104 34 exists
1346 957 76 34 that
1442 957 58 35 the

414 1009 107 34 lessee
533 1009 67 33 will
614 1009 137 43 explore
764 1008 68 34 and
845 1008 142 43 develop
1000 1008 59 34 the
1072 1012 160 39 property
1245 1007 82 34 with
1341 1017 158 24 reasona-

414 1058 56 34 ble
485 1058 178 42 diligence.
679 1058 122 34 Smart
815 1069 30 22 v.
865 1058 109 39 Crow,
992 1058 67 33 220
1075 1057 85 33 Ark.
1181 1057 75 40 141,
1273 1057 68 33 246
1357 1055 143 35 S.W.2d

414 1107 217 42 432(1952).
643 1107 74 34 The
726 1106 85 43 duty
821 1112 36 28 to
867 1107 137 42 explore
1014 1106 141 34 extends
1166 1111 35 28 to
1211 1106 59 33 the
1280 1106 109 33 entire
1399 1110 99 35 tract,

414 1156 68 34 and
500 1156 67 34 this
585 1156 27 34 is
630 1156 183 43 especially
831 1161 76 28 true
924 1155 113 34 where
1054 1155 126 43 paying
1198 1155 186 43 quantities
1401 1154 39 34 of
1454 1154 45 34 oil

414 1205 86 34 have
511 1205 86 34 been
608 1205 108 34 found
726 1215 44 24 on
781 1216 20 23 a
813 1210 77 38 part
900 1204 39 34 of
946 1205 59 33 the
1015 1209 100 29 tract.
1126 1203 184 35 Standard
1320 1203 59 35 Oil
1389 1204 60 34 Co.
1462 1203 46 43 of

413 1256 191 33 Louisiana
615 1266 30 23 v.
661 1254 120 41 Giller,
799 1255 62 33 183
875 1254 85 34 Ark.
974 1254 79 40 776,
1068 1254 41 34 38
1123 1253 143 34 S.W.2d
1279 1254 67 33 766
1361 1252 137 44 (1931).

504 1336 52 34 Of
568 1346 131 31 course,
715 1336 68 34 due
798 1335 183 35 deference
996 1341 92 29 must
1104 1335 42 35 be
1161 1335 99 43 given
1276 1340 36 30 to
1327 1335 59 35 the
1397 1334 101 44 judg-

414 1391 95 30 ment
521 1386 39 34 of
570 1386 59 34 the
641 1386 107 34 lessee
760 1386 34 34 in
807 1386 230 43 determining
1050 1385 153 35 whether
1216 1390 35 30 to
1264 1385 89 41 drill,
1367 1385 61 34 but
1441 1385 59 34 the

414 1436 106 34 lessee
537 1441 92 29 must
647 1441 59 29 not
723 1441 56 29 act
797 1436 207 43 arbitrarily.
1023 1435 122 34 Ezzell
1160 1446 30 22 v.
1211 1434 59 35 Oil
1284 1436 213 38 Associates,

413 1488 82 38 Inc.,
522 1487 64 33 180
607 1486 85 33 Ark.
717 1486 78 40 802,
819 1486 43 33 22
885 1484 142 35 S.W.2d
1054 1486 86 33 1015
1166 1484 138 43 (1930);
1325 1485 122 34 Smart
1467 1495 31 23 v.

416 1536 108 39 Crow,
535 1546 119 33 supra.
667 1535 253 40 Furthermore,
932 1535 59 34 the
1001 1535 107 34 lessee
1117 1539 93 29 must
1220 1539 57 29 act
1287 1539 60 30 not
1356 1534 80 43 only
1446 1533 54 35 for

414 1585 52 34 his
476 1596 75 23 own
562 1585 127 34 benefit
699 1585 61 34 but
771 1585 72 34 also
853 1584 54 35 for
917 1584 59 35 the
986 1584 127 35 benefit
1123 1584 40 35 of
1169 1584 59 35 the
1238 1584 115 35 lessor.
1363 1585 137 34 Amoco

413 1634 213 35 Production
644 1635 59 34 Co.
721 1646 30 23 v.
774 1636 108 39 Ware,
901 1635 67 34 269
985 1634 85 34 Ark.
1090 1635 78 40 313,
1186 1635 68 33 602
1271 1633 142 35 S.W.2d
1431 1634 68 34 620

415 1684 136 43 (1980).
569 1685 74 33 The
658 1684 134 35 lesseeâ€™s
809 1684 189 43 obligation
1014 1689 35 29 to
1065 1684 138 43 explore
1218 1684 28 34 is
1262 1695 20 23 a
1298 1684 200 43 continuing

413 1745 74 29 one,
505 1745 82 23 even
603 1734 90 34 after
708 1734 126 43 paying
850 1734 187 43 quantities
1053 1733 40 35 of
1105 1734 44 34 oil
1165 1745 59 23 are
1239 1733 207 41 discovered,
1463 1733 35 34 in

413 1783 99 34 order
533 1789 35 28 to
590 1784 103 33 effect
715 1784 58 33 the
795 1794 147 32 purpose
963 1783 39 34 of
1020 1783 60 34 the
1101 1783 101 34 lease.
1224 1782 130 40 Ezzell,
1377 1793 119 33 supra.

413 1832 206 34 Production
632 1843 44 24 on
688 1833 80 43 only
781 1843 20 23 a
814 1833 101 33 small
928 1833 135 43 portion
1076 1832 39 34 of
1124 1832 59 34 the
1195 1832 114 34 leased
1321 1832 81 34 land
1415 1831 82 35 does

412 1887 59 29 not
480 1882 123 43 justify
615 1882 159 43 allowing
786 1882 59 34 the
857 1882 123 34 lessees
993 1887 35 29 to
1040 1881 81 35 hold
1133 1882 59 34 the
1203 1882 108 34 entire
1323 1881 174 37 leasehold

413 1931 221 44 indefinitely,
646 1932 79 34 thus
736 1931 178 44 depriving
925 1932 59 34 the
994 1932 105 34 lessor
1109 1931 39 35 of
1156 1931 169 43 receiving
1336 1931 161 44 royalties

412 1981 91 34 from
521 1981 143 35 another
682 1987 253 37 arrangement.
954 1981 120 34 Nolan
1090 1993 30 22 v.
1143 1981 163 41 Thomas,
1325 1982 66 33 228
1410 1981 85 34 Ark.

414 2032 77 39 572,
514 2032 66 33 309
601 2031 143 34 S.W.2d
765 2032 66 33 727
855 2030 137 43 (1958).

379 2113 33 32 A
424 2111 85 44 duty
521 2117 35 29 to
569 2112 138 43 explore
719 2112 34 34 in
765 2112 68 34 this
846 2112 156 34 instance
1014 2112 141 34 extends
1168 2117 35 29 to
1215 2112 59 34 the
1286 2112 109 34 entire
1407 2117 90 29 tract

289 2161 180 34 inasmuch
484 2172 37 23 as
536 2161 126 44 paying
677 2161 186 44 quantities
877 2161 40 34 of
928 2162 45 33 oil
988 2161 87 34 have
1089 2161 85 34 been
1189 2161 107 34 found
1311 2172 44 23 on
1369 2166 78 39 part
1461 2161 39 34 of

288 2210 59 35 the
360 2215 100 30 tract.
475 2211 218 34 Stevensonâ€™s
707 2211 185 43 testimony
905 2211 76 34 that
995 2211 59 34 the
1066 2211 69 34 No.
1154 2212 13 33 1
1184 2211 76 34 well
1273 2222 70 23 was
1357 2210 82 44 high
1453 2221 44 24 on

288 2260 59 34 the
356 2260 45 34 oil
412 2260 188 44 producing
611 2266 171 29 structure
791 2260 69 35 and
870 2261 77 34 that
956 2261 46 34 all
1012 2260 39 35 of
1057 2261 59 34 the
1125 2261 45 34 oil
1180 2260 113 35 would
1302 2260 195 44 eventually

288 2310 148 43 migrate
445 2316 35 29 to
490 2311 76 34 that
575 2311 96 43 point
681 2310 68 35 and
759 2311 91 34 â€œwill
860 2310 195 44 eventually
1064 2316 57 38 get
1131 2311 26 34 it
1166 2311 68 34 allâ€
1245 2311 28 34 is
1282 2310 160 44 disputed
1452 2310 45 44 by

288 2360 59 34 the
363 2361 185 43 testimony
565 2360 39 35 of
618 2361 59 34 the
693 2361 182 43 appelleesâ€™
894 2361 168 43 principal
1079 2361 147 40 witness,
1245 2361 70 34 Mr.
1333 2360 163 44 Gaffney,

288 2410 76 34 who
379 2410 113 34 stated
508 2410 76 35 that
599 2410 43 34 he
657 2410 146 34 believes
819 2411 59 33 the
893 2410 78 34 four
985 2410 93 34 wells
1094 2410 85 34 each
1195 2410 99 34 drain
1309 2421 20 23 a
1344 2415 59 29 ten
1418 2420 80 24 acre
