1664 2690
301 410 89 29 case,
409 400 44 34 all
473 399 58 34 the
548 398 126 35 named
692 398 167 44 plaintiff's
877 409 59 24 are
953 398 246 43 corporations.
1217 396 199 41 Therefore,
1433 397 82 43 they

302 450 86 33 have
408 460 44 23 no
472 448 162 43 standing
654 453 35 29 to
710 449 102 34 make
832 448 67 34 this
920 453 194 37 argument.

302 260 67 33 500

879 530 58 35 IV.

465 607 95 33 THE
578 606 284 34 ARBITRARY
880 605 30 33 &
933 604 429 35 DISCRIMINATORY

329 655 339 34 REGULATIONS
690 656 30 32 &
743 654 431 35 ADMINISTRATION
1192 654 62 33 OF
1274 655 95 33 THE
1388 654 101 34 HUE

552 706 95 32 TAX
662 705 99 33 ARE
783 704 487 34 UNCONSTITUTIONAL

393 779 69 34 Act
473 779 66 34 685
550 778 131 35 divides
692 778 175 43 authority
878 777 53 35 for
941 778 59 34 the
1009 777 279 35 administration
1298 777 39 34 of
1344 776 60 35 the
1414 777 102 35 HUE

302 834 59 29 tax
372 829 153 34 between
536 828 59 35 the
606 827 271 36 Commissioner
887 828 39 34 of
934 829 180 33 Revenues
1124 827 40 35 of
1171 827 59 34 the
1240 827 230 44 Department
1480 826 39 35 of

304 879 150 35 Finance
476 880 33 33 &
529 878 302 41 Administration,
853 877 169 43 (DF&A)
1043 877 53 35 for
1114 877 179 35 Arkansas
1312 877 203 43 base-regis-

301 928 96 35 tered
410 928 160 40 vehicles;
585 928 69 35 and
668 928 59 34 the
741 928 159 34 Director
914 928 39 34 of
964 928 59 34 the
1036 928 178 34 Arkansas
1228 926 101 35 State
1343 926 172 44 Highway

306 979 32 33 &
358 978 286 43 Transportation
663 978 240 42 Department,
924 976 236 43 (ASH&TD)
1181 976 53 34 for
1252 976 264 35 non-Arkansas

303 1026 287 43 base-registered
603 1026 159 35 vehicles.
778 1026 206 43 Appellants
998 1025 44 35 do
1057 1031 59 29 not
1130 1025 115 43 object
1258 1031 36 29 to
1308 1026 59 34 the
1381 1025 134 43 regula-

303 1076 88 34 tions
401 1086 39 24 or
449 1076 278 35 administration
739 1075 45 44 by
793 1076 59 34 the
862 1076 147 34 DF&A.
1021 1075 105 35 Their
1135 1080 184 38 argument
1330 1074 109 35 under
1448 1075 67 34 this

302 1126 96 44 point
416 1125 135 35 instead
569 1125 28 35 is
615 1125 154 35 directed
787 1124 132 36 toward
937 1125 60 35 the
1013 1125 216 40 ASH&TD,
1248 1125 116 34 whose
1381 1124 134 44 regula-

302 1176 89 34 tions
409 1175 68 35 and
495 1175 150 44 policies,
663 1175 81 43 they
762 1174 180 42 maintain,
959 1175 127 34 violate
1101 1175 60 34 the
1177 1185 195 24 commerce
1388 1174 127 41 clause,

303 1225 59 35 the
379 1225 180 43 privileges
577 1224 69 35 and
665 1224 211 35 immunities
895 1225 127 40 clause,
1041 1224 69 35 and
1128 1224 59 35 the
1204 1224 102 43 equal
1324 1224 193 44 protection

302 1275 117 34 clause
438 1274 39 35 of
494 1274 59 35 the
574 1274 246 35 Constitution.

394 1349 65 34 We
469 1359 64 24 can
545 1348 236 44 immediately
791 1348 159 44 dispense
960 1348 82 34 with
1052 1348 60 35 the
1121 1348 180 44 privileges
1312 1347 69 35 and
1391 1347 124 35 immu-

302 1398 101 34 nities
415 1403 184 38 argument
611 1398 95 34 since
718 1397 59 35 the
788 1397 127 35 named
929 1398 193 45 appellants
1135 1408 59 23 are
1206 1397 246 44 corporations.
1465 1398 51 33 As

302 1452 35 29 to
359 1447 59 34 the
439 1458 194 24 commerce
654 1447 117 35 clause
792 1447 69 35 and
883 1447 102 44 equal
1007 1447 191 43 protection
1220 1446 215 44 allegations,
1457 1446 60 35 the

302 1497 193 44 appellants
521 1497 170 35 maintain
716 1497 76 35 that
817 1497 60 34 the
901 1496 211 44 regulations
1138 1496 69 35 and
1232 1496 139 44 policies
1397 1496 39 35 of
1457 1496 60 35 the

302 1547 204 35 ASH&TD
523 1547 127 35 violate
666 1547 60 35 the
742 1547 75 35 first
834 1546 69 36 and
920 1546 93 36 third
1030 1557 126 34 prongs
1174 1546 39 35 of
1227 1547 59 34 the
1302 1545 118 44 Brady
1438 1551 78 36 test,

301 1609 118 33 supra.
436 1598 75 34 The
525 1598 193 43 appellants
734 1597 209 45 specifically
957 1597 115 43 object
1087 1602 35 30 to
1139 1596 52 44 (a)
1209 1596 59 35 the
1282 1596 233 35 ASH&TD’s

302 1648 139 43 general
458 1648 186 43 approach,
664 1646 54 44 (b)
737 1648 59 34 the
812 1647 167 44 specialty
996 1647 128 35 carrier
1140 1652 122 36 status,
1280 1646 68 35 and
1367 1646 50 43 (c)
1437 1647 80 36 fleet

302 1697 230 43 registration.

395 1771 52 43 (a)
466 1772 75 34 The
557 1772 139 42 general
714 1772 140 43 policies
871 1771 127 35 named
1015 1771 45 43 by
1077 1771 194 44 appellants
1288 1782 60 24 are
1364 1771 76 35 that
1457 1771 59 34 the

302 1821 215 41 ASH&TD,
527 1821 117 35 unlike
653 1821 59 34 the
721 1821 149 41 DF&A,
880 1820 82 35 does
971 1826 60 29 not
1040 1820 100 35 allow
1149 1821 59 34 the
1217 1819 299 47 owner/operator

302 1871 39 34 of
357 1871 264 35 non-Arkansas
640 1871 288 43 base-registered
947 1871 117 35 trucks
1083 1871 60 34 the
1161 1870 118 44 option
1298 1870 39 35 of
1352 1870 164 44 choosing

301 1920 154 35 whether
477 1925 36 30 to
535 1920 133 44 qualify
690 1920 90 35 their
802 1920 118 34 trucks
944 1920 44 44 by
1010 1920 127 43 weight
1159 1920 53 34 for
1235 1920 60 34 the
1316 1930 62 24 use
1399 1920 40 34 of
1456 1920 60 34 the

302 1970 177 43 highways
504 1970 157 34 afforded
685 1970 45 43 by
754 1974 165 40 payment
943 1969 39 35 of
1003 1970 59 34 the
1086 1970 103 35 HUE
1212 1974 69 30 tax.
1306 1969 75 34 The
1404 1969 112 43 policy

303 2019 193 44 appellants
521 2030 58 23 are
603 2019 219 43 challenging
847 2019 152 43 requires
1024 2019 263 34 non-Arkansas
1312 2019 202 42 base-regis-

302 2068 96 35 tered
423 2069 116 34 trucks
564 2073 35 30 to
622 2068 110 35 either
755 2068 139 35 declare
917 2069 76 34 that
1017 2068 82 44 they
1122 2079 60 24 are
1205 2068 160 43 carrying
1389 2069 121 39 73,281

302 2118 133 44 pounds
456 2119 34 33 in
510 2118 178 35 Arkansas
708 2118 69 34 and
797 2129 68 33 pay
884 2117 60 35 the
963 2118 103 34 HUE
1085 2123 70 35 tax,
1175 2128 38 24 or
1233 2118 70 34 else
1321 2117 82 34 take
1421 2128 94 24 some

303 2168 205 35 affirmative
533 2168 114 35 action
672 2173 35 29 to
732 2168 88 34 elect
844 2172 60 30 not
928 2173 36 29 to
988 2178 100 33 carry
1112 2168 77 34 that
1213 2167 137 43 weight.
1375 2167 34 34 A
1434 2177 80 24 non-

302 2218 179 34 Arkansas
493 2217 287 43 base-registered
792 2217 102 35 truck
904 2217 77 35 who
992 2217 62 34 has
1066 2222 59 30 not
1137 2217 104 34 taken
1253 2217 109 34 either
1374 2216 39 34 of
1421 2217 95 35 these

302 2267 132 35 actions
447 2268 27 34 is
486 2272 60 29 not
557 2267 144 35 allowed
712 2272 36 29 to
760 2273 96 29 enter
867 2267 60 35 the
937 2272 100 30 state.
1049 2267 84 34 This
1145 2267 206 35 affirmative
1362 2267 115 34 action
1488 2266 27 34 is

302 2317 231 35 burdensome
544 2327 44 25 on
600 2318 180 34 interstate
791 2328 195 24 commerce
997 2317 186 43 according
1195 2322 35 29 to
1241 2317 60 34 the
1312 2316 203 44 appellants.

510 2392 75 34 The
596 2391 204 44 appellants’
813 2396 184 38 argument
1009 2391 28 34 is
1048 2391 145 35 without
1205 2391 112 34 merit.
1330 2390 59 35 All
1400 2391 117 34 trucks
