1632 2693
307 405 39 35 of
356 405 207 36 mandamus
577 405 27 35 is
619 405 136 36 defined
769 417 37 24 as
821 405 67 35 “an
901 405 100 35 order
1015 406 39 35 of
1064 406 59 35 the
1137 405 134 36 Circuit
1284 416 38 24 or
1336 406 183 44 Chancery

307 456 110 35 Court
426 455 145 45 granted
581 467 92 33 upon
683 456 59 35 the
750 456 144 45 petition
904 456 39 35 of
949 467 44 24 an
1003 456 183 44 aggrieved
1196 462 101 38 party
1305 467 38 24 or
1352 457 59 34 the
1419 457 100 34 State

306 507 99 34 when
421 507 59 34 the
496 506 116 44 public
628 507 143 34 interest
786 507 27 34 is
830 506 161 41 affected,
1007 506 247 44 commanding
1270 518 45 23 an
1331 507 187 40 executive,

303 556 156 42 judicial,
469 567 38 23 or
516 556 203 34 ministerial
729 557 116 33 officer
854 561 35 29 to
899 556 152 43 perform
1060 568 44 23 an
1114 561 67 35 act,
1191 567 39 23 or
1238 562 36 28 to
1282 557 86 34 omit
1377 562 35 29 to
1421 557 44 34 do
1474 567 45 23 an

307 610 67 35 act,
391 605 59 34 the
466 605 241 43 performance
722 616 38 23 or
776 605 163 34 omission
956 605 40 34 of
1009 606 111 33 which
1137 605 27 34 is
1182 605 158 42 enjoined
1358 606 45 43 by
1419 606 99 34 law.”

306 655 84 33 Ark.
411 655 89 34 Stat.
520 655 91 33 Ann.
634 654 17 43 §
674 656 129 33 33-102
825 654 115 44 (Repl.
965 654 116 43 1962).
1103 654 159 35 Without
1280 655 169 43 question,
1468 665 51 23 we

306 704 87 34 have
418 704 95 34 often
541 703 79 35 held
647 704 76 34 that
749 715 20 23 a
796 709 127 38 county
946 704 108 43 judge
1080 715 81 32 may
1187 704 43 34 be
1255 704 192 44 compelled
1474 704 45 43 by

306 753 207 35 mandamus
540 758 35 29 to
603 753 152 44 perform
782 764 44 24 an
854 759 66 29 act.
948 754 77 39 See,
1055 765 74 32 e.g.,
1158 755 144 33 Merritt
1327 765 30 23 v.
1384 753 135 36 School

304 805 158 40 District,
475 804 44 34 54
530 803 84 35 Ark.
627 804 137 40 468, 16
775 804 94 34 S.W.
883 804 67 34 287
964 803 137 43 (1891).
1115 804 179 41 However,
1306 804 76 35 that
1394 808 77 40 part
1482 803 39 35 of

306 854 84 33 Ark.
407 853 89 35 Stat.
512 853 91 34 Ann.
622 853 17 43 §
658 855 125 33 33-101
804 853 116 44 (Repl.
940 853 118 43 1962),
1074 854 112 35 which
1201 853 153 35 declares
1370 854 75 35 that
1460 853 59 35 the

306 903 184 44 Chancery
504 903 110 35 Court
628 904 88 34 shall
731 904 87 34 have
831 903 134 44 subject
980 909 127 30 matter
1117 904 219 43 jurisdiction
1351 909 35 30 to
1400 904 83 35 hear
1498 915 20 23 a

305 953 144 43 petition
459 953 54 35 for
522 964 21 23 a
553 953 75 35 writ
638 953 39 35 of
683 954 208 34 mandamus
901 954 28 34 is
939 954 318 35 unconstitutional.
1267 954 210 35 Nethercutt
1485 965 30 23 v.

304 1003 151 35 Pulaski
467 1004 137 42 County
613 1003 146 44 Special
767 1002 135 36 School
910 1005 102 39 Dist.,
1025 1005 66 33 248
1104 1004 85 34 Ark.
1206 1005 157 39 143, 450
1374 1003 143 35 S.W.2d

305 1054 67 32 111
394 1051 124 44 (1970)
538 1053 194 43 overruling
750 1055 151 41 Higgins
917 1064 30 23 v.
967 1053 171 41 Barnhill,
1159 1054 66 33 218
1244 1053 85 35 Ark.
1350 1054 79 40 466,
1449 1054 66 34 236

304 1102 143 34 S.W.2d
474 1103 83 33 1011
585 1102 136 43 (1951).
744 1103 75 34 The
839 1113 122 24 reason
983 1103 26 34 it
1031 1103 27 34 is
1080 1103 308 34 unconstitutional
1409 1103 27 35 is
1458 1103 59 34 the

303 1152 179 34 Arkansas
494 1151 236 35 Constitution
741 1152 92 43 gives
844 1152 59 34 the
913 1152 153 35 General
1076 1152 185 44 Assembly
1271 1153 60 34 the
1341 1153 176 43 authority

304 1206 36 29 to
360 1207 116 29 create
494 1206 116 30 courts
630 1201 39 35 of
686 1202 182 43 chancery,
890 1202 61 34 but
971 1203 80 43 only
1071 1202 195 35 authorizes
1287 1203 59 34 the
1366 1203 150 35 General

304 1251 185 44 Assembly
505 1256 35 29 to
555 1256 73 29 vest
644 1251 171 44 chancery
831 1257 115 29 courts
962 1252 83 34 with
1061 1253 84 34 such
1158 1252 219 43 jurisdiction
1394 1264 37 23 as
1446 1263 70 24 was

304 1301 123 33 known
442 1306 36 29 at
492 1300 59 34 the
565 1300 84 35 time
663 1301 59 34 the
736 1301 223 35 constitution
974 1312 69 24 was
1058 1301 161 45 adopted,
1235 1302 68 34 and
1318 1302 59 34 the
1391 1302 76 35 writ
1480 1301 40 35 of

304 1350 207 34 mandamus
528 1360 70 24 was
615 1361 20 23 a
652 1361 161 24 common
830 1350 65 34 law
912 1351 87 40 writ,
1017 1352 172 33 unknown
1206 1356 35 29 to
1259 1351 128 43 equity,
1405 1357 36 29 at
1458 1351 59 35 the

303 1399 85 34 time
399 1399 39 34 of
447 1400 58 34 the
516 1399 164 44 adoption
691 1400 40 34 of
740 1400 58 34 the
810 1400 236 34 Constitution
1057 1401 40 33 of
1105 1400 189 35 Arkansas.
1307 1400 209 35 Nethercutt

302 1460 31 23 v.
351 1449 150 35 Pulaski
519 1449 137 43 County
673 1449 145 44 Special
832 1449 135 35 School
982 1451 101 38 Dist.,
1102 1461 119 32 supra.
1240 1450 75 34 The
1333 1450 183 44 Chancery

304 1498 121 41 Court,
439 1498 183 41 therefore,
636 1510 69 23 was
719 1499 125 43 wholly
856 1499 145 35 without
1013 1500 135 43 subject
1160 1505 128 29 matter
1297 1500 218 43 jurisdiction

303 1553 36 29 to
358 1548 84 35 hear
462 1549 59 34 the
541 1548 143 44 petition
705 1549 35 35 in
760 1550 59 34 the
838 1559 80 25 case
938 1560 75 24 now
1034 1549 119 35 before
1172 1560 51 24 us.

312 266 64 33 110

486 1623 74 35 The
572 1623 122 35 decree
707 1623 166 36 rendered
886 1624 45 43 by
943 1635 20 24 a
977 1630 98 29 court
1087 1624 125 44 wholly
1224 1625 145 34 without
1381 1625 134 43 subject

303 1678 127 29 matter
449 1672 218 44 jurisdiction
690 1674 28 34 is
740 1673 145 35 vacated
908 1673 68 35 and
1000 1679 51 30 set
1074 1673 106 42 aside,
1204 1674 62 35 but
1288 1674 59 35 the
1370 1675 145 43 original

302 1723 144 42 petition
458 1723 28 34 is
497 1727 60 30 not
567 1722 191 35 dismissed.
770 1724 69 34 See
853 1723 129 43 Taylor
990 1735 31 23 v.
1033 1725 75 42 Bay
1117 1724 53 34 St.
1183 1725 145 33 Francis
1338 1726 177 41 Drainage

302 1773 157 40 District,
490 1773 59 34 171
579 1773 84 34 Ark.
691 1774 78 39 285,
796 1773 68 34 284
889 1772 94 35 S.W.
1011 1774 68 34 770
1106 1773 137 43 (1926).
1270 1774 74 34 The
1369 1774 145 43 original

302 1822 145 43 petition
468 1832 80 33 may
567 1822 44 34 be
630 1822 212 35 transferred
862 1827 35 29 to
917 1822 123 35 circuit
1060 1827 108 30 court.

393 1896 173 34 Reversed
586 1896 69 34 and
675 1896 199 35 remanded.

392 1971 159 40 Purtle,
572 1971 43 40 J.,
636 1976 59 29 not
715 1971 256 44 participating.
