1648 2693
312 413 79 43 City
403 412 46 45 of
453 412 106 35 Little
569 412 113 41 Rock,
696 414 67 33 257
776 412 85 35 Ark.
879 413 76 40 195,
969 414 66 33 515
1049 412 143 35 S.W.2d
1206 413 66 34 633
1289 412 137 44 (1974),
1439 413 82 35 with

310 473 62 24 our
384 462 152 35 decision
550 462 34 34 in
596 462 150 36 Holmes
757 474 30 23 v.
803 463 79 42 City
895 462 46 44 of
944 462 107 35 Little
1062 463 111 40 Rock,
1187 473 119 33 supra,
1320 463 69 34 and
1403 464 76 43 Gay
1490 475 30 23 v.

312 513 80 43 City
404 513 46 44 of
453 512 222 44 Springdale,
690 524 118 33 supra.
824 513 65 34 We
902 513 150 43 rejected
1065 513 60 35 the
1137 524 133 24 narrow
1284 514 174 43 approach
1471 525 51 23 we

310 563 81 34 took
407 563 34 34 in
457 562 183 36 Saunders
655 563 114 34 where
785 573 51 24 we
852 563 128 43 upheld
997 563 59 34 the
1071 563 138 43 voiding
1226 563 39 34 of
1278 564 59 34 the
1354 564 168 43 proposed

309 613 209 34 annexation
532 612 39 34 of
582 613 42 33 55
640 623 125 33 square
777 612 98 35 miles
890 618 35 28 to
939 613 59 33 the
1011 613 82 43 City
1106 613 40 34 of
1156 613 105 34 Little
1275 613 108 34 Rock.
1400 614 64 33 We
1477 624 44 24 no

309 661 118 43 longer
444 662 87 33 have
547 661 77 34 that
640 661 218 35 constrained
876 662 175 43 approach
1068 667 35 29 to
1120 662 208 35 annexation
1346 673 106 24 cases.
1470 664 51 33 To

309 711 76 34 that
405 715 127 36 extent,
552 710 182 35 Saunders
754 711 27 34 is
802 711 189 34 overruled.

311 273 68 33 264

399 787 180 36 Affirmed.

399 866 159 41 Purtle,
580 866 42 41 J.,
643 871 60 29 not
723 866 255 44 participating.

394 1143 161 34 Norman
574 1143 48 34 N.
644 1143 195 41 HESSER,
860 1148 35 29 et
914 1143 44 35 al.
980 1154 29 24 v.
1030 1144 77 34 R.J.
1129 1143 170 42 JOHNS,
1319 1149 35 29 et
1373 1155 56 24 ux.

308 1221 130 34 85-146

1197 1222 68 34 704
1286 1222 143 35 S.W.2d
1454 1224 62 33 165

634 1299 170 44 Supreme
824 1299 110 34 Court
954 1299 40 34 of
1010 1300 178 35 Arkansas

546 1348 152 43 Opinion
718 1349 172 34 delivered
911 1349 176 44 February
1107 1351 56 40 24,
1188 1350 87 34 1986

396 2054 85 36 Carl
504 2055 45 34 W.
571 2055 145 42 Behner,
737 2055 53 35 for
811 2056 187 43 appellant.

392 2132 190 44 Raymond
602 2133 36 34 C.
660 2133 129 41 Smith,
810 2133 54 35 for
885 2133 165 44 appellee.

393 2210 180 34 Darrell
599 2211 198 40 Hickman,
826 2211 141 34 Justice.

995 2211 75 34 The
1096 2211 127 44 parties
1251 2222 59 24 are
1337 2212 177 44 adjoining

302 2259 214 34 landowners
531 2259 39 34 of
581 2260 109 43 realty
704 2259 136 36 located
854 2260 35 34 in
904 2261 230 43 Washington
1148 2262 149 43 County.
1312 2261 83 35 This
1410 2273 104 23 cause

301 2319 70 24 was
388 2309 80 34 filed
485 2308 35 34 in
537 2309 171 44 chancery
724 2315 99 30 court
839 2310 140 43 seeking
997 2321 44 24 an
1058 2311 201 43 injunction,
1277 2311 165 43 damages
1459 2312 54 34 for

301 2363 161 39 trespass,
482 2358 95 44 quiet
595 2359 76 35 title
690 2359 34 35 in
744 2360 59 34 the
821 2360 183 43 appellees,
1024 2360 69 35 and
1112 2372 20 23 a
1151 2361 267 35 determination
1437 2361 39 35 of
1493 2373 20 23 a

301 2408 180 44 boundary
495 2408 78 35 line.
588 2410 58 33 An
660 2420 132 24 answer
806 2420 69 24 was
890 2410 81 34 filed
985 2410 163 44 claiming
1162 2410 68 35 this
1244 2422 70 23 was
1329 2422 20 23 a
1363 2416 150 39 trespass
