1658 2686
294 267 69 33 472

386 408 33 33 A
428 417 87 34 copy
525 406 38 35 of
570 406 68 35 this
647 406 139 43 opinion
795 406 69 34 will
874 404 43 36 be
926 405 194 35 forwarded
1129 411 36 29 to
1174 405 59 35 the
1243 405 211 35 Committee
1463 415 44 24 on

295 455 229 42 Professional
546 455 171 35 Conduct.

386 534 160 40 Purtle,
567 534 42 39 J.,
630 537 60 30 not
710 532 255 45 participating.

521 811 107 34 Mark
647 810 160 35 STONE
828 820 27 24 v.
878 809 152 35 STATE
1049 809 40 34 of
1105 809 178 34 Arkansas

297 889 65 34 CR
384 889 127 34 84-175

1188 887 66 34 705
1276 886 143 35 S.W.2d
1439 887 64 34 441

624 965 170 43 Supreme
814 965 111 34 Court
944 964 40 35 of
1000 965 179 34 Arkansas

561 1013 152 45 Opinion
733 1013 171 36 delivered
926 1014 127 35 March
1075 1015 55 39 31,
1155 1013 87 35 1986

392 1672 153 35 William
564 1674 42 32 A.
628 1672 165 43 Lafferty,
815 1671 54 35 for
889 1672 186 43 appellant.

387 1749 59 34 No
465 1749 172 43 objection
657 1748 81 35 filed
758 1749 45 43 by
822 1748 173 44 Attorney
1015 1748 162 34 General.

388 1826 74 35 Per
473 1826 163 35 Curiam.

648 1825 39 35 In
697 1826 68 34 this
775 1836 81 24 case
865 1825 60 34 the
934 1825 205 44 appellant’s
1149 1824 93 35 brief
1248 1835 70 24 was
1327 1824 181 44 originally

297 1875 68 35 due
374 1886 44 23 on
428 1876 90 34 June
528 1876 145 40 8,1985.
686 1876 64 34 His
761 1880 169 38 attorney,
942 1875 156 34 William
1107 1875 44 34 A.
1163 1874 167 44 Lafferty,
1341 1871 80 37 filed
1431 1873 78 35 four

297 1925 148 34 motions
456 1925 54 34 for
520 1924 193 35 extensions
724 1925 39 34 of
769 1925 96 40 time,
876 1922 60 37 the
946 1924 67 35 last
1022 1935 65 24 one
1097 1924 186 43 extending
1293 1924 59 34 the
1361 1923 84 35 time
1455 1922 54 36 for

296 1973 96 44 filing
412 1979 36 29 to
468 1976 137 42 August
630 1976 27 33 1.

480 2052 74 34 The
562 2051 93 34 brief
660 2062 70 24 was
739 2056 60 30 not
807 2050 81 35 filed
896 2061 45 24 on
949 2052 139 42 August
1100 2052 28 33 1.
1140 2050 39 34 In
1188 2049 84 42 fact,
1281 2050 97 35 there
1386 2059 69 25 was
1463 2057 45 27 no

297 2100 141 44 activity
449 2106 36 30 at
495 2101 46 35 all
551 2101 34 34 in
595 2100 60 35 the
664 2110 80 26 case
753 2101 88 35 until
851 2100 60 35 the
920 2100 121 35 month
1051 2100 40 35 of
1099 2099 187 45 February,
1300 2100 99 41 1986,
1409 2099 99 36 when

297 2151 59 35 the
375 2152 171 43 Attorney
565 2151 151 35 General
735 2150 81 35 filed
835 2161 20 24 a
875 2150 131 35 motion
1025 2155 36 30 to
1079 2150 137 35 dismiss
1235 2150 60 35 the
1313 2149 123 45 appeal
1455 2146 54 39 fof

298 2201 125 34 failure
440 2206 36 30 to
493 2201 57 34 file
567 2212 20 23 a
605 2200 99 35 brief.
723 2201 92 34 That
832 2200 132 35 motion
981 2211 70 24 was
1069 2205 60 29 not
1146 2200 119 35 served
1282 2210 44 24 on
1343 2199 166 45 opposing

296 2250 151 42 counsel,
464 2261 37 24 as
517 2251 27 34 it
558 2250 123 35 should
697 2251 87 34 have
799 2250 98 35 been.
915 2250 39 34 In
969 2250 204 35 connection
1188 2250 83 34 with
1286 2250 77 34 that
1378 2249 130 35 motion

297 2300 59 35 the
368 2299 106 36 Clerk
486 2299 181 45 requested
679 2301 77 34 that
767 2300 60 35 the
838 2299 121 35 record
971 2300 43 35 be
1025 2298 163 36 returned
1200 2298 45 45 by
1257 2300 71 34 Mr.
1342 2297 166 46 Lafferty,

297 2350 77 34 who
388 2350 69 34 had
472 2349 153 36 checked
639 2349 27 35 it
681 2355 70 30 out.
766 2349 75 35 The
856 2349 121 35 record
990 2360 71 24 was
1076 2349 173 44 promptly
1264 2347 172 36 returned.
1452 2348 57 35 On

298 2400 128 35 March
443 2399 41 36 14
496 2400 60 35 the
568 2405 138 39 present
718 2400 131 34 motion
861 2404 36 30 to
909 2399 58 35 file
978 2410 21 24 a
1012 2398 138 36 belated
1162 2398 93 36 brief
1264 2409 70 24 was
1346 2397 91 42 filed,
1450 2398 60 35 the
