1666 2699
149 380 134 43 ground
295 381 75 34 that
382 380 57 34 the
450 386 200 37 agreement
661 391 70 24 was
742 381 34 34 in
788 381 102 34 effect
901 392 20 23 a
933 382 72 34 sale
1015 381 69 34 and
1094 380 78 36 void
1183 380 53 35 for
1247 392 114 32 usury.

151 431 130 34 Bentco
295 430 213 35 maintained
523 431 26 34 it
563 442 69 23 was
647 442 20 23 a
682 435 77 30 true
773 431 101 35 lease.
889 431 74 34 The
977 431 79 34 trial
1071 436 98 30 court
1183 430 107 36 found
1305 431 59 34 the

149 486 244 37 arrangement
408 486 35 29 to
459 481 42 34 be
516 492 20 23 a
552 480 102 41 lease,
670 480 266 44 distinguishing
951 480 80 35 Bell
1042 492 31 23 v.
1088 481 89 41 Itek,
1194 482 68 34 262
1277 482 84 34 Ark.

151 532 55 39 22,
226 532 65 33 555
310 531 142 34 S.W.2d
473 533 11 32 1
509 531 138 43 (1977),
665 532 148 33 because
829 531 59 34 the
904 531 92 35 lease
1012 531 59 34 did
1088 536 60 30 not
1164 532 138 34 contain
1320 542 44 23 an

149 581 118 43 option
279 586 35 29 to
325 581 179 43 purchase,
517 591 61 24 nor
589 592 68 32 any
668 581 170 44 provision
850 580 52 35 for
914 581 73 34 Hill
998 586 36 29 to
1044 581 119 35 obtain
1174 581 76 34 title
1259 587 35 29 to
1305 581 59 34 the

150 630 210 43 equipment.
380 630 102 43 Upon
500 630 225 35 amendment
742 630 39 35 of
796 631 158 34 Bentco’s
972 631 200 43 complaint,
1191 631 58 34 the
1266 636 98 29 court

150 679 162 35 awarded
323 680 165 42 damages
499 679 39 35 of
547 681 162 39 $24,426,
721 680 59 34 the
791 680 85 35 total
887 680 39 35 of
933 681 60 34 the
1003 680 92 34 lease
1105 686 181 38 payments
1297 680 68 35 due

150 740 80 24 over
250 730 58 33 the
328 730 88 42 sixty
436 729 120 35 month
578 729 129 44 period.
730 730 72 34 Hill
822 731 140 43 appeals
983 729 91 35 from
1094 730 59 34 the
1168 730 194 43 judgment.

1295 239 66 34 625

336 816 39 34 In
391 815 86 40 Itek,
495 826 121 32 supra,
632 827 51 23 we
699 815 181 44 expressed
896 826 148 24 concern
1059 826 80 24 over
1154 816 210 34 conditional

150 866 89 33 sales
261 865 101 43 being
383 864 174 44 disguised
579 876 37 24 as
637 866 93 34 lease
750 871 228 38 agreements,
999 865 201 44 permitting
1221 866 143 43 charges

150 915 77 34 that
240 914 109 35 under
363 926 19 23 a
396 915 108 35 credit
518 915 72 35 sale
602 915 113 35 would
729 915 186 35 constitute
928 927 115 32 usury.
1059 917 65 33 We
1136 916 139 34 warned
1288 916 77 34 that

151 965 85 34 such
253 964 229 35 transactions
498 965 114 34 would
628 965 44 35 be
688 965 127 44 closely
831 965 182 36 examined
1030 966 34 34 in
1081 966 59 35 the
1156 965 126 35 future.
1300 966 66 34 We

151 1014 147 44 initially
315 1015 181 34 examined
512 1014 60 36 the
588 1015 92 35 lease
696 1021 199 37 agreement
911 1016 69 35 and
997 1015 109 36 found
1122 1016 26 35 it
1164 1015 150 36 resulted
1331 1016 34 34 in

150 1064 60 35 the
220 1070 165 38 payment
395 1064 38 35 of
441 1076 44 23 an
496 1071 144 29 amount
651 1076 79 24 over
741 1065 58 35 the
810 1066 91 35 lease
911 1071 90 30 term
1012 1067 101 43 equal
1124 1072 46 35 to,
1181 1077 38 24 or
1229 1071 136 39 greater

151 1115 96 40 than,
261 1115 60 34 the
333 1115 112 34 stated
458 1115 94 44 price
564 1115 39 34 of
613 1116 60 34 the
684 1115 117 43 goods.
814 1115 93 35 That
919 1116 28 34 is
960 1121 78 30 true
1050 1116 38 34 of
1099 1116 67 35 this
1179 1116 80 35 case
1259 1116 43 35 —
1302 1116 63 35 the

150 1170 130 37 system
290 1170 73 29 cost
375 1165 129 34 Bentco
514 1166 65 33 less
591 1165 85 34 than
687 1166 150 40 $10,000
848 1165 68 34 and
927 1165 102 35 could
1040 1166 87 34 have
1137 1166 86 34 been
1235 1166 130 43 bought

150 1213 155 43 outright
328 1214 44 44 by
396 1214 71 34 Hill
491 1214 53 35 for
568 1215 221 41 $15,260.07,
812 1215 153 35 whereas
988 1215 59 34 the
1070 1216 92 34 lease
1184 1221 180 38 payments

151 1263 132 35 totaled
304 1265 160 40 $24,426.

336 1350 111 35 Other
456 1350 129 35 factors
595 1350 176 35 discussed
781 1351 34 34 in
824 1351 79 34 Itek
911 1362 60 24 are
980 1357 138 38 present
1127 1351 91 35 here.
1229 1352 58 34 All
1296 1352 70 34 risk

150 1399 40 35 of
201 1400 67 34 loss
280 1411 71 24 was
363 1411 44 24 on
419 1400 60 35 the
491 1401 108 35 lessee
611 1401 69 34 and
693 1401 168 35 remedies
873 1412 45 23 on
930 1400 136 36 default
1077 1412 91 24 were
1179 1401 99 35 those
1289 1402 77 34 that

151 1449 114 35 would
278 1450 42 34 be
332 1450 170 35 available
513 1456 35 29 to
561 1461 20 24 a
593 1450 211 35 conditional
817 1451 109 35 seller:
940 1450 110 36 under
1061 1452 60 34 the
1132 1451 92 35 lease
1236 1452 130 34 Bentco

150 1499 103 34 could
266 1499 138 35 declare
415 1500 59 34 the
486 1500 111 34 entire
609 1506 144 29 amount
765 1501 78 40 due,
857 1512 171 32 repossess
1042 1501 59 34 the
1113 1506 139 39 system,
1265 1501 61 34 sell
1339 1502 27 33 it

150 1549 70 33 and
236 1549 81 33 hold
334 1549 73 34 Hill
422 1549 104 35 liable
541 1549 53 34 for
610 1561 68 32 any
692 1550 200 43 deficiency.
908 1551 84 34 This
1007 1550 94 35 lease
1115 1550 73 35 also
1203 1550 163 44 provided

151 1598 77 34 that
244 1597 30 34 if
287 1609 20 23 a
323 1599 72 34 sale
409 1598 40 34 of
461 1599 59 34 the
536 1604 162 39 property
713 1599 175 44 produced
904 1611 20 23 a
941 1600 147 43 surplus,
1105 1601 26 34 it
1147 1600 168 43 belonged
1331 1605 35 29 to

152 1648 83 34 Hill.
249 1649 33 32 A
295 1647 170 44 provision
478 1648 112 35 which
603 1654 133 30 creates
749 1660 44 24 an
806 1649 118 45 equity
936 1650 35 34 in
984 1649 59 35 the
1054 1649 107 44 goods
1174 1650 34 34 in
1220 1650 97 35 favor
1329 1650 40 35 of

150 1698 60 34 the
226 1698 108 35 lessee
350 1698 28 35 is
394 1709 20 23 a
430 1698 198 44 significant
643 1699 255 36 consideration
914 1700 35 35 in
965 1700 232 44 determining
1212 1700 153 35 whether

151 1748 59 35 the
223 1748 212 36 transaction
449 1749 28 35 is
491 1761 20 23 a
526 1749 72 35 sale
611 1761 37 23 or
662 1761 21 24 a
697 1750 101 35 lease.
813 1752 41 33 In
866 1762 37 23 re
921 1749 108 37 Tulsa
1041 1752 86 34 Port
1144 1751 220 41 Warehouse,

151 1799 68 34 690
241 1799 85 33 F.2d
347 1800 66 34 809
436 1799 101 42 (10th
558 1800 71 34 Cir.
655 1799 118 43 1982);
794 1800 118 34 White
935 1802 33 33 &
990 1800 191 41 Summers,
1202 1801 164 34 Uniform

150 1848 235 34 Commercial
403 1848 108 41 Code,
531 1848 18 42 §
569 1850 81 33 22-3
672 1848 63 42 (2d
752 1849 54 34 ed.
828 1849 119 42 1980);
965 1849 170 41 Hillman,
1153 1850 211 40 McDonnel,

150 1896 156 40 Nickles,
330 1897 172 34 Common
525 1898 83 33 Law
630 1897 69 34 and
722 1898 127 43 Equity
870 1898 110 34 under
1002 1898 60 34 the
1083 1898 111 40 UCC,
1219 1899 18 41 §
1265 1899 98 33 18.05

154 1945 109 43 [3][a]
272 1944 137 43 (1985).

243 2031 39 34 In
291 2031 79 35 Itek
379 2031 59 35 the
447 2031 107 36 lessee
563 2031 70 36 had
643 2043 44 24 an
697 2032 118 44 option
824 2038 36 30 to
869 2032 70 45 buy
948 2033 59 35 the
1016 2032 116 36 leased
1142 2039 161 39 property
1312 2033 53 35 for

150 2092 20 24 a
196 2081 154 36 nominal
375 2087 154 37 amount,
555 2082 113 36 which
693 2094 52 23 we
769 2083 168 44 regarded
963 2094 37 25 as
1025 2083 127 44 having
1177 2084 188 44 particular

149 2132 234 43 significance,
401 2143 37 24 as
457 2133 84 35 such
560 2144 20 23 a
598 2133 171 44 provision
787 2134 28 34 is
832 2144 80 24 seen
930 2134 46 44 by
993 2144 96 25 some
1106 2134 203 35 authorities
1327 2146 37 23 as

150 2182 149 35 decisive
315 2183 34 34 in
366 2182 159 44 deciding
542 2183 154 35 whether
712 2184 59 34 the
787 2184 212 35 transaction
1016 2184 27 34 is
1060 2195 20 23 a
1097 2184 72 35 sale
1185 2185 68 33 and
1269 2190 60 29 not
1345 2196 20 23 a

150 2237 78 29 true
250 2232 102 41 lease,
377 2232 125 43 “[F]or
523 2232 79 44 why
623 2233 114 34 would
760 2244 20 23 a
803 2233 90 34 bona
916 2234 68 34 fide
1006 2233 106 35 lessor
1134 2233 188 44 relinquish
1345 2245 20 23 a

148 2281 162 34 valuable
324 2282 128 34 chattel
467 2282 54 34 for
535 2287 81 29 next
629 2287 36 29 to
679 2282 190 44 nothing?”
883 2283 88 39 Itek,
986 2293 120 33 supra.
1121 2283 67 34 See
1202 2282 164 36 Uniform

151 2330 235 36 Commercial
402 2331 108 41 Code,
528 2331 17 43 §
568 2331 199 43 1-201(37);
784 2333 37 34 B.
839 2332 119 41 Clark,
973 2332 75 35 The
1064 2333 83 34 Law
1161 2332 40 35 of
1213 2332 153 35 Secured

150 2381 246 35 Transactions
416 2381 121 35 Under
558 2381 59 35 the
637 2381 164 36 Uniform
822 2381 234 36 Commercial
1078 2381 107 42 Code,
1209 2383 17 42 §
1253 2384 50 33 1.5
1312 2382 49 44 [3]
