1656 2696
247 421 142 43 bearing
402 421 161 35 evidence
575 421 39 35 of
624 421 252 41 indebtedness,
889 427 36 29 to
937 432 68 33 pay
1017 422 112 34 which
1141 422 59 34 the
1212 422 120 44 people

246 471 113 34 would
373 471 43 34 be
429 471 114 41 taxed,
558 482 38 23 or
609 471 90 35 their
713 477 160 38 property
887 471 244 44 appropriated
1144 476 35 30 to
1194 482 66 33 pay
1274 472 59 34 the

248 520 251 41 indebtedness,
512 532 38 23 or
564 532 67 33 any
644 521 241 34 indebtedness
897 521 77 35 that
986 521 122 44 placed
1121 532 67 32 any
1200 521 132 34 burden

247 581 44 23 on
303 571 59 33 the
373 576 194 38 taxpayers.
581 571 31 34 It
623 582 70 23 was
706 576 59 29 not
776 571 59 34 the
847 571 168 34 intention
1027 576 36 29 to
1075 571 150 43 prohibit
1236 571 96 34 cities

248 620 69 34 and
334 626 107 28 towns
459 620 91 35 from
568 621 141 42 making
727 621 266 43 improvements
1011 620 69 35 and
1097 620 161 44 pledging
1275 621 59 34 the

249 681 146 23 revenue
419 670 90 34 from
532 670 60 34 the
616 670 265 44 improvements
906 681 37 24 so
967 670 103 35 made
1094 671 100 34 alone
1217 676 35 29 to
1275 671 59 34 the

249 725 163 38 payment
432 719 39 35 of
488 720 59 34 the
567 720 252 34 indebtedness.

1263 281 65 34 293

125 801 83 34 Less
220 801 85 34 than
317 806 67 29 two
396 812 98 33 years
506 812 67 32 ago
585 801 34 34 in
631 803 124 33 Purvis
765 813 30 22 v.
808 801 106 35 Little
925 801 112 41 Rock,
1052 801 139 43 (Purvis
1201 801 50 43 II)
1266 803 68 33 282

125 851 85 34 Ark.
226 852 154 39 102, 667
392 851 142 34 S.W.2d
546 852 67 33 936
627 851 137 43 (1984),
776 851 67 35 this
853 852 173 42 language
1035 863 70 23 was
1115 851 127 44 quoted
1252 852 83 34 with

125 901 175 43 approval:

250 982 83 34 This
346 987 97 29 court
455 982 62 35 has
530 982 173 44 approved
716 994 20 23 a
749 982 68 35 line
828 982 39 35 of
876 993 96 24 cases
985 983 103 43 going
1101 983 89 34 back
1202 988 35 29 at
1250 983 86 34 least

250 1037 36 29 to
298 1032 60 34 the
375 1032 87 34 1932
474 1043 80 24 case
567 1032 39 34 of
616 1032 222 35 McCutchen
849 1044 30 22 v.
892 1032 141 35 Siloam
1044 1033 157 43 Springs,
1216 1044 119 32 supra,

250 1082 112 34 which
384 1082 80 34 hold
485 1082 77 35 that
584 1082 266 44 municipalities
872 1093 81 33 may
974 1083 91 34 issue
1086 1093 84 33 pure
1191 1094 146 23 revenue

251 1131 109 35 bonds
371 1131 53 35 for
436 1132 120 44 purely
567 1132 161 35 essential
739 1132 116 44 public
866 1143 164 33 purposes
1041 1133 144 34 without
1197 1132 139 44 holding

251 1192 45 24 an
317 1182 154 34 election.

128 1263 195 41 Moreover,
333 1263 34 34 in
377 1274 20 23 a
407 1263 253 44 supplemental
670 1264 138 43 opinion
817 1269 36 29 to
861 1265 124 33 Purvis
994 1265 46 39 II,
1050 1264 66 34 five
1124 1263 39 35 of
1169 1264 59 34 the
1237 1275 100 23 seven

127 1313 173 34 members
314 1312 39 35 of
363 1313 67 34 this
443 1318 98 30 court
555 1313 176 44 pointedly
744 1313 221 44 emphasized
978 1314 77 34 that
1068 1314 59 34 the
1137 1313 200 44 Snodgrass

126 1374 31 23 v.
167 1363 223 34 Pocahontas
399 1363 140 43 holding
549 1374 71 23 was
629 1369 60 29 not
698 1363 174 44 impaired
879 1363 45 44 by
932 1364 60 34 the
999 1365 124 33 Purvis
1131 1363 205 35 IIdecision.

127 1413 34 34 A
170 1412 67 35 few
246 1413 138 34 months
394 1413 86 34 later
490 1413 34 34 in
533 1413 159 44 Murphy
699 1424 31 23 v.
740 1415 103 42 Epes,
855 1414 65 33 283
931 1414 86 33 Ark.
1029 1414 155 40 517,
1195 1413 35 35 678
1234 1413 103 35 S.W.2d

129 1463 68 33 352
210 1462 138 42 (1984),
360 1473 20 23 a
390 1462 162 44 majority
562 1462 39 35 of
609 1463 68 35 this
687 1468 98 29 court
795 1463 102 43 again
909 1463 185 34 embraced
1104 1463 60 34 the
1173 1463 166 43 principle

128 1522 76 23 now
218 1512 103 42 being
335 1512 204 34 renounced.
555 1512 131 34 Justice
699 1512 165 44 Dudley’s
878 1513 205 42 concurring
1097 1513 137 43 opinion
1248 1512 91 34 from

128 1563 125 32 Purvis
266 1563 39 32 II
315 1572 70 23 was
399 1561 127 43 quoted
541 1562 224 43 approvingly
780 1561 45 43 by
838 1561 59 34 the
911 1561 163 43 majority
1088 1562 35 33 in
1137 1561 156 44 Murphy
1307 1573 30 22 v.

128 1612 104 42 Epes:

253 1692 75 35 Our
343 1703 95 24 cases
454 1692 187 35 constitute
656 1704 21 23 a
692 1693 76 34 well
784 1692 187 45 developed
986 1692 91 45 body
1093 1692 39 35 of
1144 1692 194 45 precedent,

253 1753 75 24 now
339 1743 188 43 stretching
538 1754 80 23 over
629 1743 78 34 half
715 1754 20 24 a
746 1748 153 39 century,
911 1743 46 44 by
967 1743 112 35 which
1090 1743 68 35 this
1169 1748 97 30 court
1277 1743 62 35 has

253 1793 225 44 consistently
491 1793 214 44 interpreted
715 1793 60 35 the
786 1793 224 35 constitution
1022 1799 36 29 to
1071 1793 178 35 authorize
1260 1804 79 33 gov-

253 1848 174 29 ernments
446 1848 36 29 to
502 1843 97 34 incur
619 1844 80 42 long
718 1848 89 29 term
826 1843 110 41 debts,
956 1843 145 35 without
1120 1844 141 34 elective
1280 1854 59 33 ap-

254 1893 128 42 proval,
409 1893 34 33 in
468 1892 101 34 order
595 1898 35 29 to
656 1893 103 34 make
785 1893 202 34 authorized
1012 1893 249 43 improvement
1287 1893 53 34 for

254 1942 117 43 public
380 1952 164 33 purposes
553 1942 100 34 when
663 1942 60 34 the
732 1942 82 34 debt
824 1942 27 34 is
861 1948 36 29 to
906 1943 44 34 be
959 1942 82 44 paid
1050 1948 60 29 out
1120 1942 39 35 of
1166 1953 172 24 revenues.

256 1991 65 43 (At
341 2002 32 34 p.
396 1991 95 44 522).

221 2074 149 44 Today’s
395 2074 139 45 opinion
561 2075 62 34 has
649 2075 68 35 this
743 2080 35 30 to
803 2075 183 35 commend
1012 2075 29 35 it
1041 2075 43 35 —
1084 2075 29 35 it
1139 2075 155 44 provides
1320 2086 21 24 a

130 2124 149 35 solution
290 2124 53 35 for
353 2125 59 34 the
421 2125 181 34 confusion
612 2125 112 34 which
735 2125 158 35 followed
904 2125 59 35 the
971 2127 125 32 Purvis
1105 2127 20 32 I
1131 2130 130 29 caveat.
1274 2126 67 33 But

130 2174 77 34 that
222 2174 101 34 alone
337 2174 81 34 does
432 2180 60 28 not
502 2174 125 43 justify
641 2175 59 33 the
715 2180 152 28 extreme
881 2180 75 37 step
970 2175 104 33 taken
1089 2174 105 43 today
1208 2175 98 33 when
1320 2185 21 23 a

129 2223 115 33 viable
256 2223 203 34 alternative
471 2223 28 33 is
511 2233 100 33 open,
624 2233 65 24 one
701 2223 123 40 which,
838 2224 15 32 I
866 2223 141 40 believe,
1020 2223 28 33 is
1060 2223 187 34 consistent
1259 2223 82 33 with

131 2271 196 44 precedent.
347 2272 92 34 That
458 2272 28 34 is
506 2277 35 29 to
561 2272 128 34 adhere
708 2277 36 29 to
763 2272 59 34 the
841 2272 80 43 long
941 2272 161 43 standing
1121 2272 166 43 principle
1306 2272 39 34 of

130 2321 202 44 Snodgrass
340 2332 30 23 v.
380 2321 233 41 Pocahontas,
624 2321 164 44 applying
798 2326 36 29 at
843 2321 59 34 the
911 2332 96 23 same
1016 2321 85 34 time
1109 2321 59 34 the
1177 2326 120 29 caveat
1306 2320 40 35 of

131 2372 125 33 Purvis
266 2373 20 32 I
294 2371 45 43 by
350 2371 174 43 requiring
536 2382 45 23 an
593 2371 146 34 election
750 2382 37 23 as
799 2376 35 29 to
846 2371 98 34 those
954 2371 148 43 projects
1114 2371 111 33 which
1237 2370 106 34 entail

131 2420 60 35 the
200 2431 61 24 use
270 2420 39 34 of
316 2431 162 24 revenues
489 2420 90 35 from
588 2431 137 24 sources
735 2420 135 35 outside
879 2421 60 34 the
947 2421 250 43 improvement
1206 2420 95 34 itself
1308 2425 35 29 to
