1662 2705
1289 266 67 35 425

243 1203 140 44 Friday,
407 1203 177 45 Eldredge
609 1206 31 34 &
668 1204 120 42 Clark,
812 1205 55 43 by:
896 1205 154 35 William
1072 1207 46 33 H.
1142 1206 130 35 Sutton
1294 1205 69 36 and

152 1255 114 34 Diane
284 1254 38 34 S.
344 1254 164 43 Mackey,
529 1254 54 35 for
603 1254 204 45 appellants.

244 1332 75 36 Bob
337 1334 112 40 Scott,
470 1333 54 35 for
544 1333 183 45 appellees.

244 1412 99 34 Jack
361 1413 118 39 Holt,
496 1412 69 40 Jr.,
583 1411 108 36 Chief
703 1412 141 35 Justice.

861 1412 74 35 The
951 1412 128 44 parties
1095 1417 36 30 to
1146 1413 68 34 this
1230 1412 135 36 lawsuit

153 1471 60 24 are
225 1461 47 34 all
285 1461 171 34 members
469 1460 40 35 of
518 1461 59 34 the
590 1461 101 35 Sixth
704 1461 69 34 and
787 1461 100 35 Izard
900 1461 143 35 Church
1055 1461 40 35 of
1105 1462 129 40 Christ,
1249 1462 82 41 Inc.,
1345 1473 20 24 a

152 1510 131 35 church
297 1509 239 45 incorporated
549 1511 109 34 under
671 1511 178 35 Arkansas
861 1511 65 34 law
939 1522 38 24 as
990 1523 20 23 a
1023 1512 172 43 nonprofit
1206 1522 158 33 corpora-

152 1560 83 34 tion.
247 1560 205 45 Appellants
463 1571 60 25 are
533 1560 111 35 elders
654 1560 40 35 of
701 1560 60 35 the
770 1561 130 35 church
910 1561 69 35 and
990 1561 172 44 appellees
1172 1572 60 24 are
1241 1566 78 39 part
1328 1561 40 36 of

152 1609 44 37 its
222 1610 140 44 general
387 1610 244 45 membership.
658 1611 185 44 Appellees
867 1610 181 36 instituted
1073 1611 69 35 suit
1166 1612 36 34 in
1226 1611 139 38 Pulaski

152 1660 186 44 Chancery
357 1660 110 35 Court
485 1660 151 44 alleging
655 1660 77 35 that
750 1661 82 44 they
850 1661 87 35 have
955 1661 87 35 been
1061 1661 123 36 denied
1203 1661 161 36 financial

151 1710 85 35 data
253 1710 68 36 and
337 1710 98 35 other
451 1710 156 36 business
623 1710 224 37 information
863 1711 147 44 relating
1026 1716 36 30 to
1077 1712 60 35 the
1151 1712 129 35 church
1296 1712 69 36 and

152 1761 170 42 asserting
339 1760 87 42 that,
443 1772 37 24 as
497 1761 173 35 members
686 1761 40 35 of
739 1772 20 24 a
776 1762 172 43 nonprofit
963 1762 229 44 corporation,
1209 1762 81 44 they
1306 1773 59 24 are

153 1809 145 36 entitled
311 1815 37 29 to
360 1810 68 35 this
442 1811 202 43 knowledge
658 1822 38 23 as
710 1822 20 23 a
745 1817 127 29 matter
885 1811 39 35 of
935 1816 172 39 statutory
1121 1812 101 44 right.
1237 1812 128 44 Appel-

153 1859 91 36 lants
263 1859 80 35 filed
362 1871 20 23 a
401 1860 130 35 motion
550 1865 36 30 to
604 1860 138 35 dismiss
760 1860 54 35 for
832 1860 125 36 failure
975 1866 36 30 to
1029 1866 90 29 state
1137 1872 20 24 a
1175 1861 104 35 claim
1297 1861 69 35 and

153 1909 150 36 because
314 1909 60 35 the
386 1909 100 36 relief
494 1910 126 44 sought
632 1916 128 30 cannot
772 1910 42 36 be
826 1910 161 36 awarded
999 1910 145 36 without
1154 1911 164 35 violation
1330 1911 39 35 of

153 1960 60 36 the
241 1960 75 36 first
344 1960 68 36 and
441 1960 199 36 fourteenth
669 1961 241 36 amendments
939 1967 35 32 to
1003 1961 59 36 the
1090 1961 131 37 United
1250 1961 115 38 States

155 2010 236 36 Constitution
405 2011 69 35 and
488 2017 64 29 art.
568 2013 32 40 2,
618 2012 41 43 §§
676 2013 44 33 24
734 2012 69 35 and
817 2013 43 34 25
875 2012 40 35 of
925 2013 59 34 the
997 2012 179 35 Arkansas
1191 2013 175 35 Constitu-

154 2061 83 35 tion.
266 2061 75 35 The
368 2062 79 34 trial
474 2067 98 29 court
599 2061 125 36 denied
752 2062 59 35 the
838 2062 131 35 motion
996 2067 36 30 to
1059 2062 136 35 dismiss
1223 2062 144 36 without

153 2110 211 43 conducting
376 2122 20 22 a
408 2111 143 43 hearing
562 2122 45 23 on
619 2112 59 34 the
689 2112 259 34 constitutional
960 2112 118 34 issues.
1090 2112 185 43 Appellees
1286 2112 81 34 filed

153 2159 179 43 discovery
360 2164 154 39 requests
542 2160 141 42 seeking
711 2160 60 34 the
799 2171 96 23 same
922 2160 163 35 financial
1114 2161 69 34 and
1211 2160 155 35 business

154 2208 226 35 information
393 2208 112 35 which
519 2220 70 23 was
603 2209 60 34 the
676 2209 115 43 object
804 2209 39 35 of
853 2209 59 34 the
926 2209 146 35 lawsuit.
1087 2209 74 35 The
1175 2209 192 44 appellants

154 2257 205 44 challenged
376 2258 59 35 the
451 2258 175 45 propriety
643 2257 40 35 of
696 2258 60 35 the
772 2258 177 45 discovery
966 2264 149 40 request,
1133 2259 62 35 but
1212 2259 59 34 the
1287 2259 80 35 trial

154 2313 99 30 court
265 2307 144 37 ordered
421 2309 96 34 them
528 2313 36 30 to
576 2309 147 44 comply.
737 2309 32 34 It
780 2309 28 35 is
820 2309 90 35 from
922 2309 77 35 that
1010 2309 247 47 interlocutory
1267 2309 101 35 order

154 2358 78 36 that
245 2358 70 35 this
330 2359 123 43 appeal
467 2358 29 35 is
510 2358 161 44 brought.
686 2359 76 34 Our
774 2358 219 45 jurisdiction
1007 2359 29 35 is
1050 2364 169 39 pursuant
1232 2364 36 30 to
1283 2359 84 44 Sup.

155 2408 57 35 Ct.
234 2409 43 34 R.
300 2408 161 43 29(l)(a)
483 2408 69 35 and
574 2408 67 43 (k).
