1656 2688
306 410 216 44 particulars,
533 410 69 35 and
612 410 59 35 the
681 415 90 30 state
780 421 69 24 was
860 410 143 35 entitled
1014 416 35 29 to
1059 422 104 33 prove
1172 411 59 35 the
1241 411 109 35 entire
1360 411 157 35 criminal

306 460 148 44 episode.
471 461 39 34 In
524 465 67 30 two
605 471 96 24 cases
716 461 93 34 since
825 460 186 44 Clayborn,
1026 472 51 23 we
1091 461 243 44 unanimously
1348 461 79 34 held
1441 461 76 35 that

305 510 98 34 there
421 510 27 34 is
466 510 80 44 only
564 521 65 24 one
647 510 131 35 offense
796 510 39 35 of
850 510 133 43 driving
1001 509 102 36 while
1120 511 211 34 intoxicated
1349 511 82 35 with
1450 517 68 28 two

305 571 92 32 ways
417 559 39 35 of
472 560 165 43 violating
656 560 59 34 the
734 565 67 36 act,
823 560 109 34 either
952 560 45 44 by
1015 561 180 43 operating
1215 572 38 23 or
1272 561 205 43 controlling
1497 572 20 23 a

304 609 132 34 vehicle
455 609 101 34 while
576 609 210 35 intoxicated
805 620 38 24 or
863 610 180 43 operating
1063 621 38 23 or
1121 610 205 43 controlling
1346 621 20 23 a
1385 611 132 34 vehicle

304 658 99 35 when
420 658 102 35 blood
539 659 134 34 alcohol
689 664 140 30 content
845 659 27 35 is
889 659 116 35 0.10%
1021 670 38 24 or
1075 670 106 24 more.
1202 661 139 33 Yacono
1355 671 31 23 v.
1402 661 113 40 State,

305 709 66 34 285
384 709 85 34 Ark.
486 709 154 40 130, 685
653 708 143 35 S.W.2d
809 710 67 33 500
889 709 138 43 (1985);
1043 709 294 42 Wilson v. State,
1351 711 66 33 285
1429 710 85 34 Ark.

305 759 79 39 257,
410 759 66 33 685
502 758 143 34 S.W.2d
671 759 63 33 811
765 758 136 43 (1985).
928 759 40 34 In
996 759 131 34 Wilson
1150 759 59 34 the
1233 759 189 35 defendant
1446 771 69 23 was

304 807 150 43 charged
468 807 109 34 under
590 818 65 24 one
668 808 196 34 subsection
877 808 39 34 of
926 808 59 34 the
998 814 57 29 act
1068 809 63 34 but
1144 809 178 34 convicted
1335 809 109 34 under
1457 809 59 34 the

303 856 99 34 other
422 856 206 35 subsection.
650 857 65 34 We
735 857 85 34 said:

308 270 67 34 352

517 942 75 35 The
603 943 176 43 appellant
790 948 81 29 next
883 954 123 33 argues
1018 944 77 34 that
1106 944 44 34 he
1161 955 70 24 was
1242 944 152 43 charged
1406 944 108 35 under

427 992 195 35 subsection
639 992 53 44 (b)
708 992 40 35 of
759 993 58 35 the
831 998 56 30 act
902 993 62 35 but
977 1005 70 23 was
1061 994 179 35 convicted
1253 994 110 35 under
1377 995 136 34 subsec-

427 1042 71 35 tion
517 1042 52 44 (a)
587 1042 40 35 of
640 1042 59 36 the
714 1048 68 37 act,
799 1043 69 35 and
884 1043 184 42 therefore,
1085 1044 52 35 his
1154 1044 192 35 conviction
1362 1050 93 30 must
1471 1045 44 35 be

426 1093 167 35 reversed.
622 1093 126 44 Again,
776 1093 59 36 the
862 1099 183 39 argument
1073 1094 27 35 is
1128 1095 145 35 without
1299 1095 112 35 merit.
1440 1095 74 35 The

426 1143 166 43 charging
604 1143 217 42 instrument,
834 1144 153 35 whether
999 1156 20 23 a
1032 1145 143 34 citation
1188 1156 37 23 or
1237 1145 235 42 information,
1486 1146 27 34 is

426 1198 59 29 not
502 1193 34 34 in
553 1193 59 34 the
629 1193 130 35 record.
776 1194 75 34 The
868 1194 187 44 municipal
1072 1200 99 29 court
1187 1195 124 43 appeal
1328 1196 186 43 transcript

425 1242 135 34 reflects
580 1242 77 34 that
677 1243 175 43 appellant
872 1254 70 23 was
963 1243 162 44 ‘charged
1145 1244 82 34 with
1248 1244 59 34 the
1326 1245 132 34 offense
1477 1245 40 34 of

425 1292 98 34 DWI
537 1292 87 34 one.’
640 1291 111 35 Other
765 1298 94 38 parts
873 1293 40 34 of
923 1293 59 34 the
996 1293 120 34 record
1130 1293 152 35 indicate
1295 1294 77 34 that
1386 1294 43 34 he
1443 1305 69 24 was

425 1341 151 44 charged
590 1342 82 34 with
687 1342 109 34 ‘DWI
811 1343 87 34 one.’
911 1342 97 35 Such
1023 1354 22 23 a
1059 1342 127 44 charge
1201 1346 30 32 is
1243 1343 174 44 sufficient
1431 1355 82 23 even

426 1391 132 44 though
580 1391 58 35 the
656 1391 214 45 evidentiary
889 1395 252 41 requirements
1159 1393 46 44 of
1217 1393 58 35 the
1293 1393 219 35 subsections

425 1452 60 23 are
504 1441 172 43 different.
700 1441 133 43 (Italics
854 1441 184 44 supplied.)

390 1525 75 34 The
474 1536 80 24 case
563 1525 119 35 before
691 1537 40 23 us
741 1532 154 37 presents
906 1527 125 34 almost
1040 1527 59 34 the
1109 1538 96 24 same
1214 1528 158 43 question
1382 1539 51 23 we
1442 1528 70 34 had

300 1573 34 35 in
357 1574 186 43 Clayborn.
565 1575 153 43 Cokeley
737 1586 70 23 was
827 1575 152 43 charged
998 1576 83 34 with
1101 1587 84 33 rape
1204 1576 46 44 by
1269 1577 118 34 sexual
1408 1577 102 34 inter-

299 1634 131 24 course.
449 1624 75 34 The
540 1624 120 35 victim
678 1625 148 34 testified
845 1625 61 35 she
924 1636 69 24 was
1012 1625 136 42 beaten,
1168 1626 203 35 threatened
1389 1627 83 34 with
1491 1638 20 23 a

299 1673 105 41 knife,
418 1673 119 35 forced
550 1679 35 30 to
598 1675 143 34 commit
754 1675 72 35 oral
839 1686 59 24 sex
911 1686 44 24 on
968 1675 153 45 Cokeley
1133 1676 69 35 and
1215 1676 106 44 raped
1335 1677 45 44 by
1393 1677 118 35 sexual

299 1723 221 36 intercourse.
537 1724 181 44 Cokeley’s
733 1725 142 35 defense
889 1736 70 24 was
974 1731 152 29 consent.
1144 1727 56 34 He
1214 1726 59 35 did
1289 1732 59 29 not
1363 1726 90 45 deny
1467 1727 44 35 he

299 1784 70 24 was
388 1774 82 34 with
490 1774 59 34 the
566 1774 119 35 victim
703 1785 38 24 or
761 1775 76 34 that
856 1775 118 35 sexual
993 1781 74 29 acts
1086 1776 176 35 occurred.
1284 1778 55 33 He
1358 1777 75 34 said
1451 1777 60 34 the

298 1823 118 35 victim
430 1824 207 44 voluntarily
652 1825 202 34 committed
869 1825 73 35 oral
958 1836 59 24 sex
1030 1836 45 24 on
1090 1826 83 34 him.
1190 1827 56 34 He
1260 1826 75 35 said
1350 1827 44 34 he
1408 1827 102 34 could

298 1878 60 29 not
381 1879 58 37 get
462 1884 44 24 an
530 1874 150 34 erection
704 1885 37 23 so
765 1875 82 43 they
869 1874 59 35 did
952 1880 60 30 not
1035 1876 87 34 have
1145 1877 119 34 sexual
1287 1877 221 34 intercourse.

298 1922 153 44 Cokeley
463 1923 72 35 also
547 1923 148 35 claimed
707 1924 44 34 he
762 1934 70 25 was
845 1924 221 35 intoxicated.
1079 1925 75 35 The
1164 1926 148 34 victim’s
1324 1926 186 44 testimony

297 1983 70 23 was
376 1972 244 35 corroborated
630 1973 45 44 by
684 1974 182 44 passersby
875 1975 77 34 who
962 1975 123 43 picked
1095 1975 61 34 her
1165 1986 47 33 up
1221 1975 35 35 in
1266 1976 59 34 the
1334 1976 130 35 middle
1473 1976 39 35 of

297 2022 59 34 the
372 2022 98 43 night
486 2023 99 34 when
601 2023 61 35 she
678 2034 63 24 ran
757 2024 113 35 naked
888 2024 90 35 from
996 2025 181 44 Cokeley’s
1193 2026 141 34 vehicle.
1352 2026 71 35 She
1439 2037 70 24 was

297 2072 236 44 immediately
559 2073 103 34 taken
689 2078 35 30 to
751 2085 19 23 a
797 2074 110 43 police
933 2074 138 41 station,
1099 2075 87 34 later
1212 2076 188 34 submitted
1426 2081 36 29 to
1488 2087 20 24 a

296 2121 148 35 medical
459 2122 233 35 examination
707 2123 68 34 and
789 2123 247 45 subsequently
1049 2124 103 35 made
1166 2136 20 23 a
1200 2130 187 30 statement
1400 2131 36 29 to
1449 2126 60 34 the

296 2171 111 44 police
419 2171 34 34 in
466 2171 112 35 which
591 2172 61 34 she
663 2173 75 34 said
751 2173 61 34 she
824 2184 70 24 was
907 2174 107 43 raped
1027 2174 45 43 by
1085 2174 118 35 sexual
1216 2175 211 34 intercourse
1438 2175 69 34 and

296 2220 118 35 forced
434 2226 36 29 to
489 2222 144 34 commit
652 2222 73 34 oral
746 2233 68 23 sex.

479 2306 74 35 The
566 2306 79 35 trial
659 2312 98 29 court
770 2307 125 44 simply
908 2308 190 34 instructed
1112 2308 59 35 the
1180 2308 81 44 jury
1274 2309 184 43 according
1471 2314 35 30 to

295 2355 59 34 the
371 2360 130 30 statute
517 2356 77 34 that
611 2367 20 23 a
649 2367 122 33 person
788 2357 161 35 commits
967 2368 83 33 rape
1066 2358 31 34 if
1110 2358 44 34 he
1171 2369 148 33 engages
1336 2359 35 34 in
1388 2359 118 34 sexual

295 2405 211 35 intercourse
527 2416 38 24 or
586 2405 136 36 deviate
743 2407 118 34 sexual
884 2407 141 44 activity
1047 2408 82 34 with
1151 2408 144 35 another
1317 2419 123 33 person
1462 2409 45 44 by
