1637 2696
319 417 33 34 in
374 418 98 43 place
493 417 39 34 of
550 417 58 35 the
629 417 187 45 municipal
839 418 158 44 hospital.
1020 419 74 34 The
1114 419 217 43 corporation
1353 419 121 34 moved
1496 425 35 29 to

318 467 136 36 dismiss
467 469 59 34 the
537 468 199 44 complaint.
751 468 111 35 Based
875 480 44 23 on
932 468 208 45 undisputed
1153 468 100 42 facts,
1265 469 59 35 the
1336 469 80 35 trial
1424 469 107 44 judge

319 517 96 36 ruled
433 519 32 34 in
482 518 59 35 the
556 518 246 44 corporation’s
819 519 97 35 favor
931 519 182 44 reasoning
1129 519 76 35 that
1220 520 94 34 since
1329 519 59 35 the
1403 519 128 36 former

319 569 147 43 hospital
491 579 70 24 was
585 569 154 34 immune
763 568 90 35 from
877 569 147 43 liability
1048 575 36 29 at
1107 570 65 34 law
1197 569 147 35 because
1367 570 26 34 it
1417 581 69 23 was
1511 582 20 23 a

318 618 192 34 charitable
531 618 204 40 institution,
757 629 36 23 so
814 630 69 23 was
904 619 43 34 its
968 629 185 24 successor.

319 278 45 32 70

502 696 57 34 On
571 697 123 43 appeal
707 697 158 34 Bonham
876 697 165 34 contends
1052 697 77 34 that
1140 697 94 34 since
1244 698 60 33 the
1314 698 217 43 corporation

319 745 192 44 purchased
532 746 59 34 the
611 751 107 29 assets
739 746 39 34 of
795 747 58 34 the
874 746 159 43 hospital,
1055 747 26 34 it
1101 747 160 34 assumed
1282 747 43 34 its
1345 747 184 35 liabilities.

318 795 112 34 There
454 796 27 34 is
505 796 143 42 nothing
673 796 33 34 in
731 796 58 34 the
813 795 119 35 record
956 801 35 29 to
1015 796 93 35 show
1132 796 76 35 that
1231 797 59 34 the
1313 797 217 43 corporation

318 845 161 34 assumed
491 856 67 32 any
568 845 39 34 of
614 846 59 33 the
684 850 68 30 tort
763 845 146 44 liability
919 845 40 34 of
966 846 59 34 the
1035 846 159 44 hospital.
1207 847 254 40 Furthermore,
1472 847 59 34 the

318 894 189 44 municipal
519 894 148 43 hospital
679 905 69 23 was
761 895 154 34 immune
926 894 91 35 from
1028 895 68 34 this
1108 901 80 38 type
1199 895 39 34 of
1246 896 116 40 claim,
1374 906 48 30 so,
1434 896 98 34 there

318 954 69 23 was
403 954 43 23 no
461 943 145 43 liability
621 944 53 34 for
688 945 59 33 the
760 944 217 43 corporation
992 950 35 28 to
1041 955 147 24 assume.
1203 946 51 32 As
1268 945 59 34 the
1341 945 78 34 trial
1433 951 98 29 court

318 991 175 36 observed:
506 992 188 44 “Liability
704 998 127 29 cannot
841 994 44 34 be
894 993 139 35 created
1044 999 60 29 out
1115 993 39 35 of
1161 994 75 34 thin
1247 994 61 34 air.
1320 994 104 34 Since
1435 995 96 34 there

317 1052 70 24 was
397 1053 44 23 no
451 1042 146 44 liability
605 1053 44 24 on
659 1043 59 35 the
727 1048 77 38 part
813 1043 39 34 of
858 1043 59 35 the
926 1043 230 43 predecessor,
1166 1043 97 35 there
1271 1054 66 24 can
1347 1043 43 35 be
1398 1055 89 24 none
1496 1044 34 35 in

317 1092 59 34 the
396 1093 209 34 successor.”

409 1172 115 34 While
536 1172 51 34 St.
602 1173 84 34 Paul
700 1173 28 34 is
741 1172 99 35 listed
854 1184 37 23 as
904 1184 44 24 an
962 1173 165 44 appellee,
1141 1173 97 35 there
1250 1173 28 35 is
1291 1184 44 24 no
1347 1179 183 38 argument

317 1231 43 24 on
382 1222 123 43 appeal
526 1222 76 34 that
622 1222 68 35 this
711 1227 77 39 part
809 1223 39 34 of
865 1223 59 34 the
941 1222 184 44 judgment
1145 1223 123 34 should
1290 1224 42 34 be
1353 1223 175 35 reviewed.

502 1301 30 33 It
547 1301 27 34 is
589 1301 60 34 the
663 1301 253 43 responsibility
931 1300 39 35 of
981 1301 59 34 the
1055 1301 176 44 appellant
1245 1307 36 29 to
1295 1302 235 34 demonstrate

318 1360 103 30 error,
442 1349 68 35 and
530 1360 89 24 none
638 1350 27 34 is
685 1350 269 35 demonstrated.
975 1350 159 35 Baldwin
1155 1351 181 43 Company
1354 1362 30 22 v.
1407 1352 126 34 CECO

319 1399 244 43 Corporation,
585 1400 68 33 280
673 1399 85 34 Ark.
782 1401 77 39 519,
882 1400 67 33 659
970 1399 143 35 S.W.2d
1135 1400 63 33 941
1225 1400 137 43 (1983).

407 1476 180 35 Affirmed.

408 1556 159 40 Purtle,
588 1556 43 40 J.,
652 1561 59 29 not
732 1556 255 44 participating.

580 1839 30 33 J.
632 1839 72 44 Sky
724 1839 119 34 TAPP
864 1850 27 23 v.
915 1839 124 34 Bonita
1061 1839 203 35 FOWLER

316 1917 128 34 85-223

1231 1920 67 33 702
1318 1919 143 34 S.W.2d
1486 1921 40 33 17

644 1996 170 45 Supreme
834 1997 111 34 Court
965 1996 39 35 of
1021 1998 177 34 Arkansas

567 2046 151 43 Opinion
739 2046 172 35 delivered
931 2047 155 43 January
1107 2048 55 39 21,
1187 2048 87 33 1986
