<?xml version='1.0' encoding='utf-8'?>
<alto xmlns="http://www.loc.gov/standards/alto/ns-v3#">
  <!--Created by Innodata R.E.D. RLI tool: 2017-04-25 06:27:18.753030-->
  <Description>
    <MeasurementUnit>pixel</MeasurementUnit>
    <sourceImageInformation>
      <fileName>32044078577194_00085_1.tif</fileName>
    </sourceImageInformation>
    <OCRProcessing ID="OP_1">
      <ocrProcessingStep>
        <processingStepDescription>Alto coordinates refer to the deskewed TIFF file. 
		To convert point (x, y) to original image (TIFF or JP2) apply transformation matrix T=(m00, m01, m10, m11, b0, b1) using the rule:
			T * (x,y) = (m00 * x + m01 * y + b0), (m10 * x + m11 * y + b1)</processingStepDescription>
        <processingStepSettings>RED.transform=(1.0, -0.0, 0.0, 1.0, 0.0, -0.0)</processingStepSettings>
      </ocrProcessingStep>
    </OCRProcessing>
  </Description>
  <Styles>
    <TextStyle FONTFAMILY="Times New Roman" FONTSIZE="11.00" FONTTYPE="serif" FONTWIDTH="proportional" ID="Style_3"/>
    <TextStyle FONTFAMILY="Times New Roman" FONTSIZE="11.00" FONTSTYLE="italics" FONTTYPE="serif" FONTWIDTH="proportional" ID="Style_4"/>
  </Styles>
  <Tags>
    <StructureTag ID="AZh" LABEL="p"/>
    <StructureTag ID="b170-1" LABEL="pagelabel"/>
    <StructureTag ID="b170-6" LABEL="p"/>
    <StructureTag ID="b170-7" LABEL="p"/>
  </Tags>
  <Layout>
    <Page HEIGHT="2688" ID="PG_170" PHYSICAL_IMG_NR="170" WIDTH="1624">
      <PrintSpace HEIGHT="2688" HPOS="0" ID="PS_170" VPOS="0" WIDTH="1624">
        <TextBlock HEIGHT="241.0" HPOS="317.0" ID="BL_170.1" TAGREFS="AZh" VPOS="402.0" WIDTH="1211.0">
          <TextLine HEIGHT="45" HPOS="319" ID="TL_170.1.1" VPOS="402" WIDTH="1209">
            <String CONTENT="David" HEIGHT="34" HPOS="319" ID="ST_170.1.1.1" STYLEREFS="Style_3" VPOS="402" WIDTH="112" WC="0.96" CC="00000" TAGREFS=""/>
            <SP HPOS="431" ID="SP_170.1.1.2" VPOS="403" WIDTH="16"/>
            <String CONTENT="Potter’s" HEIGHT="34" HPOS="447" ID="ST_170.1.1.3" STYLEREFS="Style_3" VPOS="403" WIDTH="145" WC="0.84" CC="00000090" TAGREFS=""/>
            <SP HPOS="592" ID="SP_170.1.1.4" VPOS="403" WIDTH="17"/>
            <String CONTENT="interest" HEIGHT="34" HPOS="609" ID="ST_170.1.1.5" STYLEREFS="Style_3" VPOS="403" WIDTH="141" WC="1.00" CC="00000000" TAGREFS=""/>
            <SP HPOS="750" ID="SP_170.1.1.6" VPOS="403" WIDTH="16"/>
            <String CONTENT="in" HEIGHT="34" HPOS="766" ID="ST_170.1.1.7" STYLEREFS="Style_3" VPOS="403" WIDTH="34" WC="0.72" CC="00" TAGREFS=""/>
            <SP HPOS="800" ID="SP_170.1.1.8" VPOS="404" WIDTH="16"/>
            <String CONTENT="the" HEIGHT="34" HPOS="816" ID="ST_170.1.1.9" STYLEREFS="Style_3" VPOS="404" WIDTH="59" WC="0.84" CC="000" TAGREFS=""/>
            <SP HPOS="875" ID="SP_170.1.1.10" VPOS="409" WIDTH="15"/>
            <String CONTENT="present" HEIGHT="38" HPOS="890" ID="ST_170.1.1.11" STYLEREFS="Style_3" VPOS="409" WIDTH="137" WC="0.95" CC="0000000" TAGREFS=""/>
            <SP HPOS="1027" ID="SP_170.1.1.12" VPOS="404" WIDTH="14"/>
            <String CONTENT="value" HEIGHT="35" HPOS="1041" ID="ST_170.1.1.13" STYLEREFS="Style_3" VPOS="404" WIDTH="101" WC="1.00" CC="00000" TAGREFS=""/>
            <SP HPOS="1142" ID="SP_170.1.1.14" VPOS="404" WIDTH="15"/>
            <String CONTENT="of" HEIGHT="35" HPOS="1157" ID="ST_170.1.1.15" STYLEREFS="Style_3" VPOS="404" WIDTH="40" WC="1.00" CC="00" TAGREFS=""/>
            <SP HPOS="1197" ID="SP_170.1.1.16" VPOS="404" WIDTH="12"/>
            <String CONTENT="the" HEIGHT="35" HPOS="1209" ID="ST_170.1.1.17" STYLEREFS="Style_3" VPOS="404" WIDTH="59" WC="0.86" CC="000" TAGREFS=""/>
            <SP HPOS="1268" ID="SP_170.1.1.18" VPOS="404" WIDTH="15"/>
            <String CONTENT="home" HEIGHT="35" HPOS="1283" ID="ST_170.1.1.19" STYLEREFS="Style_3" VPOS="404" WIDTH="103" WC="0.80" CC="0000" TAGREFS=""/>
            <SP HPOS="1386" ID="SP_170.1.1.20" VPOS="410" WIDTH="15"/>
            <String CONTENT="to" HEIGHT="29" HPOS="1401" ID="ST_170.1.1.21" STYLEREFS="Style_3" VPOS="410" WIDTH="35" WC="1.00" CC="00" TAGREFS=""/>
            <SP HPOS="1436" ID="SP_170.1.1.22" VPOS="405" WIDTH="16"/>
            <String CONTENT="that" HEIGHT="34" HPOS="1452" ID="ST_170.1.1.23" STYLEREFS="Style_3" VPOS="405" WIDTH="76" WC="1.00" CC="0000" TAGREFS=""/>
          </TextLine>
          <TextLine HEIGHT="44" HPOS="318" ID="TL_170.1.2" VPOS="452" WIDTH="1209">
            <String CONTENT="amount." HEIGHT="29" HPOS="318" ID="ST_170.1.2.1" STYLEREFS="Style_3" VPOS="457" WIDTH="153" WC="0.97" CC="0000000" TAGREFS=""/>
            <SP HPOS="471" ID="SP_170.1.2.2" VPOS="453" WIDTH="14"/>
            <String CONTENT="As" HEIGHT="33" HPOS="485" ID="ST_170.1.2.3" STYLEREFS="Style_3" VPOS="453" WIDTH="50" WC="1.00" CC="00" TAGREFS=""/>
            <SP HPOS="535" ID="SP_170.1.2.4" VPOS="452" WIDTH="14"/>
            <String CONTENT="the" HEIGHT="34" HPOS="549" ID="ST_170.1.2.5" STYLEREFS="Style_3" VPOS="452" WIDTH="58" WC="0.92" CC="000" TAGREFS=""/>
            <SP HPOS="607" ID="SP_170.1.2.6" VPOS="453" WIDTH="13"/>
            <String CONTENT="majority" HEIGHT="43" HPOS="620" ID="ST_170.1.2.7" STYLEREFS="Style_3" VPOS="453" WIDTH="162" WC="1.00" CC="00990000" TAGREFS=""/>
            <SP HPOS="782" ID="SP_170.1.2.8" VPOS="464" WIDTH="11"/>
            <String CONTENT="says," HEIGHT="32" HPOS="793" ID="ST_170.1.2.9" STYLEREFS="Style_3" VPOS="464" WIDTH="89" WC="1.00" CC="00000" TAGREFS=""/>
            <SP HPOS="882" ID="SP_170.1.2.10" VPOS="464" WIDTH="13"/>
            <String CONTENT="we" HEIGHT="23" HPOS="895" ID="ST_170.1.2.11" STYLEREFS="Style_3" VPOS="464" WIDTH="51" WC="1.00" CC="00" TAGREFS=""/>
            <SP HPOS="946" ID="SP_170.1.2.12" VPOS="453" WIDTH="12"/>
            <String CONTENT="cited" HEIGHT="34" HPOS="958" ID="ST_170.1.2.13" STYLEREFS="Style_3" VPOS="453" WIDTH="91" WC="1.00" CC="00000" TAGREFS=""/>
            <SP HPOS="1049" ID="SP_170.1.2.14" VPOS="453" WIDTH="17"/>
            <String CONTENT="Tibbetts" HEIGHT="34" HPOS="1066" ID="ST_170.1.2.15" STYLEREFS="Style_4" VPOS="453" WIDTH="155" WC="0.96" CC="00000000" TAGREFS=""/>
            <SP HPOS="1221" ID="SP_170.1.2.16" VPOS="465" WIDTH="10"/>
            <String CONTENT="v." HEIGHT="22" HPOS="1231" ID="ST_170.1.2.17" STYLEREFS="Style_3" VPOS="465" WIDTH="30" WC="1.00" CC="00" TAGREFS=""/>
            <SP HPOS="1261" ID="SP_170.1.2.18" VPOS="453" WIDTH="18"/>
            <String CONTENT="Tibbetts," HEIGHT="41" HPOS="1279" ID="ST_170.1.2.19" STYLEREFS="Style_4" VPOS="453" WIDTH="166" WC="0.89" CC="000000000" TAGREFS=""/>
            <SP HPOS="1445" ID="SP_170.1.2.20" VPOS="455" WIDTH="14"/>
            <String CONTENT="406" HEIGHT="33" HPOS="1459" ID="ST_170.1.2.21" STYLEREFS="Style_3" VPOS="455" WIDTH="68" WC="0.99" CC="000" TAGREFS=""/>
          </TextLine>
          <TextLine HEIGHT="44" HPOS="317" ID="TL_170.1.3" VPOS="501" WIDTH="1210">
            <String CONTENT="A.2d" HEIGHT="33" HPOS="317" ID="ST_170.1.3.1" STYLEREFS="Style_3" VPOS="501" WIDTH="92" WC="1.00" CC="0990" TAGREFS=""/>
            <SP HPOS="409" ID="SP_170.1.3.2" VPOS="502" WIDTH="11"/>
            <String CONTENT="70" HEIGHT="32" HPOS="420" ID="ST_170.1.3.3" STYLEREFS="Style_3" VPOS="502" WIDTH="44" WC="1.00" CC="00" TAGREFS=""/>
            <SP HPOS="464" ID="SP_170.1.3.4" VPOS="501" WIDTH="11"/>
            <String CONTENT="(Me." HEIGHT="42" HPOS="475" ID="ST_170.1.3.5" STYLEREFS="Style_3" VPOS="501" WIDTH="89" WC="1.00" CC="0000" TAGREFS=""/>
            <SP HPOS="564" ID="SP_170.1.3.6" VPOS="501" WIDTH="16"/>
            <String CONTENT="1979)," HEIGHT="42" HPOS="580" ID="ST_170.1.3.7" STYLEREFS="Style_3" VPOS="501" WIDTH="117" WC="0.96" CC="990099" TAGREFS=""/>
            <SP HPOS="697" ID="SP_170.1.3.8" VPOS="501" WIDTH="10"/>
            <String CONTENT="for" HEIGHT="34" HPOS="707" ID="ST_170.1.3.9" STYLEREFS="Style_3" VPOS="501" WIDTH="53" WC="1.00" CC="000" TAGREFS=""/>
            <SP HPOS="760" ID="SP_170.1.3.10" VPOS="502" WIDTH="9"/>
            <String CONTENT="the" HEIGHT="33" HPOS="769" ID="ST_170.1.3.11" STYLEREFS="Style_3" VPOS="502" WIDTH="59" WC="0.99" CC="000" TAGREFS=""/>
            <SP HPOS="828" ID="SP_170.1.3.12" VPOS="502" WIDTH="8"/>
            <String CONTENT="proposition" HEIGHT="43" HPOS="836" ID="ST_170.1.3.13" STYLEREFS="Style_3" VPOS="502" WIDTH="210" WC="0.93" CC="00000000000" TAGREFS=""/>
            <SP HPOS="1046" ID="SP_170.1.3.14" VPOS="503" WIDTH="10"/>
            <String CONTENT="that" HEIGHT="33" HPOS="1056" ID="ST_170.1.3.15" STYLEREFS="Style_3" VPOS="503" WIDTH="76" WC="0.94" CC="0000" TAGREFS=""/>
            <SP HPOS="1132" ID="SP_170.1.3.16" VPOS="503" WIDTH="9"/>
            <String CONTENT="Mr." HEIGHT="33" HPOS="1141" ID="ST_170.1.3.17" STYLEREFS="Style_3" VPOS="503" WIDTH="70" WC="1.00" CC="000" TAGREFS=""/>
            <SP HPOS="1211" ID="SP_170.1.3.18" VPOS="503" WIDTH="11"/>
            <String CONTENT="Potter" HEIGHT="34" HPOS="1222" ID="ST_170.1.3.19" STYLEREFS="Style_3" VPOS="503" WIDTH="116" WC="0.99" CC="000000" TAGREFS=""/>
            <SP HPOS="1338" ID="SP_170.1.3.20" VPOS="503" WIDTH="9"/>
            <String CONTENT="is" HEIGHT="33" HPOS="1347" ID="ST_170.1.3.21" STYLEREFS="Style_3" VPOS="503" WIDTH="28" WC="1.00" CC="00" TAGREFS=""/>
            <SP HPOS="1375" ID="SP_170.1.3.22" VPOS="503" WIDTH="9"/>
            <String CONTENT="entitled" HEIGHT="34" HPOS="1384" ID="ST_170.1.3.23" STYLEREFS="Style_3" VPOS="503" WIDTH="143" WC="1.00" CC="00000000" TAGREFS=""/>
          </TextLine>
          <TextLine HEIGHT="44" HPOS="318" ID="TL_170.1.4" VPOS="550" WIDTH="1209">
            <String CONTENT="to" HEIGHT="28" HPOS="318" ID="ST_170.1.4.1" STYLEREFS="Style_3" VPOS="555" WIDTH="35" WC="1.00" CC="00" TAGREFS=""/>
            <SP HPOS="353" ID="SP_170.1.4.2" VPOS="555" WIDTH="28"/>
            <String CONTENT="property" HEIGHT="38" HPOS="381" ID="ST_170.1.4.3" STYLEREFS="Style_3" VPOS="555" WIDTH="161" WC="1.00" CC="00000000" TAGREFS=""/>
            <SP HPOS="542" ID="SP_170.1.4.4" VPOS="550" WIDTH="29"/>
            <String CONTENT="acquired" HEIGHT="43" HPOS="571" ID="ST_170.1.4.5" STYLEREFS="Style_3" VPOS="550" WIDTH="164" WC="1.00" CC="00000000" TAGREFS=""/>
            <SP HPOS="735" ID="SP_170.1.4.6" VPOS="550" WIDTH="29"/>
            <String CONTENT="during" HEIGHT="43" HPOS="764" ID="ST_170.1.4.7" STYLEREFS="Style_3" VPOS="550" WIDTH="124" WC="0.97" CC="000000" TAGREFS=""/>
            <SP HPOS="888" ID="SP_170.1.4.8" VPOS="551" WIDTH="28"/>
            <String CONTENT="the" HEIGHT="34" HPOS="916" ID="ST_170.1.4.9" STYLEREFS="Style_3" VPOS="551" WIDTH="60" WC="0.82" CC="000" TAGREFS=""/>
            <SP HPOS="976" ID="SP_170.1.4.10" VPOS="551" WIDTH="28"/>
            <String CONTENT="marriage" HEIGHT="43" HPOS="1004" ID="ST_170.1.4.11" STYLEREFS="Style_3" VPOS="551" WIDTH="172" WC="0.97" CC="00000000" TAGREFS=""/>
            <SP HPOS="1176" ID="SP_170.1.4.12" VPOS="552" WIDTH="29"/>
            <String CONTENT="in" HEIGHT="33" HPOS="1205" ID="ST_170.1.4.13" STYLEREFS="Style_3" VPOS="552" WIDTH="34" WC="1.00" CC="00" TAGREFS=""/>
            <SP HPOS="1239" ID="SP_170.1.4.14" VPOS="552" WIDTH="29"/>
            <String CONTENT="exchange" HEIGHT="42" HPOS="1268" ID="ST_170.1.4.15" STYLEREFS="Style_3" VPOS="552" WIDTH="177" WC="0.94" CC="00000000" TAGREFS=""/>
            <SP HPOS="1445" ID="SP_170.1.4.16" VPOS="552" WIDTH="29"/>
            <String CONTENT="for" HEIGHT="34" HPOS="1474" ID="ST_170.1.4.17" STYLEREFS="Style_3" VPOS="552" WIDTH="53" WC="1.00" CC="000" TAGREFS=""/>
          </TextLine>
          <TextLine HEIGHT="44" HPOS="318" ID="TL_170.1.5" VPOS="599" WIDTH="810">
            <String CONTENT="property" HEIGHT="38" HPOS="318" ID="ST_170.1.5.1" STYLEREFS="Style_3" VPOS="604" WIDTH="160" WC="0.99" CC="00000000" TAGREFS=""/>
            <SP HPOS="478" ID="SP_170.1.5.2" VPOS="599" WIDTH="20"/>
            <String CONTENT="he" HEIGHT="34" HPOS="498" ID="ST_170.1.5.3" STYLEREFS="Style_3" VPOS="599" WIDTH="43" WC="0.99" CC="00" TAGREFS=""/>
            <SP HPOS="541" ID="SP_170.1.5.4" VPOS="599" WIDTH="19"/>
            <String CONTENT="owned" HEIGHT="35" HPOS="560" ID="ST_170.1.5.5" STYLEREFS="Style_3" VPOS="599" WIDTH="120" WC="0.89" CC="00000" TAGREFS=""/>
            <SP HPOS="680" ID="SP_170.1.5.6" VPOS="600" WIDTH="21"/>
            <String CONTENT="prior" HEIGHT="43" HPOS="701" ID="ST_170.1.5.7" STYLEREFS="Style_3" VPOS="600" WIDTH="91" WC="0.95" CC="00000" TAGREFS=""/>
            <SP HPOS="792" ID="SP_170.1.5.8" VPOS="605" WIDTH="20"/>
            <String CONTENT="to" HEIGHT="29" HPOS="812" ID="ST_170.1.5.9" STYLEREFS="Style_3" VPOS="605" WIDTH="36" WC="1.00" CC="00" TAGREFS=""/>
            <SP HPOS="848" ID="SP_170.1.5.10" VPOS="601" WIDTH="19"/>
            <String CONTENT="the" HEIGHT="33" HPOS="867" ID="ST_170.1.5.11" STYLEREFS="Style_3" VPOS="601" WIDTH="59" WC="0.94" CC="000" TAGREFS=""/>
            <SP HPOS="926" ID="SP_170.1.5.12" VPOS="601" WIDTH="20"/>
            <String CONTENT="marriage." HEIGHT="42" HPOS="946" ID="ST_170.1.5.13" STYLEREFS="Style_3" VPOS="601" WIDTH="182" WC="0.97" CC="000000000" TAGREFS=""/>
          </TextLine>
        </TextBlock>
        <TextBlock HEIGHT="33.0" HPOS="324.0" ID="BL_170.2" TAGREFS="b170-1" VPOS="262.0" WIDTH="64.0">
          <TextLine HEIGHT="33" HPOS="324" ID="TL_170.2.1" VPOS="262" WIDTH="64">
            <String CONTENT="144" HEIGHT="33" HPOS="324" ID="ST_170.2.1.1" STYLEREFS="Style_3" VPOS="262" WIDTH="64" WC="0.98" CC="000" TAGREFS=""/>
          </TextLine>
        </TextBlock>
        <TextBlock HEIGHT="1186.0" HPOS="309.0" ID="BL_170.4" TAGREFS="b170-6" VPOS="678.0" WIDTH="1217.0">
          <TextLine HEIGHT="45" HPOS="408" ID="TL_170.4.1" VPOS="678" WIDTH="1118">
            <String CONTENT="Our" HEIGHT="34" HPOS="408" ID="ST_170.4.1.1" STYLEREFS="Style_3" VPOS="678" WIDTH="74" WC="0.95" CC="000" TAGREFS=""/>
            <SP HPOS="482" ID="SP_170.4.1.2" VPOS="678" WIDTH="13"/>
            <String CONTENT="first" HEIGHT="34" HPOS="495" ID="ST_170.4.1.3" STYLEREFS="Style_3" VPOS="678" WIDTH="73" WC="1.00" CC="00000" TAGREFS=""/>
            <SP HPOS="568" ID="SP_170.4.1.4" VPOS="678" WIDTH="12"/>
            <String CONTENT="opinion" HEIGHT="44" HPOS="580" ID="ST_170.4.1.5" STYLEREFS="Style_3" VPOS="678" WIDTH="138" WC="0.92" CC="0000000" TAGREFS=""/>
            <SP HPOS="718" ID="SP_170.4.1.6" VPOS="678" WIDTH="14"/>
            <String CONTENT="did" HEIGHT="35" HPOS="732" ID="ST_170.4.1.7" STYLEREFS="Style_3" VPOS="678" WIDTH="57" WC="1.00" CC="000" TAGREFS=""/>
            <SP HPOS="789" ID="SP_170.4.1.8" VPOS="684" WIDTH="14"/>
            <String CONTENT="not" HEIGHT="29" HPOS="803" ID="ST_170.4.1.9" STYLEREFS="Style_3" VPOS="684" WIDTH="59" WC="0.91" CC="000" TAGREFS=""/>
            <SP HPOS="862" ID="SP_170.4.1.10" VPOS="690" WIDTH="13"/>
            <String CONTENT="say" HEIGHT="33" HPOS="875" ID="ST_170.4.1.11" STYLEREFS="Style_3" VPOS="690" WIDTH="61" WC="0.94" CC="000" TAGREFS=""/>
            <SP HPOS="936" ID="SP_170.4.1.12" VPOS="679" WIDTH="12"/>
            <String CONTENT="it" HEIGHT="35" HPOS="948" ID="ST_170.4.1.13" STYLEREFS="Style_3" VPOS="679" WIDTH="26" WC="0.84" CC="00" TAGREFS=""/>
            <SP HPOS="974" ID="SP_170.4.1.14" VPOS="680" WIDTH="12"/>
            <String CONTENT="clearly," HEIGHT="43" HPOS="986" ID="ST_170.4.1.15" STYLEREFS="Style_3" VPOS="680" WIDTH="139" WC="0.91" CC="00000000" TAGREFS=""/>
            <SP HPOS="1125" ID="SP_170.4.1.16" VPOS="680" WIDTH="14"/>
            <String CONTENT="but" HEIGHT="35" HPOS="1139" ID="ST_170.4.1.17" STYLEREFS="Style_3" VPOS="680" WIDTH="62" WC="1.00" CC="000" TAGREFS=""/>
            <SP HPOS="1201" ID="SP_170.4.1.18" VPOS="680" WIDTH="12"/>
            <String CONTENT="the" HEIGHT="37" HPOS="1213" ID="ST_170.4.1.19" STYLEREFS="Style_3" VPOS="680" WIDTH="58" WC="0.73" CC="000" TAGREFS=""/>
            <SP HPOS="1271" ID="SP_170.4.1.20" VPOS="680" WIDTH="13"/>
            <String CONTENT="briefs" HEIGHT="35" HPOS="1284" ID="ST_170.4.1.21" STYLEREFS="Style_3" VPOS="680" WIDTH="106" WC="0.98" CC="000000" TAGREFS=""/>
            <SP HPOS="1390" ID="SP_170.4.1.22" VPOS="680" WIDTH="13"/>
            <String CONTENT="in" HEIGHT="35" HPOS="1403" ID="ST_170.4.1.23" STYLEREFS="Style_3" VPOS="680" WIDTH="33" WC="0.90" CC="00" TAGREFS=""/>
            <SP HPOS="1436" ID="SP_170.4.1.24" VPOS="681" WIDTH="14"/>
            <String CONTENT="that" HEIGHT="34" HPOS="1450" ID="ST_170.4.1.25" STYLEREFS="Style_3" VPOS="681" WIDTH="76" WC="1.00" CC="0000" TAGREFS=""/>
          </TextLine>
          <TextLine HEIGHT="44" HPOS="316" ID="TL_170.4.2" VPOS="727" WIDTH="1209">
            <String CONTENT="case," HEIGHT="30" HPOS="316" ID="ST_170.4.2.1" STYLEREFS="Style_3" VPOS="738" WIDTH="89" WC="0.96" CC="00000" TAGREFS=""/>
            <SP HPOS="405" ID="SP_170.4.2.2" VPOS="727" WIDTH="19"/>
            <String CONTENT="and" HEIGHT="35" HPOS="424" ID="ST_170.4.2.3" STYLEREFS="Style_3" VPOS="727" WIDTH="67" WC="1.00" CC="000" TAGREFS=""/>
            <SP HPOS="491" ID="SP_170.4.2.4" VPOS="728" WIDTH="18"/>
            <String CONTENT="the" HEIGHT="34" HPOS="509" ID="ST_170.4.2.5" STYLEREFS="Style_3" VPOS="728" WIDTH="58" WC="1.00" CC="000" TAGREFS=""/>
            <SP HPOS="567" ID="SP_170.4.2.6" VPOS="739" WIDTH="16"/>
            <String CONTENT="ones" HEIGHT="24" HPOS="583" ID="ST_170.4.2.7" STYLEREFS="Style_3" VPOS="739" WIDTH="81" WC="0.89" CC="0000" TAGREFS=""/>
            <SP HPOS="664" ID="SP_170.4.2.8" VPOS="728" WIDTH="17"/>
            <String CONTENT="before" HEIGHT="35" HPOS="681" ID="ST_170.4.2.9" STYLEREFS="Style_3" VPOS="728" WIDTH="118" WC="1.00" CC="000000" TAGREFS=""/>
            <SP HPOS="799" ID="SP_170.4.2.10" VPOS="740" WIDTH="17"/>
            <String CONTENT="us" HEIGHT="24" HPOS="816" ID="ST_170.4.2.11" STYLEREFS="Style_3" VPOS="740" WIDTH="39" WC="1.00" CC="00" TAGREFS=""/>
            <SP HPOS="855" ID="SP_170.4.2.12" VPOS="740" WIDTH="17"/>
            <String CONTENT="now," HEIGHT="30" HPOS="872" ID="ST_170.4.2.13" STYLEREFS="Style_3" VPOS="740" WIDTH="86" WC="0.86" CC="0000" TAGREFS=""/>
            <SP HPOS="958" ID="SP_170.4.2.14" VPOS="729" WIDTH="18"/>
            <String CONTENT="show" HEIGHT="35" HPOS="976" ID="ST_170.4.2.15" STYLEREFS="Style_3" VPOS="729" WIDTH="93" WC="1.00" CC="0000" TAGREFS=""/>
            <SP HPOS="1069" ID="SP_170.4.2.16" VPOS="730" WIDTH="16"/>
            <String CONTENT="that" HEIGHT="35" HPOS="1085" ID="ST_170.4.2.17" STYLEREFS="Style_3" VPOS="730" WIDTH="76" WC="1.00" CC="0000" TAGREFS=""/>
            <SP HPOS="1161" ID="SP_170.4.2.18" VPOS="730" WIDTH="17"/>
            <String CONTENT="the" HEIGHT="35" HPOS="1178" ID="ST_170.4.2.19" STYLEREFS="Style_3" VPOS="730" WIDTH="58" WC="0.86" CC="000" TAGREFS=""/>
            <SP HPOS="1236" ID="SP_170.4.2.20" VPOS="731" WIDTH="18"/>
            <String CONTENT="$9,565.08" HEIGHT="40" HPOS="1254" ID="ST_170.4.2.21" STYLEREFS="Style_3" VPOS="731" WIDTH="183" WC="0.87" CC="000000000" TAGREFS=""/>
            <SP HPOS="1437" ID="SP_170.4.2.22" VPOS="742" WIDTH="19"/>
            <String CONTENT="was" HEIGHT="23" HPOS="1456" ID="ST_170.4.2.23" STYLEREFS="Style_3" VPOS="742" WIDTH="69" WC="1.00" CC="000" TAGREFS=""/>
          </TextLine>
          <TextLine HEIGHT="47" HPOS="316" ID="TL_170.4.3" VPOS="778" WIDTH="1209">
            <String CONTENT="money" HEIGHT="33" HPOS="316" ID="ST_170.4.3.1" STYLEREFS="Style_3" VPOS="789" WIDTH="124" WC="0.99" CC="00000" TAGREFS=""/>
            <SP HPOS="440" ID="SP_170.4.3.2" VPOS="778" WIDTH="18"/>
            <String CONTENT="received" HEIGHT="35" HPOS="458" ID="ST_170.4.3.3" STYLEREFS="Style_3" VPOS="778" WIDTH="154" WC="0.95" CC="00000000" TAGREFS=""/>
            <SP HPOS="612" ID="SP_170.4.3.4" VPOS="779" WIDTH="18"/>
            <String CONTENT="by" HEIGHT="44" HPOS="630" ID="ST_170.4.3.5" STYLEREFS="Style_3" VPOS="779" WIDTH="45" WC="1.00" CC="00" TAGREFS=""/>
            <SP HPOS="675" ID="SP_170.4.3.6" VPOS="780" WIDTH="18"/>
            <String CONTENT="Mr." HEIGHT="34" HPOS="693" ID="ST_170.4.3.7" STYLEREFS="Style_3" VPOS="780" WIDTH="70" WC="1.00" CC="000" TAGREFS=""/>
            <SP HPOS="763" ID="SP_170.4.3.8" VPOS="780" WIDTH="19"/>
            <String CONTENT="Potter" HEIGHT="34" HPOS="782" ID="ST_170.4.3.9" STYLEREFS="Style_3" VPOS="780" WIDTH="117" WC="1.00" CC="000000" TAGREFS=""/>
            <SP HPOS="899" ID="SP_170.4.3.10" VPOS="779" WIDTH="17"/>
            <String CONTENT="from" HEIGHT="36" HPOS="916" ID="ST_170.4.3.11" STYLEREFS="Style_3" VPOS="779" WIDTH="91" WC="1.00" CC="0000" TAGREFS=""/>
            <SP HPOS="1007" ID="SP_170.4.3.12" VPOS="780" WIDTH="17"/>
            <String CONTENT="sale" HEIGHT="35" HPOS="1024" ID="ST_170.4.3.13" STYLEREFS="Style_3" VPOS="780" WIDTH="72" WC="1.00" CC="0000" TAGREFS=""/>
            <SP HPOS="1096" ID="SP_170.4.3.14" VPOS="780" WIDTH="17"/>
            <String CONTENT="of" HEIGHT="35" HPOS="1113" ID="ST_170.4.3.15" STYLEREFS="Style_3" VPOS="780" WIDTH="39" WC="1.00" CC="00" TAGREFS=""/>
            <SP HPOS="1152" ID="SP_170.4.3.16" VPOS="786" WIDTH="14"/>
            <String CONTENT="property" HEIGHT="39" HPOS="1166" ID="ST_170.4.3.17" STYLEREFS="Style_3" VPOS="786" WIDTH="161" WC="1.00" CC="00000000" TAGREFS=""/>
            <SP HPOS="1327" ID="SP_170.4.3.18" VPOS="781" WIDTH="18"/>
            <String CONTENT="he" HEIGHT="35" HPOS="1345" ID="ST_170.4.3.19" STYLEREFS="Style_3" VPOS="781" WIDTH="43" WC="0.82" CC="00" TAGREFS=""/>
            <SP HPOS="1388" ID="SP_170.4.3.20" VPOS="781" WIDTH="17"/>
            <String CONTENT="owned" HEIGHT="35" HPOS="1405" ID="ST_170.4.3.21" STYLEREFS="Style_3" VPOS="781" WIDTH="120" WC="0.90" CC="00000" TAGREFS=""/>
          </TextLine>
          <TextLine HEIGHT="47" HPOS="316" ID="TL_170.4.4" VPOS="828" WIDTH="1209">
            <String CONTENT="before" HEIGHT="35" HPOS="316" ID="ST_170.4.4.1" STYLEREFS="Style_3" VPOS="828" WIDTH="118" WC="0.94" CC="000000" TAGREFS=""/>
            <SP HPOS="434" ID="SP_170.4.4.2" VPOS="829" WIDTH="9"/>
            <String CONTENT="the" HEIGHT="34" HPOS="443" ID="ST_170.4.4.3" STYLEREFS="Style_3" VPOS="829" WIDTH="59" WC="1.00" CC="000" TAGREFS=""/>
            <SP HPOS="502" ID="SP_170.4.4.4" VPOS="829" WIDTH="9"/>
            <String CONTENT="marriage" HEIGHT="43" HPOS="511" ID="ST_170.4.4.5" STYLEREFS="Style_3" VPOS="829" WIDTH="173" WC="0.96" CC="00000000" TAGREFS=""/>
            <SP HPOS="684" ID="SP_170.4.4.6" VPOS="830" WIDTH="8"/>
            <String CONTENT="which" HEIGHT="34" HPOS="692" ID="ST_170.4.4.7" STYLEREFS="Style_3" VPOS="830" WIDTH="112" WC="0.91" CC="00000" TAGREFS=""/>
            <SP HPOS="804" ID="SP_170.4.4.8" VPOS="841" WIDTH="9"/>
            <String CONTENT="was" HEIGHT="24" HPOS="813" ID="ST_170.4.4.9" STYLEREFS="Style_3" VPOS="841" WIDTH="69" WC="1.00" CC="000" TAGREFS=""/>
            <SP HPOS="882" ID="SP_170.4.4.10" VPOS="830" WIDTH="11"/>
            <String CONTENT="invested" HEIGHT="35" HPOS="893" ID="ST_170.4.4.11" STYLEREFS="Style_3" VPOS="830" WIDTH="153" WC="1.00" CC="00000000" TAGREFS=""/>
            <SP HPOS="1046" ID="SP_170.4.4.12" VPOS="830" WIDTH="9"/>
            <String CONTENT="directly" HEIGHT="44" HPOS="1055" ID="ST_170.4.4.13" STYLEREFS="Style_3" VPOS="830" WIDTH="144" WC="0.97" CC="00000000" TAGREFS=""/>
            <SP HPOS="1199" ID="SP_170.4.4.14" VPOS="831" WIDTH="9"/>
            <String CONTENT="in" HEIGHT="35" HPOS="1208" ID="ST_170.4.4.15" STYLEREFS="Style_3" VPOS="831" WIDTH="34" WC="0.60" CC="00" TAGREFS=""/>
            <SP HPOS="1242" ID="SP_170.4.4.16" VPOS="831" WIDTH="10"/>
            <String CONTENT="the" HEIGHT="35" HPOS="1252" ID="ST_170.4.4.17" STYLEREFS="Style_3" VPOS="831" WIDTH="59" WC="1.00" CC="000" TAGREFS=""/>
            <SP HPOS="1311" ID="SP_170.4.4.18" VPOS="837" WIDTH="9"/>
            <String CONTENT="property" HEIGHT="38" HPOS="1320" ID="ST_170.4.4.19" STYLEREFS="Style_3" VPOS="837" WIDTH="161" WC="0.97" CC="00000000" TAGREFS=""/>
            <SP HPOS="1481" ID="SP_170.4.4.20" VPOS="831" WIDTH="10"/>
            <String CONTENT="in" HEIGHT="35" HPOS="1491" ID="ST_170.4.4.21" STYLEREFS="Style_3" VPOS="831" WIDTH="34" WC="0.78" CC="00" TAGREFS=""/>
          </TextLine>
          <TextLine HEIGHT="46" HPOS="315" ID="TL_170.4.5" VPOS="878" WIDTH="1210">
            <String CONTENT="question" HEIGHT="43" HPOS="315" ID="ST_170.4.5.1" STYLEREFS="Style_3" VPOS="878" WIDTH="157" WC="1.00" CC="00000000" TAGREFS=""/>
            <SP HPOS="472" ID="SP_170.4.5.2" VPOS="879" WIDTH="11"/>
            <String CONTENT="here." HEIGHT="34" HPOS="483" ID="ST_170.4.5.3" STYLEREFS="Style_3" VPOS="879" WIDTH="90" WC="1.00" CC="00000" TAGREFS=""/>
            <SP HPOS="573" ID="SP_170.4.5.4" VPOS="880" WIDTH="13"/>
            <String CONTENT="He" HEIGHT="33" HPOS="586" ID="ST_170.4.5.5" STYLEREFS="Style_3" VPOS="880" WIDTH="56" WC="0.92" CC="00" TAGREFS=""/>
            <SP HPOS="642" ID="SP_170.4.5.6" VPOS="879" WIDTH="9"/>
            <String CONTENT="argued" HEIGHT="43" HPOS="651" ID="ST_170.4.5.7" STYLEREFS="Style_3" VPOS="879" WIDTH="130" WC="1.00" CC="000000" TAGREFS=""/>
            <SP HPOS="781" ID="SP_170.4.5.8" VPOS="890" WIDTH="10"/>
            <String CONTENT="on" HEIGHT="24" HPOS="791" ID="ST_170.4.5.9" STYLEREFS="Style_3" VPOS="890" WIDTH="43" WC="0.93" CC="00" TAGREFS=""/>
            <SP HPOS="834" ID="SP_170.4.5.10" VPOS="880" WIDTH="11"/>
            <String CONTENT="the" HEIGHT="34" HPOS="845" ID="ST_170.4.5.11" STYLEREFS="Style_3" VPOS="880" WIDTH="59" WC="0.82" CC="000" TAGREFS=""/>
            <SP HPOS="904" ID="SP_170.4.5.12" VPOS="880" WIDTH="9"/>
            <String CONTENT="first" HEIGHT="34" HPOS="913" ID="ST_170.4.5.13" STYLEREFS="Style_3" VPOS="880" WIDTH="74" WC="1.00" CC="00000" TAGREFS=""/>
            <SP HPOS="987" ID="SP_170.4.5.14" VPOS="880" WIDTH="9"/>
            <String CONTENT="appeal" HEIGHT="44" HPOS="996" ID="ST_170.4.5.15" STYLEREFS="Style_3" VPOS="880" WIDTH="123" WC="1.00" CC="000000" TAGREFS=""/>
            <SP HPOS="1119" ID="SP_170.4.5.16" VPOS="891" WIDTH="10"/>
            <String CONTENT="as" HEIGHT="24" HPOS="1129" ID="ST_170.4.5.17" STYLEREFS="Style_3" VPOS="891" WIDTH="38" WC="0.82" CC="00" TAGREFS=""/>
            <SP HPOS="1167" ID="SP_170.4.5.18" VPOS="880" WIDTH="10"/>
            <String CONTENT="he" HEIGHT="35" HPOS="1177" ID="ST_170.4.5.19" STYLEREFS="Style_3" VPOS="880" WIDTH="44" WC="0.69" CC="00" TAGREFS=""/>
            <SP HPOS="1221" ID="SP_170.4.5.20" VPOS="891" WIDTH="9"/>
            <String CONTENT="argues" HEIGHT="33" HPOS="1230" ID="ST_170.4.5.21" STYLEREFS="Style_3" VPOS="891" WIDTH="123" WC="1.00" CC="000000" TAGREFS=""/>
            <SP HPOS="1353" ID="SP_170.4.5.22" VPOS="892" WIDTH="11"/>
            <String CONTENT="now" HEIGHT="23" HPOS="1364" ID="ST_170.4.5.23" STYLEREFS="Style_3" VPOS="892" WIDTH="75" WC="0.95" CC="000" TAGREFS=""/>
            <SP HPOS="1439" ID="SP_170.4.5.24" VPOS="881" WIDTH="10"/>
            <String CONTENT="that" HEIGHT="35" HPOS="1449" ID="ST_170.4.5.25" STYLEREFS="Style_3" VPOS="881" WIDTH="76" WC="1.00" CC="0000" TAGREFS=""/>
          </TextLine>
          <TextLine HEIGHT="43" HPOS="315" ID="TL_170.4.6" VPOS="928" WIDTH="1210">
            <String CONTENT="he" HEIGHT="33" HPOS="315" ID="ST_170.4.6.1" STYLEREFS="Style_3" VPOS="928" WIDTH="43" WC="0.93" CC="00" TAGREFS=""/>
            <SP HPOS="358" ID="SP_170.4.6.2" VPOS="928" WIDTH="20"/>
            <String CONTENT="is" HEIGHT="33" HPOS="378" ID="ST_170.4.6.3" STYLEREFS="Style_3" VPOS="928" WIDTH="27" WC="0.80" CC="00" TAGREFS=""/>
            <SP HPOS="405" ID="SP_170.4.6.4" VPOS="928" WIDTH="20"/>
            <String CONTENT="entitled" HEIGHT="34" HPOS="425" ID="ST_170.4.6.5" STYLEREFS="Style_3" VPOS="928" WIDTH="142" WC="0.99" CC="00000000" TAGREFS=""/>
            <SP HPOS="567" ID="SP_170.4.6.6" VPOS="933" WIDTH="20"/>
            <String CONTENT="not" HEIGHT="29" HPOS="587" ID="ST_170.4.6.7" STYLEREFS="Style_3" VPOS="933" WIDTH="60" WC="0.86" CC="000" TAGREFS=""/>
            <SP HPOS="647" ID="SP_170.4.6.8" VPOS="929" WIDTH="15"/>
            <String CONTENT="just" HEIGHT="42" HPOS="662" ID="ST_170.4.6.9" STYLEREFS="Style_3" VPOS="929" WIDTH="73" WC="1.00" CC="0000" TAGREFS=""/>
            <SP HPOS="735" ID="SP_170.4.6.10" VPOS="934" WIDTH="20"/>
            <String CONTENT="to" HEIGHT="29" HPOS="755" ID="ST_170.4.6.11" STYLEREFS="Style_3" VPOS="934" WIDTH="35" WC="1.00" CC="00" TAGREFS=""/>
            <SP HPOS="790" ID="SP_170.4.6.12" VPOS="929" WIDTH="19"/>
            <String CONTENT="his" HEIGHT="34" HPOS="809" ID="ST_170.4.6.13" STYLEREFS="Style_3" VPOS="929" WIDTH="52" WC="0.87" CC="000" TAGREFS=""/>
            <SP HPOS="861" ID="SP_170.4.6.14" VPOS="930" WIDTH="21"/>
            <String CONTENT="$9,565.08" HEIGHT="40" HPOS="882" ID="ST_170.4.6.15" STYLEREFS="Style_3" VPOS="930" WIDTH="183" WC="0.95" CC="000000000" TAGREFS=""/>
            <SP HPOS="1065" ID="SP_170.4.6.16" VPOS="930" WIDTH="22"/>
            <String CONTENT="investment" HEIGHT="35" HPOS="1087" ID="ST_170.4.6.17" STYLEREFS="Style_3" VPOS="930" WIDTH="206" WC="0.85" CC="0000000000" TAGREFS=""/>
            <SP HPOS="1293" ID="SP_170.4.6.18" VPOS="930" WIDTH="19"/>
            <String CONTENT="but" HEIGHT="34" HPOS="1312" ID="ST_170.4.6.19" STYLEREFS="Style_3" VPOS="930" WIDTH="62" WC="1.00" CC="000" TAGREFS=""/>
            <SP HPOS="1374" ID="SP_170.4.6.20" VPOS="936" WIDTH="20"/>
            <String CONTENT="to" HEIGHT="29" HPOS="1394" ID="ST_170.4.6.21" STYLEREFS="Style_3" VPOS="936" WIDTH="35" WC="1.00" CC="00" TAGREFS=""/>
            <SP HPOS="1429" ID="SP_170.4.6.22" VPOS="931" WIDTH="20"/>
            <String CONTENT="that" HEIGHT="34" HPOS="1449" ID="ST_170.4.6.23" STYLEREFS="Style_3" VPOS="931" WIDTH="76" WC="0.93" CC="0000" TAGREFS=""/>
          </TextLine>
          <TextLine HEIGHT="46" HPOS="315" ID="TL_170.4.7" VPOS="977" WIDTH="1209">
            <String CONTENT="portion" HEIGHT="43" HPOS="315" ID="ST_170.4.7.1" STYLEREFS="Style_3" VPOS="977" WIDTH="134" WC="0.96" CC="0000000" TAGREFS=""/>
            <SP HPOS="449" ID="SP_170.4.7.2" VPOS="977" WIDTH="21"/>
            <String CONTENT="of" HEIGHT="34" HPOS="470" ID="ST_170.4.7.3" STYLEREFS="Style_3" VPOS="977" WIDTH="39" WC="1.00" CC="00" TAGREFS=""/>
            <SP HPOS="509" ID="SP_170.4.7.4" VPOS="977" WIDTH="17"/>
            <String CONTENT="the" HEIGHT="34" HPOS="526" ID="ST_170.4.7.5" STYLEREFS="Style_3" VPOS="977" WIDTH="59" WC="1.00" CC="000" TAGREFS=""/>
            <SP HPOS="585" ID="SP_170.4.7.6" VPOS="983" WIDTH="20"/>
            <String CONTENT="current" HEIGHT="29" HPOS="605" ID="ST_170.4.7.7" STYLEREFS="Style_3" VPOS="983" WIDTH="139" WC="1.00" CC="0000000" TAGREFS=""/>
            <SP HPOS="744" ID="SP_170.4.7.8" VPOS="979" WIDTH="19"/>
            <String CONTENT="value" HEIGHT="34" HPOS="763" ID="ST_170.4.7.9" STYLEREFS="Style_3" VPOS="979" WIDTH="100" WC="0.99" CC="00000" TAGREFS=""/>
            <SP HPOS="863" ID="SP_170.4.7.10" VPOS="978" WIDTH="20"/>
            <String CONTENT="of" HEIGHT="35" HPOS="883" ID="ST_170.4.7.11" STYLEREFS="Style_3" VPOS="978" WIDTH="39" WC="0.98" CC="00" TAGREFS=""/>
            <SP HPOS="922" ID="SP_170.4.7.12" VPOS="979" WIDTH="18"/>
            <String CONTENT="the" HEIGHT="34" HPOS="940" ID="ST_170.4.7.13" STYLEREFS="Style_3" VPOS="979" WIDTH="59" WC="0.85" CC="000" TAGREFS=""/>
            <SP HPOS="999" ID="SP_170.4.7.14" VPOS="984" WIDTH="20"/>
            <String CONTENT="property" HEIGHT="38" HPOS="1019" ID="ST_170.4.7.15" STYLEREFS="Style_3" VPOS="984" WIDTH="160" WC="1.00" CC="00000000" TAGREFS=""/>
            <SP HPOS="1179" ID="SP_170.4.7.16" VPOS="980" WIDTH="20"/>
            <String CONTENT="which" HEIGHT="34" HPOS="1199" ID="ST_170.4.7.17" STYLEREFS="Style_3" VPOS="980" WIDTH="112" WC="0.94" CC="00000" TAGREFS=""/>
            <SP HPOS="1311" ID="SP_170.4.7.18" VPOS="985" WIDTH="21"/>
            <String CONTENT="represents" HEIGHT="38" HPOS="1332" ID="ST_170.4.7.19" STYLEREFS="Style_3" VPOS="985" WIDTH="192" WC="1.00" CC="0000000000" TAGREFS=""/>
          </TextLine>
          <TextLine HEIGHT="46" HPOS="314" ID="TL_170.4.8" VPOS="1026" WIDTH="1210">
            <String CONTENT="increase" HEIGHT="34" HPOS="314" ID="ST_170.4.8.1" STYLEREFS="Style_3" VPOS="1026" WIDTH="154" WC="0.98" CC="00000000" TAGREFS=""/>
            <SP HPOS="468" ID="SP_170.4.8.2" VPOS="1027" WIDTH="10"/>
            <String CONTENT="in" HEIGHT="33" HPOS="478" ID="ST_170.4.8.3" STYLEREFS="Style_3" VPOS="1027" WIDTH="34" WC="1.00" CC="00" TAGREFS=""/>
            <SP HPOS="512" ID="SP_170.4.8.4" VPOS="1027" WIDTH="12"/>
            <String CONTENT="this" HEIGHT="34" HPOS="524" ID="ST_170.4.8.5" STYLEREFS="Style_3" VPOS="1027" WIDTH="67" WC="0.90" CC="0000" TAGREFS=""/>
            <SP HPOS="591" ID="SP_170.4.8.6" VPOS="1027" WIDTH="11"/>
            <String CONTENT="initial" HEIGHT="34" HPOS="602" ID="ST_170.4.8.7" STYLEREFS="Style_3" VPOS="1027" WIDTH="110" WC="0.92" CC="0000000" TAGREFS=""/>
            <SP HPOS="712" ID="SP_170.4.8.8" VPOS="1027" WIDTH="12"/>
            <String CONTENT="investment" HEIGHT="36" HPOS="724" ID="ST_170.4.8.9" STYLEREFS="Style_3" VPOS="1027" WIDTH="206" WC="0.88" CC="0000000000" TAGREFS=""/>
            <SP HPOS="930" ID="SP_170.4.8.10" VPOS="1028" WIDTH="10"/>
            <String CONTENT="of" HEIGHT="34" HPOS="940" ID="ST_170.4.8.11" STYLEREFS="Style_3" VPOS="1028" WIDTH="39" WC="1.00" CC="00" TAGREFS=""/>
            <SP HPOS="979" ID="SP_170.4.8.12" VPOS="1029" WIDTH="8"/>
            <String CONTENT="nonmarital" HEIGHT="34" HPOS="987" ID="ST_170.4.8.13" STYLEREFS="Style_3" VPOS="1029" WIDTH="207" WC="0.94" CC="0000000000" TAGREFS=""/>
            <SP HPOS="1194" ID="SP_170.4.8.14" VPOS="1034" WIDTH="11"/>
            <String CONTENT="property." HEIGHT="38" HPOS="1205" ID="ST_170.4.8.15" STYLEREFS="Style_3" VPOS="1034" WIDTH="172" WC="0.99" CC="000000000" TAGREFS=""/>
            <SP HPOS="1377" ID="SP_170.4.8.16" VPOS="1030" WIDTH="13"/>
            <String CONTENT="I" HEIGHT="33" HPOS="1390" ID="ST_170.4.8.17" STYLEREFS="Style_3" VPOS="1030" WIDTH="15" WC="1.00" CC="9" TAGREFS=""/>
            <SP HPOS="1405" ID="SP_170.4.8.18" VPOS="1029" WIDTH="10"/>
            <String CONTENT="doubt" HEIGHT="35" HPOS="1415" ID="ST_170.4.8.19" STYLEREFS="Style_3" VPOS="1029" WIDTH="109" WC="0.98" CC="00000" TAGREFS=""/>
          </TextLine>
          <TextLine HEIGHT="45" HPOS="314" ID="TL_170.4.9" VPOS="1076" WIDTH="1210">
            <String CONTENT="our" HEIGHT="23" HPOS="314" ID="ST_170.4.9.1" STYLEREFS="Style_3" VPOS="1086" WIDTH="62" WC="1.00" CC="000" TAGREFS=""/>
            <SP HPOS="376" ID="SP_170.4.9.2" VPOS="1076" WIDTH="9"/>
            <String CONTENT="first" HEIGHT="34" HPOS="385" ID="ST_170.4.9.3" STYLEREFS="Style_3" VPOS="1076" WIDTH="73" WC="0.89" CC="00000" TAGREFS=""/>
            <SP HPOS="458" ID="SP_170.4.9.4" VPOS="1076" WIDTH="10"/>
            <String CONTENT="opinion" HEIGHT="43" HPOS="468" ID="ST_170.4.9.5" STYLEREFS="Style_3" VPOS="1076" WIDTH="138" WC="0.98" CC="0000000" TAGREFS=""/>
            <SP HPOS="606" ID="SP_170.4.9.6" VPOS="1077" WIDTH="10"/>
            <String CONTENT="has" HEIGHT="34" HPOS="616" ID="ST_170.4.9.7" STYLEREFS="Style_3" VPOS="1077" WIDTH="62" WC="1.00" CC="000" TAGREFS=""/>
            <SP HPOS="678" ID="SP_170.4.9.8" VPOS="1082" WIDTH="9"/>
            <String CONTENT="to" HEIGHT="29" HPOS="687" ID="ST_170.4.9.9" STYLEREFS="Style_3" VPOS="1082" WIDTH="36" WC="1.00" CC="00" TAGREFS=""/>
            <SP HPOS="723" ID="SP_170.4.9.10" VPOS="1077" WIDTH="10"/>
            <String CONTENT="be" HEIGHT="34" HPOS="733" ID="ST_170.4.9.11" STYLEREFS="Style_3" VPOS="1077" WIDTH="43" WC="1.00" CC="00" TAGREFS=""/>
            <SP HPOS="776" ID="SP_170.4.9.12" VPOS="1077" WIDTH="8"/>
            <String CONTENT="read" HEIGHT="34" HPOS="784" ID="ST_170.4.9.13" STYLEREFS="Style_3" VPOS="1077" WIDTH="82" WC="1.00" CC="0000" TAGREFS=""/>
            <SP HPOS="866" ID="SP_170.4.9.14" VPOS="1089" WIDTH="10"/>
            <String CONTENT="as" HEIGHT="23" HPOS="876" ID="ST_170.4.9.15" STYLEREFS="Style_3" VPOS="1089" WIDTH="37" WC="1.00" CC="00" TAGREFS=""/>
            <SP HPOS="913" ID="SP_170.4.9.16" VPOS="1077" WIDTH="10"/>
            <String CONTENT="precluding" HEIGHT="44" HPOS="923" ID="ST_170.4.9.17" STYLEREFS="Style_3" VPOS="1077" WIDTH="201" WC="0.94" CC="0000000000" TAGREFS=""/>
            <SP HPOS="1124" ID="SP_170.4.9.18" VPOS="1078" WIDTH="9"/>
            <String CONTENT="giving" HEIGHT="43" HPOS="1133" ID="ST_170.4.9.19" STYLEREFS="Style_3" VPOS="1078" WIDTH="115" WC="1.00" CC="000000" TAGREFS=""/>
            <SP HPOS="1248" ID="SP_170.4.9.20" VPOS="1079" WIDTH="10"/>
            <String CONTENT="Mr." HEIGHT="34" HPOS="1258" ID="ST_170.4.9.21" STYLEREFS="Style_3" VPOS="1079" WIDTH="70" WC="1.00" CC="000" TAGREFS=""/>
            <SP HPOS="1328" ID="SP_170.4.9.22" VPOS="1079" WIDTH="11"/>
            <String CONTENT="Potter" HEIGHT="34" HPOS="1339" ID="ST_170.4.9.23" STYLEREFS="Style_3" VPOS="1079" WIDTH="117" WC="0.92" CC="000000" TAGREFS=""/>
            <SP HPOS="1456" ID="SP_170.4.9.24" VPOS="1079" WIDTH="9"/>
            <String CONTENT="the" HEIGHT="34" HPOS="1465" ID="ST_170.4.9.25" STYLEREFS="Style_3" VPOS="1079" WIDTH="59" WC="0.97" CC="000" TAGREFS=""/>
          </TextLine>
          <TextLine HEIGHT="46" HPOS="314" ID="TL_170.4.10" VPOS="1125" WIDTH="1209">
            <String CONTENT="increase" HEIGHT="34" HPOS="314" ID="ST_170.4.10.1" STYLEREFS="Style_3" VPOS="1125" WIDTH="153" WC="0.98" CC="00000000" TAGREFS=""/>
            <SP HPOS="467" ID="SP_170.4.10.2" VPOS="1126" WIDTH="10"/>
            <String CONTENT="in" HEIGHT="33" HPOS="477" ID="ST_170.4.10.3" STYLEREFS="Style_3" VPOS="1126" WIDTH="33" WC="0.95" CC="00" TAGREFS=""/>
            <SP HPOS="510" ID="SP_170.4.10.4" VPOS="1126" WIDTH="9"/>
            <String CONTENT="value" HEIGHT="34" HPOS="519" ID="ST_170.4.10.5" STYLEREFS="Style_3" VPOS="1126" WIDTH="101" WC="0.99" CC="00000" TAGREFS=""/>
            <SP HPOS="620" ID="SP_170.4.10.6" VPOS="1126" WIDTH="9"/>
            <String CONTENT="his" HEIGHT="34" HPOS="629" ID="ST_170.4.10.7" STYLEREFS="Style_3" VPOS="1126" WIDTH="51" WC="0.92" CC="000" TAGREFS=""/>
            <SP HPOS="680" ID="SP_170.4.10.8" VPOS="1132" WIDTH="10"/>
            <String CONTENT="separate," HEIGHT="38" HPOS="690" ID="ST_170.4.10.9" STYLEREFS="Style_3" VPOS="1132" WIDTH="169" WC="0.97" CC="000000000" TAGREFS=""/>
            <SP HPOS="859" ID="SP_170.4.10.10" VPOS="1127" WIDTH="10"/>
            <String CONTENT="nonmarital" HEIGHT="34" HPOS="869" ID="ST_170.4.10.11" STYLEREFS="Style_3" VPOS="1127" WIDTH="208" WC="0.97" CC="0000000000" TAGREFS=""/>
            <SP HPOS="1077" ID="SP_170.4.10.12" VPOS="1133" WIDTH="10"/>
            <String CONTENT="property" HEIGHT="38" HPOS="1087" ID="ST_170.4.10.13" STYLEREFS="Style_3" VPOS="1133" WIDTH="161" WC="0.97" CC="00000000" TAGREFS=""/>
            <SP HPOS="1248" ID="SP_170.4.10.14" VPOS="1128" WIDTH="9"/>
            <String CONTENT="has" HEIGHT="34" HPOS="1257" ID="ST_170.4.10.15" STYLEREFS="Style_3" VPOS="1128" WIDTH="62" WC="1.00" CC="000" TAGREFS=""/>
            <SP HPOS="1319" ID="SP_170.4.10.16" VPOS="1128" WIDTH="10"/>
            <String CONTENT="borne." HEIGHT="35" HPOS="1329" ID="ST_170.4.10.17" STYLEREFS="Style_3" VPOS="1128" WIDTH="116" WC="0.93" CC="000000" TAGREFS=""/>
            <SP HPOS="1445" ID="SP_170.4.10.18" VPOS="1128" WIDTH="12"/>
            <String CONTENT="If" HEIGHT="34" HPOS="1457" ID="ST_170.4.10.19" STYLEREFS="Style_3" VPOS="1128" WIDTH="34" WC="1.00" CC="00" TAGREFS=""/>
            <SP HPOS="1491" ID="SP_170.4.10.20" VPOS="1129" WIDTH="6"/>
            <String CONTENT="it" HEIGHT="34" HPOS="1497" ID="ST_170.4.10.21" STYLEREFS="Style_3" VPOS="1129" WIDTH="26" WC="1.00" CC="00" TAGREFS=""/>
          </TextLine>
          <TextLine HEIGHT="45" HPOS="314" ID="TL_170.4.11" VPOS="1175" WIDTH="1207">
            <String CONTENT="must" HEIGHT="29" HPOS="314" ID="ST_170.4.11.1" STYLEREFS="Style_3" VPOS="1179" WIDTH="92" WC="0.89" CC="0000" TAGREFS=""/>
            <SP HPOS="406" ID="SP_170.4.11.2" VPOS="1175" WIDTH="17"/>
            <String CONTENT="be" HEIGHT="33" HPOS="423" ID="ST_170.4.11.3" STYLEREFS="Style_3" VPOS="1175" WIDTH="43" WC="1.00" CC="00" TAGREFS=""/>
            <SP HPOS="466" ID="SP_170.4.11.4" VPOS="1185" WIDTH="16"/>
            <String CONTENT="so" HEIGHT="23" HPOS="482" ID="ST_170.4.11.5" STYLEREFS="Style_3" VPOS="1185" WIDTH="37" WC="1.00" CC="00" TAGREFS=""/>
            <SP HPOS="519" ID="SP_170.4.11.6" VPOS="1175" WIDTH="17"/>
            <String CONTENT="read," HEIGHT="40" HPOS="536" ID="ST_170.4.11.7" STYLEREFS="Style_3" VPOS="1175" WIDTH="93" WC="0.90" CC="00000" TAGREFS=""/>
            <SP HPOS="629" ID="SP_170.4.11.8" VPOS="1175" WIDTH="18"/>
            <String CONTENT="it" HEIGHT="34" HPOS="647" ID="ST_170.4.11.9" STYLEREFS="Style_3" VPOS="1175" WIDTH="26" WC="1.00" CC="00" TAGREFS=""/>
            <SP HPOS="673" ID="SP_170.4.11.10" VPOS="1186" WIDTH="16"/>
            <String CONTENT="was" HEIGHT="23" HPOS="689" ID="ST_170.4.11.11" STYLEREFS="Style_3" VPOS="1186" WIDTH="70" WC="0.86" CC="000" TAGREFS=""/>
            <SP HPOS="759" ID="SP_170.4.11.12" VPOS="1186" WIDTH="17"/>
            <String CONTENT="wrong." HEIGHT="32" HPOS="776" ID="ST_170.4.11.13" STYLEREFS="Style_3" VPOS="1186" WIDTH="127" WC="0.91" CC="000000" TAGREFS=""/>
            <SP HPOS="903" ID="SP_170.4.11.14" VPOS="1176" WIDTH="19"/>
            <String CONTENT="Our" HEIGHT="34" HPOS="922" ID="ST_170.4.11.15" STYLEREFS="Style_3" VPOS="1176" WIDTH="74" WC="0.92" CC="000" TAGREFS=""/>
            <SP HPOS="996" ID="SP_170.4.11.16" VPOS="1177" WIDTH="17"/>
            <String CONTENT="law" HEIGHT="33" HPOS="1013" ID="ST_170.4.11.17" STYLEREFS="Style_3" VPOS="1177" WIDTH="65" WC="1.00" CC="000" TAGREFS=""/>
            <SP HPOS="1078" ID="SP_170.4.11.18" VPOS="1177" WIDTH="17"/>
            <String CONTENT="requires" HEIGHT="43" HPOS="1095" ID="ST_170.4.11.19" STYLEREFS="Style_3" VPOS="1177" WIDTH="152" WC="0.98" CC="00000000" TAGREFS=""/>
            <SP HPOS="1247" ID="SP_170.4.11.20" VPOS="1177" WIDTH="17"/>
            <String CONTENT="that" HEIGHT="34" HPOS="1264" ID="ST_170.4.11.21" STYLEREFS="Style_3" VPOS="1177" WIDTH="77" WC="1.00" CC="0000" TAGREFS=""/>
            <SP HPOS="1341" ID="SP_170.4.11.22" VPOS="1177" WIDTH="16"/>
            <String CONTENT="increase," HEIGHT="41" HPOS="1357" ID="ST_170.4.11.23" STYLEREFS="Style_3" VPOS="1177" WIDTH="164" WC="0.96" CC="000000000" TAGREFS=""/>
          </TextLine>
          <TextLine HEIGHT="47" HPOS="313" ID="TL_170.4.12" VPOS="1223" WIDTH="1209">
            <String CONTENT="during" HEIGHT="43" HPOS="313" ID="ST_170.4.12.1" STYLEREFS="Style_3" VPOS="1223" WIDTH="124" WC="0.95" CC="000000" TAGREFS=""/>
            <SP HPOS="437" ID="SP_170.4.12.2" VPOS="1224" WIDTH="25"/>
            <String CONTENT="marriage," HEIGHT="42" HPOS="462" ID="ST_170.4.12.3" STYLEREFS="Style_3" VPOS="1224" WIDTH="182" WC="0.96" CC="000000000" TAGREFS=""/>
            <SP HPOS="644" ID="SP_170.4.12.4" VPOS="1224" WIDTH="26"/>
            <String CONTENT="in" HEIGHT="34" HPOS="670" ID="ST_170.4.12.5" STYLEREFS="Style_3" VPOS="1224" WIDTH="34" WC="0.85" CC="00" TAGREFS=""/>
            <SP HPOS="704" ID="SP_170.4.12.6" VPOS="1224" WIDTH="25"/>
            <String CONTENT="the" HEIGHT="34" HPOS="729" ID="ST_170.4.12.7" STYLEREFS="Style_3" VPOS="1224" WIDTH="59" WC="1.00" CC="000" TAGREFS=""/>
            <SP HPOS="788" ID="SP_170.4.12.8" VPOS="1225" WIDTH="23"/>
            <String CONTENT="value" HEIGHT="34" HPOS="811" ID="ST_170.4.12.9" STYLEREFS="Style_3" VPOS="1225" WIDTH="101" WC="1.00" CC="00000" TAGREFS=""/>
            <SP HPOS="912" ID="SP_170.4.12.10" VPOS="1225" WIDTH="24"/>
            <String CONTENT="of" HEIGHT="34" HPOS="936" ID="ST_170.4.12.11" STYLEREFS="Style_3" VPOS="1225" WIDTH="39" WC="1.00" CC="00" TAGREFS=""/>
            <SP HPOS="975" ID="SP_170.4.12.12" VPOS="1231" WIDTH="22"/>
            <String CONTENT="property" HEIGHT="38" HPOS="997" ID="ST_170.4.12.13" STYLEREFS="Style_3" VPOS="1231" WIDTH="160" WC="0.95" CC="00000000" TAGREFS=""/>
            <SP HPOS="1157" ID="SP_170.4.12.14" VPOS="1226" WIDTH="25"/>
            <String CONTENT="acquired" HEIGHT="43" HPOS="1182" ID="ST_170.4.12.15" STYLEREFS="Style_3" VPOS="1226" WIDTH="164" WC="0.95" CC="00000000" TAGREFS=""/>
            <SP HPOS="1346" ID="SP_170.4.12.16" VPOS="1227" WIDTH="25"/>
            <String CONTENT="prior" HEIGHT="43" HPOS="1371" ID="ST_170.4.12.17" STYLEREFS="Style_3" VPOS="1227" WIDTH="91" WC="0.96" CC="00000" TAGREFS=""/>
            <SP HPOS="1462" ID="SP_170.4.12.18" VPOS="1232" WIDTH="25"/>
            <String CONTENT="to" HEIGHT="29" HPOS="1487" ID="ST_170.4.12.19" STYLEREFS="Style_3" VPOS="1232" WIDTH="35" WC="1.00" CC="00" TAGREFS=""/>
          </TextLine>
          <TextLine HEIGHT="47" HPOS="313" ID="TL_170.4.13" VPOS="1272" WIDTH="1206">
            <String CONTENT="marriage" HEIGHT="43" HPOS="313" ID="ST_170.4.13.1" STYLEREFS="Style_3" VPOS="1272" WIDTH="172" WC="1.00" CC="00000000" TAGREFS=""/>
            <SP HPOS="485" ID="SP_170.4.13.2" VPOS="1273" WIDTH="15"/>
            <String CONTENT="be" HEIGHT="34" HPOS="500" ID="ST_170.4.13.3" STYLEREFS="Style_3" VPOS="1273" WIDTH="43" WC="1.00" CC="00" TAGREFS=""/>
            <SP HPOS="543" ID="SP_170.4.13.4" VPOS="1273" WIDTH="14"/>
            <String CONTENT="excepted" HEIGHT="44" HPOS="557" ID="ST_170.4.13.5" STYLEREFS="Style_3" VPOS="1273" WIDTH="165" WC="1.00" CC="00000000" TAGREFS=""/>
            <SP HPOS="722" ID="SP_170.4.13.6" VPOS="1273" WIDTH="16"/>
            <String CONTENT="from" HEIGHT="35" HPOS="738" ID="ST_170.4.13.7" STYLEREFS="Style_3" VPOS="1273" WIDTH="90" WC="0.89" CC="0000" TAGREFS=""/>
            <SP HPOS="828" ID="SP_170.4.13.8" VPOS="1274" WIDTH="16"/>
            <String CONTENT="marital" HEIGHT="35" HPOS="844" ID="ST_170.4.13.9" STYLEREFS="Style_3" VPOS="1274" WIDTH="138" WC="1.00" CC="0000000" TAGREFS=""/>
            <SP HPOS="982" ID="SP_170.4.13.10" VPOS="1280" WIDTH="15"/>
            <String CONTENT="property." HEIGHT="38" HPOS="997" ID="ST_170.4.13.11" STYLEREFS="Style_3" VPOS="1280" WIDTH="171" WC="0.94" CC="000000000" TAGREFS=""/>
            <SP HPOS="1168" ID="SP_170.4.13.12" VPOS="1275" WIDTH="17"/>
            <String CONTENT="Ark." HEIGHT="34" HPOS="1185" ID="ST_170.4.13.13" STYLEREFS="Style_3" VPOS="1275" WIDTH="84" WC="0.94" CC="0000" TAGREFS=""/>
            <SP HPOS="1269" ID="SP_170.4.13.14" VPOS="1275" WIDTH="17"/>
            <String CONTENT="Stat." HEIGHT="35" HPOS="1286" ID="ST_170.4.13.15" STYLEREFS="Style_3" VPOS="1275" WIDTH="90" WC="1.00" CC="00000" TAGREFS=""/>
            <SP HPOS="1376" ID="SP_170.4.13.16" VPOS="1277" WIDTH="16"/>
            <String CONTENT="Ann." HEIGHT="33" HPOS="1392" ID="ST_170.4.13.17" STYLEREFS="Style_3" VPOS="1277" WIDTH="91" WC="0.69" CC="0000" TAGREFS=""/>
            <SP HPOS="1483" ID="SP_170.4.13.18" VPOS="1276" WIDTH="19"/>
            <String CONTENT="§" HEIGHT="43" HPOS="1502" ID="ST_170.4.13.19" STYLEREFS="Style_3" VPOS="1276" WIDTH="17" WC="1.00" CC="0" TAGREFS=""/>
          </TextLine>
          <TextLine HEIGHT="46" HPOS="314" ID="TL_170.4.14" VPOS="1322" WIDTH="1207">
            <String CONTENT="34-1214(B)(5)" HEIGHT="43" HPOS="314" ID="ST_170.4.14.1" STYLEREFS="Style_3" VPOS="1322" WIDTH="276" WC="0.96" CC="0000000000000" TAGREFS=""/>
            <SP HPOS="590" ID="SP_170.4.14.2" VPOS="1322" WIDTH="14"/>
            <String CONTENT="(Supp." HEIGHT="45" HPOS="604" ID="ST_170.4.14.3" STYLEREFS="Style_3" VPOS="1322" WIDTH="123" WC="0.97" CC="000000" TAGREFS=""/>
            <SP HPOS="727" ID="SP_170.4.14.4" VPOS="1323" WIDTH="16"/>
            <String CONTENT="1985).Once" HEIGHT="43" HPOS="743" ID="ST_170.4.14.5" STYLEREFS="Style_3" VPOS="1323" WIDTH="225" WC="0.95" CC="0000099000" TAGREFS=""/>
            <SP HPOS="968" ID="SP_170.4.14.6" VPOS="1335" WIDTH="8"/>
            <String CONTENT="we" HEIGHT="24" HPOS="976" ID="ST_170.4.14.7" STYLEREFS="Style_3" VPOS="1335" WIDTH="51" WC="0.92" CC="00" TAGREFS=""/>
            <SP HPOS="1027" ID="SP_170.4.14.8" VPOS="1325" WIDTH="8"/>
            <String CONTENT="give" HEIGHT="43" HPOS="1035" ID="ST_170.4.14.9" STYLEREFS="Style_3" VPOS="1325" WIDTH="76" WC="1.00" CC="0000" TAGREFS=""/>
            <SP HPOS="1111" ID="SP_170.4.14.10" VPOS="1325" WIDTH="10"/>
            <String CONTENT="Mr.Potter" HEIGHT="35" HPOS="1121" ID="ST_170.4.14.11" STYLEREFS="Style_3" VPOS="1325" WIDTH="197" WC="0.98" CC="000000000" TAGREFS=""/>
            <SP HPOS="1318" ID="SP_170.4.14.12" VPOS="1325" WIDTH="9"/>
            <String CONTENT="the" HEIGHT="35" HPOS="1327" ID="ST_170.4.14.13" STYLEREFS="Style_3" VPOS="1325" WIDTH="59" WC="0.86" CC="000" TAGREFS=""/>
            <SP HPOS="1386" ID="SP_170.4.14.14" VPOS="1325" WIDTH="8"/>
            <String CONTENT="benefit" HEIGHT="35" HPOS="1394" ID="ST_170.4.14.15" STYLEREFS="Style_3" VPOS="1325" WIDTH="127" WC="0.96" CC="0000000" TAGREFS=""/>
          </TextLine>
          <TextLine HEIGHT="48" HPOS="312" ID="TL_170.4.15" VPOS="1371" WIDTH="1210">
            <String CONTENT="of" HEIGHT="35" HPOS="312" ID="ST_170.4.15.1" STYLEREFS="Style_3" VPOS="1371" WIDTH="39" WC="0.95" CC="00" TAGREFS=""/>
            <SP HPOS="351" ID="SP_170.4.15.2" VPOS="1372" WIDTH="9"/>
            <String CONTENT="identifying" HEIGHT="44" HPOS="360" ID="ST_170.4.15.3" STYLEREFS="Style_3" VPOS="1372" WIDTH="205" WC="0.94" CC="00000000000" TAGREFS=""/>
            <SP HPOS="565" ID="SP_170.4.15.4" VPOS="1373" WIDTH="12"/>
            <String CONTENT="his" HEIGHT="34" HPOS="577" ID="ST_170.4.15.5" STYLEREFS="Style_3" VPOS="1373" WIDTH="52" WC="0.86" CC="000" TAGREFS=""/>
            <SP HPOS="629" ID="SP_170.4.15.6" VPOS="1379" WIDTH="13"/>
            <String CONTENT="separate" HEIGHT="38" HPOS="642" ID="ST_170.4.15.7" STYLEREFS="Style_3" VPOS="1379" WIDTH="158" WC="1.00" CC="00000000" TAGREFS=""/>
            <SP HPOS="800" ID="SP_170.4.15.8" VPOS="1379" WIDTH="12"/>
            <String CONTENT="property" HEIGHT="39" HPOS="812" ID="ST_170.4.15.9" STYLEREFS="Style_3" VPOS="1379" WIDTH="162" WC="0.97" CC="00000000" TAGREFS=""/>
            <SP HPOS="974" ID="SP_170.4.15.10" VPOS="1374" WIDTH="11"/>
            <String CONTENT="acquired" HEIGHT="44" HPOS="985" ID="ST_170.4.15.11" STYLEREFS="Style_3" VPOS="1374" WIDTH="164" WC="0.99" CC="00000000" TAGREFS=""/>
            <SP HPOS="1149" ID="SP_170.4.15.12" VPOS="1375" WIDTH="12"/>
            <String CONTENT="before" HEIGHT="35" HPOS="1161" ID="ST_170.4.15.13" STYLEREFS="Style_3" VPOS="1375" WIDTH="119" WC="0.97" CC="000000" TAGREFS=""/>
            <SP HPOS="1280" ID="SP_170.4.15.14" VPOS="1376" WIDTH="12"/>
            <String CONTENT="marriage" HEIGHT="43" HPOS="1292" ID="ST_170.4.15.15" STYLEREFS="Style_3" VPOS="1376" WIDTH="173" WC="1.00" CC="00000000" TAGREFS=""/>
            <SP HPOS="1465" ID="SP_170.4.15.16" VPOS="1376" WIDTH="12"/>
            <String CONTENT="by" HEIGHT="43" HPOS="1477" ID="ST_170.4.15.17" STYLEREFS="Style_3" VPOS="1376" WIDTH="45" WC="0.64" CC="00" TAGREFS=""/>
          </TextLine>
          <TextLine HEIGHT="47" HPOS="311" ID="TL_170.4.16" VPOS="1422" WIDTH="1209">
            <String CONTENT="saying" HEIGHT="43" HPOS="311" ID="ST_170.4.16.1" STYLEREFS="Style_3" VPOS="1422" WIDTH="120" WC="0.93" CC="000000" TAGREFS=""/>
            <SP HPOS="431" ID="SP_170.4.16.2" VPOS="1422" WIDTH="18"/>
            <String CONTENT="it" HEIGHT="34" HPOS="449" ID="ST_170.4.16.3" STYLEREFS="Style_3" VPOS="1422" WIDTH="26" WC="1.00" CC="00" TAGREFS=""/>
            <SP HPOS="475" ID="SP_170.4.16.4" VPOS="1433" WIDTH="16"/>
            <String CONTENT="can" HEIGHT="24" HPOS="491" ID="ST_170.4.16.5" STYLEREFS="Style_3" VPOS="1433" WIDTH="65" WC="0.85" CC="000" TAGREFS=""/>
            <SP HPOS="556" ID="SP_170.4.16.6" VPOS="1422" WIDTH="18"/>
            <String CONTENT="be" HEIGHT="35" HPOS="574" ID="ST_170.4.16.7" STYLEREFS="Style_3" VPOS="1422" WIDTH="43" WC="1.00" CC="00" TAGREFS=""/>
            <SP HPOS="617" ID="SP_170.4.16.8" VPOS="1422" WIDTH="16"/>
            <String CONTENT="found" HEIGHT="35" HPOS="633" ID="ST_170.4.16.9" STYLEREFS="Style_3" VPOS="1422" WIDTH="107" WC="1.00" CC="00000" TAGREFS=""/>
            <SP HPOS="740" ID="SP_170.4.16.10" VPOS="1423" WIDTH="18"/>
            <String CONTENT="in" HEIGHT="35" HPOS="758" ID="ST_170.4.16.11" STYLEREFS="Style_3" VPOS="1423" WIDTH="34" WC="0.79" CC="00" TAGREFS=""/>
            <SP HPOS="792" ID="SP_170.4.16.12" VPOS="1429" WIDTH="17"/>
            <String CONTENT="property" HEIGHT="39" HPOS="809" ID="ST_170.4.16.13" STYLEREFS="Style_3" VPOS="1429" WIDTH="161" WC="0.96" CC="00000000" TAGREFS=""/>
            <SP HPOS="970" ID="SP_170.4.16.14" VPOS="1424" WIDTH="17"/>
            <String CONTENT="acquired" HEIGHT="44" HPOS="987" ID="ST_170.4.16.15" STYLEREFS="Style_3" VPOS="1424" WIDTH="163" WC="0.98" CC="00000000" TAGREFS=""/>
            <SP HPOS="1150" ID="SP_170.4.16.16" VPOS="1425" WIDTH="18"/>
            <String CONTENT="in" HEIGHT="34" HPOS="1168" ID="ST_170.4.16.17" STYLEREFS="Style_3" VPOS="1425" WIDTH="34" WC="0.84" CC="00" TAGREFS=""/>
            <SP HPOS="1202" ID="SP_170.4.16.18" VPOS="1425" WIDTH="17"/>
            <String CONTENT="exchange" HEIGHT="44" HPOS="1219" ID="ST_170.4.16.19" STYLEREFS="Style_3" VPOS="1425" WIDTH="178" WC="0.94" CC="00000000" TAGREFS=""/>
            <SP HPOS="1397" ID="SP_170.4.16.20" VPOS="1425" WIDTH="16"/>
            <String CONTENT="for" HEIGHT="35" HPOS="1413" ID="ST_170.4.16.21" STYLEREFS="Style_3" VPOS="1425" WIDTH="53" WC="1.00" CC="000" TAGREFS=""/>
            <SP HPOS="1466" ID="SP_170.4.16.22" VPOS="1426" WIDTH="17"/>
            <String CONTENT="it," HEIGHT="41" HPOS="1483" ID="ST_170.4.16.23" STYLEREFS="Style_3" VPOS="1426" WIDTH="37" WC="0.62" CC="000" TAGREFS=""/>
          </TextLine>
          <TextLine HEIGHT="48" HPOS="311" ID="TL_170.4.17" VPOS="1471" WIDTH="1210">
            <String CONTENT="then" HEIGHT="35" HPOS="311" ID="ST_170.4.17.1" STYLEREFS="Style_3" VPOS="1471" WIDTH="82" WC="0.86" CC="0000" TAGREFS=""/>
            <SP HPOS="393" ID="SP_170.4.17.2" VPOS="1483" WIDTH="17"/>
            <String CONTENT="we" HEIGHT="23" HPOS="410" ID="ST_170.4.17.3" STYLEREFS="Style_3" VPOS="1483" WIDTH="51" WC="1.00" CC="00" TAGREFS=""/>
            <SP HPOS="461" ID="SP_170.4.17.4" VPOS="1472" WIDTH="17"/>
            <String CONTENT="have" HEIGHT="35" HPOS="478" ID="ST_170.4.17.5" STYLEREFS="Style_3" VPOS="1472" WIDTH="87" WC="0.98" CC="0000" TAGREFS=""/>
            <SP HPOS="565" ID="SP_170.4.17.6" VPOS="1473" WIDTH="17"/>
            <String CONTENT="established" HEIGHT="35" HPOS="582" ID="ST_170.4.17.7" STYLEREFS="Style_3" VPOS="1473" WIDTH="208" WC="0.97" CC="00000000000" TAGREFS=""/>
            <SP HPOS="790" ID="SP_170.4.17.8" VPOS="1473" WIDTH="17"/>
            <String CONTENT="the" HEIGHT="35" HPOS="807" ID="ST_170.4.17.9" STYLEREFS="Style_3" VPOS="1473" WIDTH="59" WC="1.00" CC="000" TAGREFS=""/>
            <SP HPOS="866" ID="SP_170.4.17.10" VPOS="1485" WIDTH="16"/>
            <String CONTENT="very" HEIGHT="33" HPOS="882" ID="ST_170.4.17.11" STYLEREFS="Style_3" VPOS="1485" WIDTH="81" WC="0.80" CC="0000" TAGREFS=""/>
            <SP HPOS="963" ID="SP_170.4.17.12" VPOS="1474" WIDTH="17"/>
            <String CONTENT="tracing" HEIGHT="44" HPOS="980" ID="ST_170.4.17.13" STYLEREFS="Style_3" VPOS="1474" WIDTH="134" WC="0.98" CC="0000000" TAGREFS=""/>
            <SP HPOS="1114" ID="SP_170.4.17.14" VPOS="1475" WIDTH="17"/>
            <String CONTENT="principle" HEIGHT="44" HPOS="1131" ID="ST_170.4.17.15" STYLEREFS="Style_3" VPOS="1475" WIDTH="167" WC="0.96" CC="000000000" TAGREFS=""/>
            <SP HPOS="1298" ID="SP_170.4.17.16" VPOS="1476" WIDTH="17"/>
            <String CONTENT="Mr." HEIGHT="34" HPOS="1315" ID="ST_170.4.17.17" STYLEREFS="Style_3" VPOS="1476" WIDTH="70" WC="1.00" CC="000" TAGREFS=""/>
            <SP HPOS="1385" ID="SP_170.4.17.18" VPOS="1476" WIDTH="19"/>
            <String CONTENT="Potter" HEIGHT="35" HPOS="1404" ID="ST_170.4.17.19" STYLEREFS="Style_3" VPOS="1476" WIDTH="117" WC="0.88" CC="000000" TAGREFS=""/>
          </TextLine>
          <TextLine HEIGHT="47" HPOS="311" ID="TL_170.4.18" VPOS="1522" WIDTH="1209">
            <String CONTENT="asks" HEIGHT="34" HPOS="311" ID="ST_170.4.18.1" STYLEREFS="Style_3" VPOS="1522" WIDTH="78" WC="0.95" CC="0000" TAGREFS=""/>
            <SP HPOS="389" ID="SP_170.4.18.2" VPOS="1522" WIDTH="11"/>
            <String CONTENT="that" HEIGHT="34" HPOS="400" ID="ST_170.4.18.3" STYLEREFS="Style_3" VPOS="1522" WIDTH="76" WC="1.00" CC="0000" TAGREFS=""/>
            <SP HPOS="476" ID="SP_170.4.18.4" VPOS="1533" WIDTH="10"/>
            <String CONTENT="we" HEIGHT="24" HPOS="486" ID="ST_170.4.18.5" STYLEREFS="Style_3" VPOS="1533" WIDTH="51" WC="1.00" CC="00" TAGREFS=""/>
            <SP HPOS="537" ID="SP_170.4.18.6" VPOS="1523" WIDTH="10"/>
            <String CONTENT="apply" HEIGHT="43" HPOS="547" ID="ST_170.4.18.7" STYLEREFS="Style_3" VPOS="1523" WIDTH="103" WC="0.88" CC="00000" TAGREFS=""/>
            <SP HPOS="650" ID="SP_170.4.18.8" VPOS="1528" WIDTH="11"/>
            <String CONTENT="to" HEIGHT="29" HPOS="661" ID="ST_170.4.18.9" STYLEREFS="Style_3" VPOS="1528" WIDTH="35" WC="1.00" CC="00" TAGREFS=""/>
            <SP HPOS="696" ID="SP_170.4.18.10" VPOS="1523" WIDTH="10"/>
            <String CONTENT="the" HEIGHT="35" HPOS="706" ID="ST_170.4.18.11" STYLEREFS="Style_3" VPOS="1523" WIDTH="59" WC="0.87" CC="000" TAGREFS=""/>
            <SP HPOS="765" ID="SP_170.4.18.12" VPOS="1524" WIDTH="10"/>
            <String CONTENT="increase." HEIGHT="34" HPOS="775" ID="ST_170.4.18.13" STYLEREFS="Style_3" VPOS="1524" WIDTH="163" WC="0.95" CC="000000000" TAGREFS=""/>
            <SP HPOS="938" ID="SP_170.4.18.14" VPOS="1525" WIDTH="14"/>
            <String CONTENT="It" HEIGHT="34" HPOS="952" ID="ST_170.4.18.15" STYLEREFS="Style_3" VPOS="1525" WIDTH="30" WC="1.00" CC="00" TAGREFS=""/>
            <SP HPOS="982" ID="SP_170.4.18.16" VPOS="1525" WIDTH="10"/>
            <String CONTENT="makes" HEIGHT="34" HPOS="992" ID="ST_170.4.18.17" STYLEREFS="Style_3" VPOS="1525" WIDTH="119" WC="1.00" CC="00000" TAGREFS=""/>
            <SP HPOS="1111" ID="SP_170.4.18.18" VPOS="1535" WIDTH="11"/>
            <String CONTENT="no" HEIGHT="24" HPOS="1122" ID="ST_170.4.18.19" STYLEREFS="Style_3" VPOS="1535" WIDTH="44" WC="0.73" CC="00" TAGREFS=""/>
            <SP HPOS="1166" ID="SP_170.4.18.20" VPOS="1536" WIDTH="10"/>
            <String CONTENT="sense" HEIGHT="24" HPOS="1176" ID="ST_170.4.18.21" STYLEREFS="Style_3" VPOS="1536" WIDTH="99" WC="0.90" CC="00000" TAGREFS=""/>
            <SP HPOS="1275" ID="SP_170.4.18.22" VPOS="1530" WIDTH="10"/>
            <String CONTENT="to" HEIGHT="30" HPOS="1285" ID="ST_170.4.18.23" STYLEREFS="Style_3" VPOS="1530" WIDTH="35" WC="1.00" CC="00" TAGREFS=""/>
            <SP HPOS="1320" ID="SP_170.4.18.24" VPOS="1536" WIDTH="11"/>
            <String CONTENT="say" HEIGHT="33" HPOS="1331" ID="ST_170.4.18.25" STYLEREFS="Style_3" VPOS="1536" WIDTH="61" WC="0.99" CC="000" TAGREFS=""/>
            <SP HPOS="1392" ID="SP_170.4.18.26" VPOS="1526" WIDTH="10"/>
            <String CONTENT="he" HEIGHT="34" HPOS="1402" ID="ST_170.4.18.27" STYLEREFS="Style_3" VPOS="1526" WIDTH="43" WC="0.97" CC="00" TAGREFS=""/>
            <SP HPOS="1445" ID="SP_170.4.18.28" VPOS="1537" WIDTH="10"/>
            <String CONTENT="can" HEIGHT="24" HPOS="1455" ID="ST_170.4.18.29" STYLEREFS="Style_3" VPOS="1537" WIDTH="65" WC="0.91" CC="000" TAGREFS=""/>
          </TextLine>
          <TextLine HEIGHT="47" HPOS="311" ID="TL_170.4.19" VPOS="1571" WIDTH="1210">
            <String CONTENT="identify" HEIGHT="43" HPOS="311" ID="ST_170.4.19.1" STYLEREFS="Style_3" VPOS="1571" WIDTH="146" WC="0.93" CC="00000000" TAGREFS=""/>
            <SP HPOS="457" ID="SP_170.4.19.2" VPOS="1572" WIDTH="14"/>
            <String CONTENT="and" HEIGHT="34" HPOS="471" ID="ST_170.4.19.3" STYLEREFS="Style_3" VPOS="1572" WIDTH="68" WC="0.91" CC="000" TAGREFS=""/>
            <SP HPOS="539" ID="SP_170.4.19.4" VPOS="1572" WIDTH="15"/>
            <String CONTENT="be" HEIGHT="34" HPOS="554" ID="ST_170.4.19.5" STYLEREFS="Style_3" VPOS="1572" WIDTH="43" WC="1.00" CC="00" TAGREFS=""/>
            <SP HPOS="597" ID="SP_170.4.19.6" VPOS="1573" WIDTH="14"/>
            <String CONTENT="entitled" HEIGHT="34" HPOS="611" ID="ST_170.4.19.7" STYLEREFS="Style_3" VPOS="1573" WIDTH="142" WC="0.91" CC="00000000" TAGREFS=""/>
            <SP HPOS="753" ID="SP_170.4.19.8" VPOS="1578" WIDTH="15"/>
            <String CONTENT="to" HEIGHT="29" HPOS="768" ID="ST_170.4.19.9" STYLEREFS="Style_3" VPOS="1578" WIDTH="35" WC="1.00" CC="00" TAGREFS=""/>
            <SP HPOS="803" ID="SP_170.4.19.10" VPOS="1573" WIDTH="14"/>
            <String CONTENT="his" HEIGHT="34" HPOS="817" ID="ST_170.4.19.11" STYLEREFS="Style_3" VPOS="1573" WIDTH="52" WC="0.89" CC="000" TAGREFS=""/>
            <SP HPOS="869" ID="SP_170.4.19.12" VPOS="1579" WIDTH="15"/>
            <String CONTENT="separate" HEIGHT="38" HPOS="884" ID="ST_170.4.19.13" STYLEREFS="Style_3" VPOS="1579" WIDTH="159" WC="1.00" CC="00000000" TAGREFS=""/>
            <SP HPOS="1043" ID="SP_170.4.19.14" VPOS="1579" WIDTH="14"/>
            <String CONTENT="part" HEIGHT="38" HPOS="1057" ID="ST_170.4.19.15" STYLEREFS="Style_3" VPOS="1579" WIDTH="77" WC="1.00" CC="0000" TAGREFS=""/>
            <SP HPOS="1134" ID="SP_170.4.19.16" VPOS="1574" WIDTH="15"/>
            <String CONTENT="and" HEIGHT="35" HPOS="1149" ID="ST_170.4.19.17" STYLEREFS="Style_3" VPOS="1574" WIDTH="68" WC="0.94" CC="000" TAGREFS=""/>
            <SP HPOS="1217" ID="SP_170.4.19.18" VPOS="1575" WIDTH="15"/>
            <String CONTENT="then" HEIGHT="34" HPOS="1232" ID="ST_170.4.19.19" STYLEREFS="Style_3" VPOS="1575" WIDTH="82" WC="0.82" CC="0000" TAGREFS=""/>
            <SP HPOS="1314" ID="SP_170.4.19.20" VPOS="1575" WIDTH="15"/>
            <String CONTENT="ignore" HEIGHT="43" HPOS="1329" ID="ST_170.4.19.21" STYLEREFS="Style_3" VPOS="1575" WIDTH="119" WC="0.96" CC="000000" TAGREFS=""/>
            <SP HPOS="1448" ID="SP_170.4.19.22" VPOS="1576" WIDTH="14"/>
            <String CONTENT="the" HEIGHT="34" HPOS="1462" ID="ST_170.4.19.23" STYLEREFS="Style_3" VPOS="1576" WIDTH="59" WC="0.79" CC="000" TAGREFS=""/>
          </TextLine>
          <TextLine HEIGHT="45" HPOS="310" ID="TL_170.4.20" VPOS="1622" WIDTH="1209">
            <String CONTENT="statutory" HEIGHT="38" HPOS="310" ID="ST_170.4.20.1" STYLEREFS="Style_3" VPOS="1626" WIDTH="171" WC="0.99" CC="000000000" TAGREFS=""/>
            <SP HPOS="481" ID="SP_170.4.20.2" VPOS="1622" WIDTH="13"/>
            <String CONTENT="requirement" HEIGHT="43" HPOS="494" ID="ST_170.4.20.3" STYLEREFS="Style_3" VPOS="1622" WIDTH="231" WC="0.94" CC="00000000000" TAGREFS=""/>
            <SP HPOS="725" ID="SP_170.4.20.4" VPOS="1622" WIDTH="13"/>
            <String CONTENT="that" HEIGHT="34" HPOS="738" ID="ST_170.4.20.5" STYLEREFS="Style_3" VPOS="1622" WIDTH="76" WC="1.00" CC="0000" TAGREFS=""/>
            <SP HPOS="814" ID="SP_170.4.20.6" VPOS="1623" WIDTH="13"/>
            <String CONTENT="its" HEIGHT="33" HPOS="827" ID="ST_170.4.20.7" STYLEREFS="Style_3" VPOS="1623" WIDTH="43" WC="1.00" CC="000" TAGREFS=""/>
            <SP HPOS="870" ID="SP_170.4.20.8" VPOS="1623" WIDTH="13"/>
            <String CONTENT="increase" HEIGHT="34" HPOS="883" ID="ST_170.4.20.9" STYLEREFS="Style_3" VPOS="1623" WIDTH="155" WC="0.89" CC="00000000" TAGREFS=""/>
            <SP HPOS="1038" ID="SP_170.4.20.10" VPOS="1623" WIDTH="12"/>
            <String CONTENT="in" HEIGHT="34" HPOS="1050" ID="ST_170.4.20.11" STYLEREFS="Style_3" VPOS="1623" WIDTH="34" WC="1.00" CC="00" TAGREFS=""/>
            <SP HPOS="1084" ID="SP_170.4.20.12" VPOS="1624" WIDTH="12"/>
            <String CONTENT="value" HEIGHT="34" HPOS="1096" ID="ST_170.4.20.13" STYLEREFS="Style_3" VPOS="1624" WIDTH="101" WC="0.96" CC="00000" TAGREFS=""/>
            <SP HPOS="1197" ID="SP_170.4.20.14" VPOS="1624" WIDTH="13"/>
            <String CONTENT="also" HEIGHT="34" HPOS="1210" ID="ST_170.4.20.15" STYLEREFS="Style_3" VPOS="1624" WIDTH="73" WC="0.99" CC="0000" TAGREFS=""/>
            <SP HPOS="1283" ID="SP_170.4.20.16" VPOS="1624" WIDTH="13"/>
            <String CONTENT="be" HEIGHT="34" HPOS="1296" ID="ST_170.4.20.17" STYLEREFS="Style_3" VPOS="1624" WIDTH="43" WC="1.00" CC="00" TAGREFS=""/>
            <SP HPOS="1339" ID="SP_170.4.20.18" VPOS="1625" WIDTH="13"/>
            <String CONTENT="regarded" HEIGHT="42" HPOS="1352" ID="ST_170.4.20.19" STYLEREFS="Style_3" VPOS="1625" WIDTH="167" WC="1.00" CC="00000000" TAGREFS=""/>
          </TextLine>
          <TextLine HEIGHT="45" HPOS="310" ID="TL_170.4.21" VPOS="1671" WIDTH="1210">
            <String CONTENT="as" HEIGHT="23" HPOS="310" ID="ST_170.4.21.1" STYLEREFS="Style_3" VPOS="1681" WIDTH="38" WC="1.00" CC="00" TAGREFS=""/>
            <SP HPOS="348" ID="SP_170.4.21.2" VPOS="1671" WIDTH="24"/>
            <String CONTENT="nonmarital" HEIGHT="34" HPOS="372" ID="ST_170.4.21.3" STYLEREFS="Style_3" VPOS="1671" WIDTH="208" WC="0.96" CC="0000000000" TAGREFS=""/>
            <SP HPOS="580" ID="SP_170.4.21.4" VPOS="1677" WIDTH="24"/>
            <String CONTENT="property." HEIGHT="38" HPOS="604" ID="ST_170.4.21.5" STYLEREFS="Style_3" VPOS="1677" WIDTH="170" WC="0.96" CC="000000000" TAGREFS=""/>
            <SP HPOS="774" ID="SP_170.4.21.6" VPOS="1672" WIDTH="25"/>
            <String CONTENT="The" HEIGHT="34" HPOS="799" ID="ST_170.4.21.7" STYLEREFS="Style_3" VPOS="1672" WIDTH="74" WC="1.00" CC="000" TAGREFS=""/>
            <SP HPOS="873" ID="SP_170.4.21.8" VPOS="1672" WIDTH="23"/>
            <String CONTENT="only" HEIGHT="44" HPOS="896" ID="ST_170.4.21.9" STYLEREFS="Style_3" VPOS="1672" WIDTH="80" WC="0.93" CC="0000" TAGREFS=""/>
            <SP HPOS="976" ID="SP_170.4.21.10" VPOS="1673" WIDTH="23"/>
            <String CONTENT="circumstance" HEIGHT="35" HPOS="999" ID="ST_170.4.21.11" STYLEREFS="Style_3" VPOS="1673" WIDTH="252" WC="0.96" CC="000000000000" TAGREFS=""/>
            <SP HPOS="1251" ID="SP_170.4.21.12" VPOS="1674" WIDTH="23"/>
            <String CONTENT="in" HEIGHT="34" HPOS="1274" ID="ST_170.4.21.13" STYLEREFS="Style_3" VPOS="1674" WIDTH="35" WC="0.75" CC="00" TAGREFS=""/>
            <SP HPOS="1309" ID="SP_170.4.21.14" VPOS="1674" WIDTH="24"/>
            <String CONTENT="which" HEIGHT="35" HPOS="1333" ID="ST_170.4.21.15" STYLEREFS="Style_3" VPOS="1674" WIDTH="112" WC="0.96" CC="00000" TAGREFS=""/>
            <SP HPOS="1445" ID="SP_170.4.21.16" VPOS="1686" WIDTH="23"/>
            <String CONTENT="we" HEIGHT="23" HPOS="1468" ID="ST_170.4.21.17" STYLEREFS="Style_3" VPOS="1686" WIDTH="52" WC="1.00" CC="00" TAGREFS=""/>
          </TextLine>
          <TextLine HEIGHT="47" HPOS="310" ID="TL_170.4.22" VPOS="1719" WIDTH="1207">
            <String CONTENT="should" HEIGHT="35" HPOS="310" ID="ST_170.4.22.1" STYLEREFS="Style_3" VPOS="1719" WIDTH="122" WC="0.94" CC="000000" TAGREFS=""/>
            <SP HPOS="432" ID="SP_170.4.22.2" VPOS="1731" WIDTH="10"/>
            <String CONTENT="say" HEIGHT="32" HPOS="442" ID="ST_170.4.22.3" STYLEREFS="Style_3" VPOS="1731" WIDTH="61" WC="1.00" CC="000" TAGREFS=""/>
            <SP HPOS="503" ID="SP_170.4.22.4" VPOS="1720" WIDTH="9"/>
            <String CONTENT="such" HEIGHT="34" HPOS="512" ID="ST_170.4.22.5" STYLEREFS="Style_3" VPOS="1720" WIDTH="84" WC="0.95" CC="0000" TAGREFS=""/>
            <SP HPOS="596" ID="SP_170.4.22.6" VPOS="1731" WIDTH="10"/>
            <String CONTENT="a" HEIGHT="24" HPOS="606" ID="ST_170.4.22.7" STYLEREFS="Style_3" VPOS="1731" WIDTH="20" WC="1.00" CC="0" TAGREFS=""/>
            <SP HPOS="626" ID="SP_170.4.22.8" VPOS="1721" WIDTH="10"/>
            <String CONTENT="gain" HEIGHT="42" HPOS="636" ID="ST_170.4.22.9" STYLEREFS="Style_3" VPOS="1721" WIDTH="81" WC="1.00" CC="0000" TAGREFS=""/>
            <SP HPOS="717" ID="SP_170.4.22.10" VPOS="1721" WIDTH="10"/>
            <String CONTENT="is" HEIGHT="34" HPOS="727" ID="ST_170.4.22.11" STYLEREFS="Style_3" VPOS="1721" WIDTH="28" WC="0.97" CC="00" TAGREFS=""/>
            <SP HPOS="755" ID="SP_170.4.22.12" VPOS="1722" WIDTH="9"/>
            <String CONTENT="marital" HEIGHT="34" HPOS="764" ID="ST_170.4.22.13" STYLEREFS="Style_3" VPOS="1722" WIDTH="139" WC="0.99" CC="0000000" TAGREFS=""/>
            <SP HPOS="903" ID="SP_170.4.22.14" VPOS="1727" WIDTH="9"/>
            <String CONTENT="property" HEIGHT="39" HPOS="912" ID="ST_170.4.22.15" STYLEREFS="Style_3" VPOS="1727" WIDTH="162" WC="1.00" CC="00000000" TAGREFS=""/>
            <SP HPOS="1074" ID="SP_170.4.22.16" VPOS="1722" WIDTH="10"/>
            <String CONTENT="is" HEIGHT="35" HPOS="1084" ID="ST_170.4.22.17" STYLEREFS="Style_3" VPOS="1722" WIDTH="28" WC="0.66" CC="00" TAGREFS=""/>
            <SP HPOS="1112" ID="SP_170.4.22.18" VPOS="1723" WIDTH="9"/>
            <String CONTENT="when" HEIGHT="34" HPOS="1121" ID="ST_170.4.22.19" STYLEREFS="Style_3" VPOS="1723" WIDTH="99" WC="0.83" CC="0000" TAGREFS=""/>
            <SP HPOS="1220" ID="SP_170.4.22.20" VPOS="1723" WIDTH="11"/>
            <String CONTENT="it" HEIGHT="34" HPOS="1231" ID="ST_170.4.22.21" STYLEREFS="Style_3" VPOS="1723" WIDTH="26" WC="1.00" CC="00" TAGREFS=""/>
            <SP HPOS="1257" ID="SP_170.4.22.22" VPOS="1723" WIDTH="10"/>
            <String CONTENT="is" HEIGHT="34" HPOS="1267" ID="ST_170.4.22.23" STYLEREFS="Style_3" VPOS="1723" WIDTH="27" WC="0.94" CC="00" TAGREFS=""/>
            <SP HPOS="1294" ID="SP_170.4.22.24" VPOS="1723" WIDTH="10"/>
            <String CONTENT="demonstra-" HEIGHT="36" HPOS="1304" ID="ST_170.4.22.25" STYLEREFS="Style_3" VPOS="1723" WIDTH="213" WC="0.86" CC="0000000000" TAGREFS=""/>
          </TextLine>
          <TextLine HEIGHT="46" HPOS="310" ID="TL_170.4.23" VPOS="1769" WIDTH="1207">
            <String CONTENT="ble" HEIGHT="34" HPOS="310" ID="ST_170.4.23.1" STYLEREFS="Style_3" VPOS="1769" WIDTH="55" WC="0.99" CC="000" TAGREFS=""/>
            <SP HPOS="365" ID="SP_170.4.23.2" VPOS="1769" WIDTH="17"/>
            <String CONTENT="that" HEIGHT="35" HPOS="382" ID="ST_170.4.23.3" STYLEREFS="Style_3" VPOS="1769" WIDTH="76" WC="1.00" CC="0000" TAGREFS=""/>
            <SP HPOS="458" ID="SP_170.4.23.4" VPOS="1770" WIDTH="17"/>
            <String CONTENT="both" HEIGHT="34" HPOS="475" ID="ST_170.4.23.5" STYLEREFS="Style_3" VPOS="1770" WIDTH="83" WC="0.92" CC="0000" TAGREFS=""/>
            <SP HPOS="558" ID="SP_170.4.23.6" VPOS="1781" WIDTH="18"/>
            <String CONTENT="spouses" HEIGHT="33" HPOS="576" ID="ST_170.4.23.7" STYLEREFS="Style_3" VPOS="1781" WIDTH="139" WC="1.00" CC="0000000" TAGREFS=""/>
            <SP HPOS="715" ID="SP_170.4.23.8" VPOS="1771" WIDTH="17"/>
            <String CONTENT="contributed" HEIGHT="34" HPOS="732" ID="ST_170.4.23.9" STYLEREFS="Style_3" VPOS="1771" WIDTH="218" WC="0.97" CC="00000000000" TAGREFS=""/>
            <SP HPOS="950" ID="SP_170.4.23.10" VPOS="1777" WIDTH="18"/>
            <String CONTENT="to" HEIGHT="29" HPOS="968" ID="ST_170.4.23.11" STYLEREFS="Style_3" VPOS="1777" WIDTH="35" WC="1.00" CC="00" TAGREFS=""/>
            <SP HPOS="1003" ID="SP_170.4.23.12" VPOS="1772" WIDTH="17"/>
            <String CONTENT="the" HEIGHT="34" HPOS="1020" ID="ST_170.4.23.13" STYLEREFS="Style_3" VPOS="1772" WIDTH="59" WC="0.97" CC="000" TAGREFS=""/>
            <SP HPOS="1079" ID="SP_170.4.23.14" VPOS="1772" WIDTH="17"/>
            <String CONTENT="gain." HEIGHT="43" HPOS="1096" ID="ST_170.4.23.15" STYLEREFS="Style_3" VPOS="1772" WIDTH="91" WC="0.96" CC="00000" TAGREFS=""/>
            <SP HPOS="1187" ID="SP_170.4.23.16" VPOS="1773" WIDTH="18"/>
            <String CONTENT="See" HEIGHT="34" HPOS="1205" ID="ST_170.4.23.17" STYLEREFS="Style_4" VPOS="1773" WIDTH="69" WC="1.00" CC="000" TAGREFS=""/>
            <SP HPOS="1274" ID="SP_170.4.23.18" VPOS="1773" WIDTH="16"/>
            <String CONTENT="Marshall" HEIGHT="35" HPOS="1290" ID="ST_170.4.23.19" STYLEREFS="Style_4" VPOS="1773" WIDTH="182" WC="1.00" CC="00000000" TAGREFS=""/>
            <SP HPOS="1472" ID="SP_170.4.23.20" VPOS="1785" WIDTH="14"/>
            <String CONTENT="v." HEIGHT="23" HPOS="1486" ID="ST_170.4.23.21" STYLEREFS="Style_3" VPOS="1785" WIDTH="31" WC="1.00" CC="00" TAGREFS=""/>
          </TextLine>
          <TextLine HEIGHT="45" HPOS="309" ID="TL_170.4.24" VPOS="1819" WIDTH="986">
            <String CONTENT="Marshall," HEIGHT="41" HPOS="309" ID="ST_170.4.24.1" STYLEREFS="Style_4" VPOS="1819" WIDTH="190" WC="0.90" CC="000000000" TAGREFS=""/>
            <SP HPOS="499" ID="SP_170.4.24.2" VPOS="1820" WIDTH="22"/>
            <String CONTENT="285" HEIGHT="33" HPOS="521" ID="ST_170.4.24.3" STYLEREFS="Style_3" VPOS="1820" WIDTH="65" WC="0.75" CC="000" TAGREFS=""/>
            <SP HPOS="586" ID="SP_170.4.24.4" VPOS="1820" WIDTH="22"/>
            <String CONTENT="Ark." HEIGHT="34" HPOS="608" ID="ST_170.4.24.5" STYLEREFS="Style_3" VPOS="1820" WIDTH="85" WC="0.92" CC="0000" TAGREFS=""/>
            <SP HPOS="693" ID="SP_170.4.24.6" VPOS="1821" WIDTH="21"/>
            <String CONTENT="426," HEIGHT="40" HPOS="714" ID="ST_170.4.24.7" STYLEREFS="Style_3" VPOS="1821" WIDTH="79" WC="0.88" CC="0000" TAGREFS=""/>
            <SP HPOS="793" ID="SP_170.4.24.8" VPOS="1821" WIDTH="22"/>
            <String CONTENT="688" HEIGHT="34" HPOS="815" ID="ST_170.4.24.9" STYLEREFS="Style_3" VPOS="1821" WIDTH="66" WC="0.82" CC="000" TAGREFS=""/>
            <SP HPOS="881" ID="SP_170.4.24.10" VPOS="1821" WIDTH="22"/>
            <String CONTENT="S.W.2d" HEIGHT="34" HPOS="903" ID="ST_170.4.24.11" STYLEREFS="Style_3" VPOS="1821" WIDTH="144" WC="0.90" CC="000000" TAGREFS=""/>
            <SP HPOS="1047" ID="SP_170.4.24.12" VPOS="1823" WIDTH="21"/>
            <String CONTENT="279" HEIGHT="33" HPOS="1068" ID="ST_170.4.24.13" STYLEREFS="Style_3" VPOS="1823" WIDTH="67" WC="0.86" CC="000" TAGREFS=""/>
            <SP HPOS="1135" ID="SP_170.4.24.14" VPOS="1821" WIDTH="23"/>
            <String CONTENT="(1985)." HEIGHT="43" HPOS="1158" ID="ST_170.4.24.15" STYLEREFS="Style_3" VPOS="1821" WIDTH="137" WC="0.88" CC="0000000" TAGREFS=""/>
          </TextLine>
        </TextBlock>
        <TextBlock HEIGHT="532.0" HPOS="304.0" ID="BL_170.5" TAGREFS="b170-7" VPOS="1897.0" WIDTH="1214.0">
          <TextLine HEIGHT="44" HPOS="398" ID="TL_170.5.1" VPOS="1897" WIDTH="1120">
            <String CONTENT="The" HEIGHT="34" HPOS="398" ID="ST_170.5.1.1" STYLEREFS="Style_3" VPOS="1897" WIDTH="74" WC="0.89" CC="000" TAGREFS=""/>
            <SP HPOS="472" ID="SP_170.5.1.2" VPOS="1898" WIDTH="13"/>
            <String CONTENT="remaining" HEIGHT="43" HPOS="485" ID="ST_170.5.1.3" STYLEREFS="Style_3" VPOS="1898" WIDTH="192" WC="0.90" CC="000000000" TAGREFS=""/>
            <SP HPOS="677" ID="SP_170.5.1.4" VPOS="1899" WIDTH="13"/>
            <String CONTENT="question" HEIGHT="42" HPOS="690" ID="ST_170.5.1.5" STYLEREFS="Style_3" VPOS="1899" WIDTH="158" WC="0.91" CC="00000000" TAGREFS=""/>
            <SP HPOS="848" ID="SP_170.5.1.6" VPOS="1899" WIDTH="14"/>
            <String CONTENT="then" HEIGHT="34" HPOS="862" ID="ST_170.5.1.7" STYLEREFS="Style_3" VPOS="1899" WIDTH="82" WC="0.88" CC="0000" TAGREFS=""/>
            <SP HPOS="944" ID="SP_170.5.1.8" VPOS="1899" WIDTH="14"/>
            <String CONTENT="is" HEIGHT="34" HPOS="958" ID="ST_170.5.1.9" STYLEREFS="Style_3" VPOS="1899" WIDTH="27" WC="0.99" CC="00" TAGREFS=""/>
            <SP HPOS="985" ID="SP_170.5.1.10" VPOS="1900" WIDTH="14"/>
            <String CONTENT="whether" HEIGHT="34" HPOS="999" ID="ST_170.5.1.11" STYLEREFS="Style_3" VPOS="1900" WIDTH="154" WC="0.96" CC="0000000" TAGREFS=""/>
            <SP HPOS="1153" ID="SP_170.5.1.12" VPOS="1901" WIDTH="13"/>
            <String CONTENT="the" HEIGHT="34" HPOS="1166" ID="ST_170.5.1.13" STYLEREFS="Style_3" VPOS="1901" WIDTH="59" WC="1.00" CC="000" TAGREFS=""/>
            <SP HPOS="1225" ID="SP_170.5.1.14" VPOS="1901" WIDTH="13"/>
            <String CONTENT="law" HEIGHT="34" HPOS="1238" ID="ST_170.5.1.15" STYLEREFS="Style_3" VPOS="1901" WIDTH="65" WC="1.00" CC="000" TAGREFS=""/>
            <SP HPOS="1303" ID="SP_170.5.1.16" VPOS="1901" WIDTH="14"/>
            <String CONTENT="of" HEIGHT="34" HPOS="1317" ID="ST_170.5.1.17" STYLEREFS="Style_3" VPOS="1901" WIDTH="40" WC="1.00" CC="00" TAGREFS=""/>
            <SP HPOS="1357" ID="SP_170.5.1.18" VPOS="1901" WIDTH="9"/>
            <String CONTENT="the" HEIGHT="34" HPOS="1366" ID="ST_170.5.1.19" STYLEREFS="Style_3" VPOS="1901" WIDTH="59" WC="0.97" CC="000" TAGREFS=""/>
            <SP HPOS="1425" ID="SP_170.5.1.20" VPOS="1912" WIDTH="13"/>
            <String CONTENT="case" HEIGHT="24" HPOS="1438" ID="ST_170.5.1.21" STYLEREFS="Style_3" VPOS="1912" WIDTH="80" WC="1.00" CC="0000" TAGREFS=""/>
          </TextLine>
          <TextLine HEIGHT="47" HPOS="307" ID="TL_170.5.2" VPOS="1945" WIDTH="1210">
            <String CONTENT="doctrine" HEIGHT="35" HPOS="307" ID="ST_170.5.2.1" STYLEREFS="Style_3" VPOS="1945" WIDTH="155" WC="1.00" CC="00000000" TAGREFS=""/>
            <SP HPOS="462" ID="SP_170.5.2.2" VPOS="1952" WIDTH="11"/>
            <String CONTENT="prevents" HEIGHT="38" HPOS="473" ID="ST_170.5.2.3" STYLEREFS="Style_3" VPOS="1952" WIDTH="157" WC="1.00" CC="00000000" TAGREFS=""/>
            <SP HPOS="630" ID="SP_170.5.2.4" VPOS="1959" WIDTH="12"/>
            <String CONTENT="us" HEIGHT="23" HPOS="642" ID="ST_170.5.2.5" STYLEREFS="Style_3" VPOS="1959" WIDTH="39" WC="1.00" CC="00" TAGREFS=""/>
            <SP HPOS="681" ID="SP_170.5.2.6" VPOS="1947" WIDTH="12"/>
            <String CONTENT="from" HEIGHT="36" HPOS="693" ID="ST_170.5.2.7" STYLEREFS="Style_3" VPOS="1947" WIDTH="90" WC="1.00" CC="0000" TAGREFS=""/>
            <SP HPOS="783" ID="SP_170.5.2.8" VPOS="1949" WIDTH="11"/>
            <String CONTENT="correcting" HEIGHT="43" HPOS="794" ID="ST_170.5.2.9" STYLEREFS="Style_3" VPOS="1949" WIDTH="192" WC="0.95" CC="0000000000" TAGREFS=""/>
            <SP HPOS="986" ID="SP_170.5.2.10" VPOS="1960" WIDTH="12"/>
            <String CONTENT="our" HEIGHT="23" HPOS="998" ID="ST_170.5.2.11" STYLEREFS="Style_3" VPOS="1960" WIDTH="62" WC="1.00" CC="000" TAGREFS=""/>
            <SP HPOS="1060" ID="SP_170.5.2.12" VPOS="1950" WIDTH="12"/>
            <String CONTENT="mistake" HEIGHT="35" HPOS="1072" ID="ST_170.5.2.13" STYLEREFS="Style_3" VPOS="1950" WIDTH="148" WC="0.93" CC="0000000" TAGREFS=""/>
            <SP HPOS="1220" ID="SP_170.5.2.14" VPOS="1950" WIDTH="11"/>
            <String CONTENT="if" HEIGHT="34" HPOS="1231" ID="ST_170.5.2.15" STYLEREFS="Style_3" VPOS="1950" WIDTH="30" WC="1.00" CC="00" TAGREFS=""/>
            <SP HPOS="1261" ID="SP_170.5.2.16" VPOS="1961" WIDTH="7"/>
            <String CONTENT="we" HEIGHT="24" HPOS="1268" ID="ST_170.5.2.17" STYLEREFS="Style_3" VPOS="1961" WIDTH="51" WC="0.99" CC="00" TAGREFS=""/>
            <SP HPOS="1319" ID="SP_170.5.2.18" VPOS="1956" WIDTH="11"/>
            <String CONTENT="must" HEIGHT="29" HPOS="1330" ID="ST_170.5.2.19" STYLEREFS="Style_3" VPOS="1956" WIDTH="93" WC="0.99" CC="0000" TAGREFS=""/>
            <SP HPOS="1423" ID="SP_170.5.2.20" VPOS="1951" WIDTH="11"/>
            <String CONTENT="read" HEIGHT="34" HPOS="1434" ID="ST_170.5.2.21" STYLEREFS="Style_3" VPOS="1951" WIDTH="83" WC="0.94" CC="0000" TAGREFS=""/>
          </TextLine>
          <TextLine HEIGHT="48" HPOS="306" ID="TL_170.5.3" VPOS="1996" WIDTH="1210">
            <String CONTENT="our" HEIGHT="23" HPOS="306" ID="ST_170.5.3.1" STYLEREFS="Style_3" VPOS="2006" WIDTH="63" WC="1.00" CC="000" TAGREFS=""/>
            <SP HPOS="369" ID="SP_170.5.3.2" VPOS="1996" WIDTH="18"/>
            <String CONTENT="prior" HEIGHT="43" HPOS="387" ID="ST_170.5.3.3" STYLEREFS="Style_3" VPOS="1996" WIDTH="91" WC="0.98" CC="00000" TAGREFS=""/>
            <SP HPOS="478" ID="SP_170.5.3.4" VPOS="1996" WIDTH="19"/>
            <String CONTENT="opinion" HEIGHT="44" HPOS="497" ID="ST_170.5.3.5" STYLEREFS="Style_3" VPOS="1996" WIDTH="137" WC="0.89" CC="0000000" TAGREFS=""/>
            <SP HPOS="634" ID="SP_170.5.3.6" VPOS="2008" WIDTH="20"/>
            <String CONTENT="as" HEIGHT="23" HPOS="654" ID="ST_170.5.3.7" STYLEREFS="Style_3" VPOS="2008" WIDTH="37" WC="1.00" CC="00" TAGREFS=""/>
            <SP HPOS="691" ID="SP_170.5.3.8" VPOS="1997" WIDTH="19"/>
            <String CONTENT="does" HEIGHT="35" HPOS="710" ID="ST_170.5.3.9" STYLEREFS="Style_3" VPOS="1997" WIDTH="81" WC="1.00" CC="0000" TAGREFS=""/>
            <SP HPOS="791" ID="SP_170.5.3.10" VPOS="1998" WIDTH="19"/>
            <String CONTENT="the" HEIGHT="34" HPOS="810" ID="ST_170.5.3.11" STYLEREFS="Style_3" VPOS="1998" WIDTH="59" WC="0.87" CC="000" TAGREFS=""/>
            <SP HPOS="869" ID="SP_170.5.3.12" VPOS="1998" WIDTH="17"/>
            <String CONTENT="majority." HEIGHT="44" HPOS="886" ID="ST_170.5.3.13" STYLEREFS="Style_3" VPOS="1998" WIDTH="172" WC="0.99" CC="000000000" TAGREFS=""/>
            <SP HPOS="1058" ID="SP_170.5.3.14" VPOS="1999" WIDTH="20"/>
            <String CONTENT="The" HEIGHT="34" HPOS="1078" ID="ST_170.5.3.15" STYLEREFS="Style_3" VPOS="1999" WIDTH="75" WC="1.00" CC="000" TAGREFS=""/>
            <SP HPOS="1153" ID="SP_170.5.3.16" VPOS="2010" WIDTH="17"/>
            <String CONTENT="cases" HEIGHT="24" HPOS="1170" ID="ST_170.5.3.17" STYLEREFS="Style_3" VPOS="2010" WIDTH="96" WC="0.94" CC="00000" TAGREFS=""/>
            <SP HPOS="1266" ID="SP_170.5.3.18" VPOS="2000" WIDTH="19"/>
            <String CONTENT="cited" HEIGHT="35" HPOS="1285" ID="ST_170.5.3.19" STYLEREFS="Style_3" VPOS="2000" WIDTH="91" WC="0.97" CC="00000" TAGREFS=""/>
            <SP HPOS="1376" ID="SP_170.5.3.20" VPOS="2000" WIDTH="19"/>
            <String CONTENT="by" HEIGHT="44" HPOS="1395" ID="ST_170.5.3.21" STYLEREFS="Style_3" VPOS="2000" WIDTH="45" WC="0.69" CC="00" TAGREFS=""/>
            <SP HPOS="1440" ID="SP_170.5.3.22" VPOS="2001" WIDTH="18"/>
            <String CONTENT="the" HEIGHT="34" HPOS="1458" ID="ST_170.5.3.23" STYLEREFS="Style_3" VPOS="2001" WIDTH="58" WC="1.00" CC="000" TAGREFS=""/>
          </TextLine>
          <TextLine HEIGHT="47" HPOS="307" ID="TL_170.5.4" VPOS="2045" WIDTH="1209">
            <String CONTENT="majority" HEIGHT="44" HPOS="307" ID="ST_170.5.4.1" STYLEREFS="Style_3" VPOS="2045" WIDTH="161" WC="0.89" CC="00000000" TAGREFS=""/>
            <SP HPOS="468" ID="SP_170.5.4.2" VPOS="2046" WIDTH="10"/>
            <String CONTENT="place" HEIGHT="43" HPOS="478" ID="ST_170.5.4.3" STYLEREFS="Style_3" VPOS="2046" WIDTH="98" WC="1.00" CC="00000" TAGREFS=""/>
            <SP HPOS="576" ID="SP_170.5.4.4" VPOS="2047" WIDTH="8"/>
            <String CONTENT="Arkansas" HEIGHT="34" HPOS="584" ID="ST_170.5.4.5" STYLEREFS="Style_3" VPOS="2047" WIDTH="178" WC="0.93" CC="00000000" TAGREFS=""/>
            <SP HPOS="762" ID="SP_170.5.4.6" VPOS="2058" WIDTH="10"/>
            <String CONTENT="among" HEIGHT="33" HPOS="772" ID="ST_170.5.4.7" STYLEREFS="Style_3" VPOS="2058" WIDTH="127" WC="0.98" CC="00000" TAGREFS=""/>
            <SP HPOS="899" ID="SP_170.5.4.8" VPOS="2048" WIDTH="9"/>
            <String CONTENT="those" HEIGHT="34" HPOS="908" ID="ST_170.5.4.9" STYLEREFS="Style_3" VPOS="2048" WIDTH="98" WC="0.99" CC="00000" TAGREFS=""/>
            <SP HPOS="1006" ID="SP_170.5.4.10" VPOS="2048" WIDTH="5"/>
            <String CONTENT="jurisdictions" HEIGHT="44" HPOS="1011" ID="ST_170.5.4.11" STYLEREFS="Style_3" VPOS="2048" WIDTH="236" WC="0.94" CC="0000000000000" TAGREFS=""/>
            <SP HPOS="1247" ID="SP_170.5.4.12" VPOS="2049" WIDTH="9"/>
            <String CONTENT="which" HEIGHT="35" HPOS="1256" ID="ST_170.5.4.13" STYLEREFS="Style_3" VPOS="2049" WIDTH="112" WC="0.87" CC="00000" TAGREFS=""/>
            <SP HPOS="1368" ID="SP_170.5.4.14" VPOS="2061" WIDTH="10"/>
            <String CONTENT="seem" HEIGHT="23" HPOS="1378" ID="ST_170.5.4.15" STYLEREFS="Style_3" VPOS="2061" WIDTH="93" WC="1.00" CC="0000" TAGREFS=""/>
            <SP HPOS="1471" ID="SP_170.5.4.16" VPOS="2055" WIDTH="9"/>
            <String CONTENT="to" HEIGHT="30" HPOS="1480" ID="ST_170.5.4.17" STYLEREFS="Style_3" VPOS="2055" WIDTH="36" WC="1.00" CC="00" TAGREFS=""/>
          </TextLine>
          <TextLine HEIGHT="46" HPOS="306" ID="TL_170.5.5" VPOS="2094" WIDTH="1209">
            <String CONTENT="be" HEIGHT="35" HPOS="306" ID="ST_170.5.5.1" STYLEREFS="Style_3" VPOS="2094" WIDTH="43" WC="1.00" CC="00" TAGREFS=""/>
            <SP HPOS="349" ID="SP_170.5.5.2" VPOS="2095" WIDTH="15"/>
            <String CONTENT="hidebound" HEIGHT="35" HPOS="364" ID="ST_170.5.5.3" STYLEREFS="Style_3" VPOS="2095" WIDTH="197" WC="0.86" CC="000000000" TAGREFS=""/>
            <SP HPOS="561" ID="SP_170.5.5.4" VPOS="2096" WIDTH="17"/>
            <String CONTENT="in" HEIGHT="34" HPOS="578" ID="ST_170.5.5.5" STYLEREFS="Style_3" VPOS="2096" WIDTH="34" WC="0.69" CC="00" TAGREFS=""/>
            <SP HPOS="612" ID="SP_170.5.5.6" VPOS="2097" WIDTH="16"/>
            <String CONTENT="application" HEIGHT="43" HPOS="628" ID="ST_170.5.5.7" STYLEREFS="Style_3" VPOS="2097" WIDTH="210" WC="0.91" CC="00000000000" TAGREFS=""/>
            <SP HPOS="838" ID="SP_170.5.5.8" VPOS="2097" WIDTH="15"/>
            <String CONTENT="of" HEIGHT="34" HPOS="853" ID="ST_170.5.5.9" STYLEREFS="Style_3" VPOS="2097" WIDTH="40" WC="1.00" CC="00" TAGREFS=""/>
            <SP HPOS="893" ID="SP_170.5.5.10" VPOS="2098" WIDTH="13"/>
            <String CONTENT="law" HEIGHT="34" HPOS="906" ID="ST_170.5.5.11" STYLEREFS="Style_3" VPOS="2098" WIDTH="64" WC="1.00" CC="000" TAGREFS=""/>
            <SP HPOS="970" ID="SP_170.5.5.12" VPOS="2097" WIDTH="16"/>
            <String CONTENT="of" HEIGHT="35" HPOS="986" ID="ST_170.5.5.13" STYLEREFS="Style_3" VPOS="2097" WIDTH="39" WC="1.00" CC="00" TAGREFS=""/>
            <SP HPOS="1025" ID="SP_170.5.5.14" VPOS="2098" WIDTH="13"/>
            <String CONTENT="the" HEIGHT="35" HPOS="1038" ID="ST_170.5.5.15" STYLEREFS="Style_3" VPOS="2098" WIDTH="59" WC="1.00" CC="000" TAGREFS=""/>
            <SP HPOS="1097" ID="SP_170.5.5.16" VPOS="2109" WIDTH="15"/>
            <String CONTENT="case" HEIGHT="24" HPOS="1112" ID="ST_170.5.5.17" STYLEREFS="Style_3" VPOS="2109" WIDTH="79" WC="1.00" CC="0000" TAGREFS=""/>
            <SP HPOS="1191" ID="SP_170.5.5.18" VPOS="2110" WIDTH="15"/>
            <String CONTENT="even" HEIGHT="24" HPOS="1206" ID="ST_170.5.5.19" STYLEREFS="Style_3" VPOS="2110" WIDTH="84" WC="0.76" CC="0000" TAGREFS=""/>
            <SP HPOS="1290" ID="SP_170.5.5.20" VPOS="2099" WIDTH="16"/>
            <String CONTENT="if" HEIGHT="34" HPOS="1306" ID="ST_170.5.5.21" STYLEREFS="Style_3" VPOS="2099" WIDTH="30" WC="1.00" CC="00" TAGREFS=""/>
            <SP HPOS="1336" ID="SP_170.5.5.22" VPOS="2111" WIDTH="12"/>
            <String CONTENT="we" HEIGHT="23" HPOS="1348" ID="ST_170.5.5.23" STYLEREFS="Style_3" VPOS="2111" WIDTH="51" WC="1.00" CC="00" TAGREFS=""/>
            <SP HPOS="1399" ID="SP_170.5.5.24" VPOS="2100" WIDTH="14"/>
            <String CONTENT="could" HEIGHT="35" HPOS="1413" ID="ST_170.5.5.25" STYLEREFS="Style_3" VPOS="2100" WIDTH="102" WC="1.00" CC="00000" TAGREFS=""/>
          </TextLine>
          <TextLine HEIGHT="47" HPOS="306" ID="TL_170.5.6" VPOS="2146" WIDTH="1209">
            <String CONTENT="correct" HEIGHT="29" HPOS="306" ID="ST_170.5.6.1" STYLEREFS="Style_3" VPOS="2150" WIDTH="131" WC="1.00" CC="0000000" TAGREFS=""/>
            <SP HPOS="437" ID="SP_170.5.6.2" VPOS="2156" WIDTH="19"/>
            <String CONTENT="an" HEIGHT="23" HPOS="456" ID="ST_170.5.6.3" STYLEREFS="Style_3" VPOS="2156" WIDTH="44" WC="0.92" CC="00" TAGREFS=""/>
            <SP HPOS="500" ID="SP_170.5.6.4" VPOS="2156" WIDTH="20"/>
            <String CONTENT="error" HEIGHT="24" HPOS="520" ID="ST_170.5.6.5" STYLEREFS="Style_3" VPOS="2156" WIDTH="93" WC="1.00" CC="00000" TAGREFS=""/>
            <SP HPOS="613" ID="SP_170.5.6.6" VPOS="2146" WIDTH="18"/>
            <String CONTENT="without" HEIGHT="35" HPOS="631" ID="ST_170.5.6.7" STYLEREFS="Style_3" VPOS="2146" WIDTH="144" WC="0.93" CC="0000000" TAGREFS=""/>
            <SP HPOS="775" ID="SP_170.5.6.8" VPOS="2147" WIDTH="19"/>
            <String CONTENT="undue" HEIGHT="35" HPOS="794" ID="ST_170.5.6.9" STYLEREFS="Style_3" VPOS="2147" WIDTH="116" WC="0.97" CC="00000" TAGREFS=""/>
            <SP HPOS="910" ID="SP_170.5.6.10" VPOS="2147" WIDTH="18"/>
            <String CONTENT="prejudice" HEIGHT="44" HPOS="928" ID="ST_170.5.6.11" STYLEREFS="Style_3" VPOS="2147" WIDTH="176" WC="0.97" CC="000000000" TAGREFS=""/>
            <SP HPOS="1104" ID="SP_170.5.6.12" VPOS="2153" WIDTH="18"/>
            <String CONTENT="to" HEIGHT="30" HPOS="1122" ID="ST_170.5.6.13" STYLEREFS="Style_3" VPOS="2153" WIDTH="36" WC="1.00" CC="00" TAGREFS=""/>
            <SP HPOS="1158" ID="SP_170.5.6.14" VPOS="2159" WIDTH="18"/>
            <String CONTENT="any" HEIGHT="33" HPOS="1176" ID="ST_170.5.6.15" STYLEREFS="Style_3" VPOS="2159" WIDTH="68" WC="0.84" CC="000" TAGREFS=""/>
            <SP HPOS="1244" ID="SP_170.5.6.16" VPOS="2154" WIDTH="18"/>
            <String CONTENT="party." HEIGHT="39" HPOS="1262" ID="ST_170.5.6.17" STYLEREFS="Style_3" VPOS="2154" WIDTH="110" WC="0.94" CC="000000" TAGREFS=""/>
            <SP HPOS="1372" ID="SP_170.5.6.18" VPOS="2150" WIDTH="21"/>
            <String CONTENT="Yet" HEIGHT="34" HPOS="1393" ID="ST_170.5.6.19" STYLEREFS="Style_3" VPOS="2150" WIDTH="69" WC="1.00" CC="000" TAGREFS=""/>
            <SP HPOS="1462" ID="SP_170.5.6.20" VPOS="2150" WIDTH="18"/>
            <String CONTENT="in" HEIGHT="36" HPOS="1480" ID="ST_170.5.6.21" STYLEREFS="Style_3" VPOS="2150" WIDTH="35" WC="0.81" CC="00" TAGREFS=""/>
          </TextLine>
          <TextLine HEIGHT="47" HPOS="305" ID="TL_170.5.7" VPOS="2196" WIDTH="1211">
            <String CONTENT="Ferguson" HEIGHT="43" HPOS="305" ID="ST_170.5.7.1" STYLEREFS="Style_4" VPOS="2196" WIDTH="178" WC="0.92" CC="00000000" TAGREFS=""/>
            <SP HPOS="483" ID="SP_170.5.7.2" VPOS="2207" WIDTH="19"/>
            <String CONTENT="v." HEIGHT="23" HPOS="502" ID="ST_170.5.7.3" STYLEREFS="Style_3" VPOS="2207" WIDTH="30" WC="0.95" CC="00" TAGREFS=""/>
            <SP HPOS="532" ID="SP_170.5.7.4" VPOS="2196" WIDTH="22"/>
            <String CONTENT="Green," HEIGHT="41" HPOS="554" ID="ST_170.5.7.5" STYLEREFS="Style_4" VPOS="2196" WIDTH="120" WC="0.93" CC="000000" TAGREFS=""/>
            <SP HPOS="674" ID="SP_170.5.7.6" VPOS="2197" WIDTH="22"/>
            <String CONTENT="266" HEIGHT="34" HPOS="696" ID="ST_170.5.7.7" STYLEREFS="Style_3" VPOS="2197" WIDTH="67" WC="1.00" CC="000" TAGREFS=""/>
            <SP HPOS="763" ID="SP_170.5.7.8" VPOS="2197" WIDTH="20"/>
            <String CONTENT="Ark." HEIGHT="35" HPOS="783" ID="ST_170.5.7.9" STYLEREFS="Style_3" VPOS="2197" WIDTH="85" WC="0.98" CC="0000" TAGREFS=""/>
            <SP HPOS="868" ID="SP_170.5.7.10" VPOS="2198" WIDTH="22"/>
            <String CONTENT="556," HEIGHT="41" HPOS="890" ID="ST_170.5.7.11" STYLEREFS="Style_3" VPOS="2198" WIDTH="78" WC="1.00" CC="0000" TAGREFS=""/>
            <SP HPOS="968" ID="SP_170.5.7.12" VPOS="2199" WIDTH="23"/>
            <String CONTENT="587" HEIGHT="34" HPOS="991" ID="ST_170.5.7.13" STYLEREFS="Style_3" VPOS="2199" WIDTH="66" WC="0.98" CC="000" TAGREFS=""/>
            <SP HPOS="1057" ID="SP_170.5.7.14" VPOS="2198" WIDTH="21"/>
            <String CONTENT="S.W.2d" HEIGHT="35" HPOS="1078" ID="ST_170.5.7.15" STYLEREFS="Style_3" VPOS="2198" WIDTH="143" WC="0.97" CC="000000" TAGREFS=""/>
            <SP HPOS="1221" ID="SP_170.5.7.16" VPOS="2200" WIDTH="24"/>
            <String CONTENT="18" HEIGHT="33" HPOS="1245" ID="ST_170.5.7.17" STYLEREFS="Style_3" VPOS="2200" WIDTH="38" WC="0.73" CC="00" TAGREFS=""/>
            <SP HPOS="1283" ID="SP_170.5.7.18" VPOS="2198" WIDTH="24"/>
            <String CONTENT="(1979)," HEIGHT="45" HPOS="1307" ID="ST_170.5.7.19" STYLEREFS="Style_3" VPOS="2198" WIDTH="137" WC="1.00" CC="0000000" TAGREFS=""/>
            <SP HPOS="1444" ID="SP_170.5.7.20" VPOS="2211" WIDTH="21"/>
            <String CONTENT="we" HEIGHT="24" HPOS="1465" ID="ST_170.5.7.21" STYLEREFS="Style_3" VPOS="2211" WIDTH="51" WC="1.00" CC="00" TAGREFS=""/>
          </TextLine>
          <TextLine HEIGHT="47" HPOS="305" ID="TL_170.5.8" VPOS="2245" WIDTH="1209">
            <String CONTENT="allowed" HEIGHT="35" HPOS="305" ID="ST_170.5.8.1" STYLEREFS="Style_3" VPOS="2245" WIDTH="143" WC="1.00" CC="0000000" TAGREFS=""/>
            <SP HPOS="448" ID="SP_170.5.8.2" VPOS="2246" WIDTH="10"/>
            <String CONTENT="ourselves" HEIGHT="35" HPOS="458" ID="ST_170.5.8.3" STYLEREFS="Style_3" VPOS="2246" WIDTH="170" WC="0.95" CC="000000000" TAGREFS=""/>
            <SP HPOS="628" ID="SP_170.5.8.4" VPOS="2246" WIDTH="9"/>
            <String CONTENT="the" HEIGHT="35" HPOS="637" ID="ST_170.5.8.5" STYLEREFS="Style_3" VPOS="2246" WIDTH="59" WC="1.00" CC="000" TAGREFS=""/>
            <SP HPOS="696" ID="SP_170.5.8.6" VPOS="2247" WIDTH="9"/>
            <String CONTENT="luxury" HEIGHT="44" HPOS="705" ID="ST_170.5.8.7" STYLEREFS="Style_3" VPOS="2247" WIDTH="123" WC="0.90" CC="000000" TAGREFS=""/>
            <SP HPOS="828" ID="SP_170.5.8.8" VPOS="2247" WIDTH="8"/>
            <String CONTENT="of" HEIGHT="36" HPOS="836" ID="ST_170.5.8.9" STYLEREFS="Style_3" VPOS="2247" WIDTH="40" WC="0.99" CC="00" TAGREFS=""/>
            <SP HPOS="876" ID="SP_170.5.8.10" VPOS="2248" WIDTH="5"/>
            <String CONTENT="correcting" HEIGHT="44" HPOS="881" ID="ST_170.5.8.11" STYLEREFS="Style_3" VPOS="2248" WIDTH="192" WC="0.93" CC="0000000000" TAGREFS=""/>
            <SP HPOS="1073" ID="SP_170.5.8.12" VPOS="2260" WIDTH="10"/>
            <String CONTENT="an" HEIGHT="23" HPOS="1083" ID="ST_170.5.8.13" STYLEREFS="Style_3" VPOS="2260" WIDTH="44" WC="0.86" CC="00" TAGREFS=""/>
            <SP HPOS="1127" ID="SP_170.5.8.14" VPOS="2249" WIDTH="9"/>
            <String CONTENT="arithmetical" HEIGHT="35" HPOS="1136" ID="ST_170.5.8.15" STYLEREFS="Style_3" VPOS="2249" WIDTH="232" WC="0.95" CC="000000000000" TAGREFS=""/>
            <SP HPOS="1368" ID="SP_170.5.8.16" VPOS="2261" WIDTH="9"/>
            <String CONTENT="error" HEIGHT="24" HPOS="1377" ID="ST_170.5.8.17" STYLEREFS="Style_3" VPOS="2261" WIDTH="94" WC="0.93" CC="00000" TAGREFS=""/>
            <SP HPOS="1471" ID="SP_170.5.8.18" VPOS="2250" WIDTH="8"/>
            <String CONTENT="in" HEIGHT="35" HPOS="1479" ID="ST_170.5.8.19" STYLEREFS="Style_3" VPOS="2250" WIDTH="35" WC="0.66" CC="00" TAGREFS=""/>
          </TextLine>
          <TextLine HEIGHT="44" HPOS="305" ID="TL_170.5.9" VPOS="2295" WIDTH="1209">
            <String CONTENT="a" HEIGHT="23" HPOS="305" ID="ST_170.5.9.1" STYLEREFS="Style_3" VPOS="2306" WIDTH="20" WC="1.00" CC="0" TAGREFS=""/>
            <SP HPOS="325" ID="SP_170.5.9.2" VPOS="2295" WIDTH="12"/>
            <String CONTENT="former" HEIGHT="34" HPOS="337" ID="ST_170.5.9.3" STYLEREFS="Style_3" VPOS="2295" WIDTH="129" WC="1.00" CC="000000" TAGREFS=""/>
            <SP HPOS="466" ID="SP_170.5.9.4" VPOS="2296" WIDTH="12"/>
            <String CONTENT="appeal" HEIGHT="43" HPOS="478" ID="ST_170.5.9.5" STYLEREFS="Style_3" VPOS="2296" WIDTH="123" WC="1.00" CC="000000" TAGREFS=""/>
            <SP HPOS="601" ID="SP_170.5.9.6" VPOS="2296" WIDTH="12"/>
            <String CONTENT="in" HEIGHT="35" HPOS="613" ID="ST_170.5.9.7" STYLEREFS="Style_3" VPOS="2296" WIDTH="35" WC="0.81" CC="00" TAGREFS=""/>
            <SP HPOS="648" ID="SP_170.5.9.8" VPOS="2297" WIDTH="12"/>
            <String CONTENT="the" HEIGHT="34" HPOS="660" ID="ST_170.5.9.9" STYLEREFS="Style_3" VPOS="2297" WIDTH="59" WC="0.88" CC="000" TAGREFS=""/>
            <SP HPOS="719" ID="SP_170.5.9.10" VPOS="2308" WIDTH="11"/>
            <String CONTENT="same" HEIGHT="24" HPOS="730" ID="ST_170.5.9.11" STYLEREFS="Style_3" VPOS="2308" WIDTH="97" WC="1.00" CC="0000" TAGREFS=""/>
            <SP HPOS="827" ID="SP_170.5.9.12" VPOS="2308" WIDTH="11"/>
            <String CONTENT="case." HEIGHT="24" HPOS="838" ID="ST_170.5.9.13" STYLEREFS="Style_3" VPOS="2308" WIDTH="89" WC="1.00" CC="00000" TAGREFS=""/>
            <SP HPOS="927" ID="SP_170.5.9.14" VPOS="2299" WIDTH="14"/>
            <String CONTENT="We" HEIGHT="33" HPOS="941" ID="ST_170.5.9.15" STYLEREFS="Style_3" VPOS="2299" WIDTH="65" WC="1.00" CC="00" TAGREFS=""/>
            <SP HPOS="1006" ID="SP_170.5.9.16" VPOS="2310" WIDTH="11"/>
            <String CONTENT="were" HEIGHT="23" HPOS="1017" ID="ST_170.5.9.17" STYLEREFS="Style_3" VPOS="2310" WIDTH="90" WC="0.98" CC="0000" TAGREFS=""/>
            <SP HPOS="1107" ID="SP_170.5.9.18" VPOS="2304" WIDTH="11"/>
            <String CONTENT="too" HEIGHT="29" HPOS="1118" ID="ST_170.5.9.19" STYLEREFS="Style_3" VPOS="2304" WIDTH="57" WC="1.00" CC="000" TAGREFS=""/>
            <SP HPOS="1175" ID="SP_170.5.9.20" VPOS="2299" WIDTH="12"/>
            <String CONTENT="bashful" HEIGHT="35" HPOS="1187" ID="ST_170.5.9.21" STYLEREFS="Style_3" VPOS="2299" WIDTH="139" WC="0.96" CC="0000000" TAGREFS=""/>
            <SP HPOS="1326" ID="SP_170.5.9.22" VPOS="2305" WIDTH="12"/>
            <String CONTENT="to" HEIGHT="29" HPOS="1338" ID="ST_170.5.9.23" STYLEREFS="Style_3" VPOS="2305" WIDTH="35" WC="1.00" CC="00" TAGREFS=""/>
            <SP HPOS="1373" ID="SP_170.5.9.24" VPOS="2300" WIDTH="12"/>
            <String CONTENT="do" HEIGHT="35" HPOS="1385" ID="ST_170.5.9.25" STYLEREFS="Style_3" VPOS="2300" WIDTH="44" WC="1.00" CC="00" TAGREFS=""/>
            <SP HPOS="1429" ID="SP_170.5.9.26" VPOS="2300" WIDTH="12"/>
            <String CONTENT="it" HEIGHT="35" HPOS="1441" ID="ST_170.5.9.27" STYLEREFS="Style_3" VPOS="2300" WIDTH="27" WC="1.00" CC="00" TAGREFS=""/>
            <SP HPOS="1468" ID="SP_170.5.9.28" VPOS="2300" WIDTH="11"/>
            <String CONTENT="in" HEIGHT="35" HPOS="1479" ID="ST_170.5.9.29" STYLEREFS="Style_3" VPOS="2300" WIDTH="35" WC="0.65" CC="00" TAGREFS=""/>
          </TextLine>
          <TextLine HEIGHT="46" HPOS="304" ID="TL_170.5.10" VPOS="2344" WIDTH="1210">
            <String CONTENT="the" HEIGHT="34" HPOS="304" ID="ST_170.5.10.1" STYLEREFS="Style_3" VPOS="2344" WIDTH="59" WC="0.97" CC="000" TAGREFS=""/>
            <SP HPOS="363" ID="SP_170.5.10.2" VPOS="2350" WIDTH="22"/>
            <String CONTENT="text" HEIGHT="29" HPOS="385" ID="ST_170.5.10.3" STYLEREFS="Style_3" VPOS="2350" WIDTH="71" WC="1.00" CC="0000" TAGREFS=""/>
            <SP HPOS="456" ID="SP_170.5.10.4" VPOS="2345" WIDTH="22"/>
            <String CONTENT="of" HEIGHT="34" HPOS="478" ID="ST_170.5.10.5" STYLEREFS="Style_3" VPOS="2345" WIDTH="39" WC="1.00" CC="00" TAGREFS=""/>
            <SP HPOS="517" ID="SP_170.5.10.6" VPOS="2346" WIDTH="19"/>
            <String CONTENT="the" HEIGHT="34" HPOS="536" ID="ST_170.5.10.7" STYLEREFS="Style_3" VPOS="2346" WIDTH="58" WC="1.00" CC="000" TAGREFS=""/>
            <SP HPOS="594" ID="SP_170.5.10.8" VPOS="2347" WIDTH="22"/>
            <String CONTENT="opinion," HEIGHT="43" HPOS="616" ID="ST_170.5.10.9" STYLEREFS="Style_3" VPOS="2347" WIDTH="149" WC="0.98" CC="00000000" TAGREFS=""/>
            <SP HPOS="765" ID="SP_170.5.10.10" VPOS="2347" WIDTH="23"/>
            <String CONTENT="but" HEIGHT="34" HPOS="788" ID="ST_170.5.10.11" STYLEREFS="Style_3" VPOS="2347" WIDTH="62" WC="0.98" CC="000" TAGREFS=""/>
            <SP HPOS="850" ID="SP_170.5.10.12" VPOS="2359" WIDTH="22"/>
            <String CONTENT="we" HEIGHT="23" HPOS="872" ID="ST_170.5.10.13" STYLEREFS="Style_3" VPOS="2359" WIDTH="51" WC="1.00" CC="00" TAGREFS=""/>
            <SP HPOS="923" ID="SP_170.5.10.14" VPOS="2348" WIDTH="21"/>
            <String CONTENT="corrected" HEIGHT="35" HPOS="944" ID="ST_170.5.10.15" STYLEREFS="Style_3" VPOS="2348" WIDTH="176" WC="0.99" CC="000000000" TAGREFS=""/>
            <SP HPOS="1120" ID="SP_170.5.10.16" VPOS="2359" WIDTH="22"/>
            <String CONTENT="our" HEIGHT="24" HPOS="1142" ID="ST_170.5.10.17" STYLEREFS="Style_3" VPOS="2359" WIDTH="63" WC="0.93" CC="000" TAGREFS=""/>
            <SP HPOS="1205" ID="SP_170.5.10.18" VPOS="2360" WIDTH="22"/>
            <String CONTENT="error" HEIGHT="24" HPOS="1227" ID="ST_170.5.10.19" STYLEREFS="Style_3" VPOS="2360" WIDTH="93" WC="0.94" CC="00000" TAGREFS=""/>
            <SP HPOS="1320" ID="SP_170.5.10.20" VPOS="2350" WIDTH="21"/>
            <String CONTENT="with" HEIGHT="34" HPOS="1341" ID="ST_170.5.10.21" STYLEREFS="Style_3" VPOS="2350" WIDTH="83" WC="0.95" CC="0000" TAGREFS=""/>
            <SP HPOS="1424" ID="SP_170.5.10.22" VPOS="2350" WIDTH="22"/>
            <String CONTENT="this" HEIGHT="35" HPOS="1446" ID="ST_170.5.10.23" STYLEREFS="Style_3" VPOS="2350" WIDTH="68" WC="0.94" CC="0000" TAGREFS=""/>
          </TextLine>
          <TextLine HEIGHT="35" HPOS="304" ID="TL_170.5.11" VPOS="2394" WIDTH="164">
            <String CONTENT="footnote:" HEIGHT="35" HPOS="304" ID="ST_170.5.11.1" STYLEREFS="Style_3" VPOS="2394" WIDTH="164" WC="0.95" CC="000000000" TAGREFS=""/>
          </TextLine>
        </TextBlock>
      </PrintSpace>
    </Page>
  </Layout>
</alto>
