1648 2680
301 391 154 34 children
476 390 175 43 generally
672 400 70 24 was
763 390 152 33 relevant
936 394 35 29 to
993 389 136 43 explain
1150 389 59 34 the
1229 388 149 34 conduct
1399 387 38 35 of
1455 388 59 34 the

301 440 134 44 alleged
460 440 135 34 victims
622 440 34 34 in
682 440 68 33 this
775 450 80 23 case
881 438 176 43 including
1083 438 89 34 their
1197 438 255 43 unwillingness
1478 443 35 29 to

301 491 131 34 discuss
454 491 25 33 it
500 490 86 34 until
607 489 91 35 after
718 489 88 34 their
827 489 115 34 father
962 488 69 35 and
1051 488 135 34 mother
1206 487 193 44 separated.

300 252 68 33 406

485 600 50 33 As
552 604 35 29 to
603 599 61 34 her
680 598 254 44 qualifications
950 602 35 30 to
1001 597 129 44 testify,
1147 608 51 23 we
1213 596 87 35 need
1316 597 80 43 only
1411 607 61 33 say
1488 596 26 34 it

301 660 70 23 was
392 654 168 38 apparent
580 649 76 34 that
677 649 70 33 Ms.
769 648 231 43 McKinney’s
1020 647 184 34 education
1225 646 68 35 and
1314 646 201 44 experience

301 699 83 33 with
400 703 133 38 respect
550 703 35 29 to
600 698 93 34 child
709 698 107 33 abuse
831 708 90 23 were
936 702 136 37 greater
1087 697 85 34 than
1188 697 99 33 those
1301 696 40 34 of
1353 696 161 43 ordinary

302 758 151 33 persons,
474 747 142 35 Dildine
635 758 30 23 v.
689 746 110 35 Clark
818 748 214 41 Equipment
1054 747 73 39 Co.,
1149 746 68 33 282
1237 746 85 33 Ark.
1348 746 75 39 130,
1445 745 66 34 666

302 797 143 35 S.W.2d
469 798 68 33 692
562 796 137 44 (1984),
723 796 68 35 and
815 796 61 34 her
898 796 186 43 testimony
1106 795 107 34 about
1235 794 93 35 child
1351 795 107 34 abuse
1480 794 34 34 in

302 848 139 43 general
461 858 70 24 was
552 847 79 34 thus
652 846 209 35 admissible.
882 846 69 34 See
970 846 133 34 U.R.E.
1126 846 78 33 702.

636 967 30 33 5.
688 964 305 44 Attorney-Client
1012 964 171 44 Privilege

393 1076 75 33 The
483 1075 135 34 mother
633 1075 39 34 of
685 1075 59 34 the
759 1074 165 41 children,
942 1075 87 33 Mrs.
1046 1075 143 42 Poyner,
1206 1073 148 35 testified
1371 1073 60 34 she
1446 1073 69 34 had

303 1130 59 29 not
377 1125 86 34 been
479 1124 105 35 asked
600 1124 44 44 by
659 1135 134 33 anyone
807 1129 36 29 to
857 1134 147 33 arrange
1017 1123 175 35 visitation
1207 1123 45 43 by
1266 1123 59 34 the
1339 1123 177 44 appellant

303 1174 82 35 with
396 1174 59 35 the
465 1174 154 34 children
631 1174 90 34 after
732 1174 58 34 the
801 1173 206 44 separation.
1019 1173 74 35 The
1103 1173 190 34 defendant
1303 1172 111 35 called
1426 1173 87 34 Mrs.

303 1224 161 43 Poyner’s
483 1229 159 38 attorney
660 1229 35 29 to
713 1223 59 35 the
790 1223 102 34 stand
911 1223 68 34 and
998 1223 105 34 asked
1122 1223 73 34 him
1213 1222 153 34 whether
1384 1222 44 34 he
1446 1222 69 34 had

303 1273 192 44 attempted
511 1278 35 29 to
561 1283 147 33 arrange
723 1273 59 34 the
795 1273 175 34 visitation
984 1273 83 33 with
1082 1272 71 34 her.
1169 1272 75 34 The
1258 1276 98 30 court
1371 1271 144 34 allowed

303 1323 59 34 the
380 1328 158 38 attorney
556 1328 35 29 to
609 1322 134 34 decline
760 1327 35 29 to
813 1332 133 24 answer
963 1333 44 23 on
1025 1322 59 34 the
1102 1322 91 33 basis
1211 1321 39 34 of
1265 1322 60 33 the
1342 1326 173 38 attorney-

303 1372 104 34 client
431 1372 172 43 privilege.
629 1372 75 33 The
727 1372 176 43 appellant
927 1382 123 32 argues
1075 1371 76 34 that
1176 1371 88 34 Mrs.
1289 1371 143 42 Poyner,
1457 1370 59 34 the

303 1422 115 40 client,
437 1421 69 34 had
525 1421 193 43 effectively
736 1420 131 35 waived
885 1421 59 34 the
962 1420 163 44 privilege
1143 1420 99 34 when
1260 1420 62 34 she
1339 1419 176 35 answered

303 1471 76 35 that
400 1482 43 24 no
463 1482 65 23 one
548 1470 69 35 had
638 1470 192 44 attempted
850 1475 36 29 to
906 1475 51 29 set
977 1480 47 34 up
1044 1470 59 34 the
1121 1470 186 34 visitation.

488 1581 65 33 We
578 1591 103 32 agree
705 1580 82 34 with
812 1580 60 34 the
896 1579 205 44 appellant’s
1126 1579 144 35 citation
1295 1584 36 29 to
1354 1579 106 34 Sikes
1483 1590 30 23 v.

302 1631 138 42 Segers,
451 1631 68 33 266
529 1630 85 34 Ark.
625 1630 157 40 654, 587
793 1629 143 35 S.W.2d
948 1630 66 34 554
1026 1628 138 43 (1979),
1175 1628 54 35 for
1237 1629 60 34 the
1306 1629 209 43 proposition

303 1680 77 34 that
405 1680 59 34 the
490 1680 163 43 privilege
678 1679 141 43 belongs
845 1684 36 29 to
906 1679 59 34 the
990 1679 116 40 client,
1133 1678 68 35 and
1228 1679 59 34 the
1312 1678 142 35 citation
1480 1683 35 29 to

303 1731 180 33 Firestone
497 1731 77 32 Tire
587 1730 31 33 &
630 1728 144 35 Rubber
785 1730 60 33 Co.
856 1740 30 23 v.
898 1728 116 41 Little,
1027 1729 67 33 276
1105 1728 85 34 Ark.
1204 1729 157 40 511, 639
1373 1727 142 35 S.W.2d

304 1779 67 34 726
399 1778 137 44 (1982),
561 1783 36 30 to
621 1779 59 34 the
704 1779 103 34 effect
831 1779 77 34 that
932 1778 59 34 the
1015 1778 163 44 privilege
1202 1789 81 32 may
1307 1778 43 34 be
1374 1777 140 35 waived.

304 1830 179 39 However,
502 1829 59 34 the
579 1829 176 43 appellant
772 1828 85 35 cites
875 1839 44 23 no
937 1828 177 43 authority
1131 1828 173 34 whatever
1322 1832 35 30 to
1375 1827 140 35 demon­

303 1884 108 29 strate
423 1879 25 34 it
460 1890 69 23 was
542 1878 130 35 waived
685 1879 34 34 in
731 1878 68 35 this
810 1889 90 24 case.
915 1879 39 34 In
965 1880 181 32 Firestone
1161 1879 78 33 Tire
1253 1879 31 33 &
1297 1877 144 35 Rubber
1453 1878 60 34 Co.

302 1940 31 23 v.
346 1929 114 39 Little,
474 1940 119 32 supra,
605 1928 60 35 the
676 1928 163 44 privilege
849 1939 70 23 was
931 1927 131 35 waived
1073 1928 100 34 when
1185 1939 20 23 a
1217 1927 187 43 damaging
1416 1927 100 34 letter

303 1978 91 35 from
410 1989 20 23 a
448 1978 176 34 Firestone
639 1978 126 43 lawyer
780 1989 70 23 was
867 1977 144 35 allowed
1027 1983 35 29 to
1078 1977 62 35 fall
1156 1977 72 35 into
1244 1977 59 34 the
1318 1977 110 34 hands
1443 1976 39 35 of
1495 1988 20 23 a

303 2028 148 34 witness.
464 2029 65 33 We
539 2028 80 34 held
629 2028 77 34 that
716 2028 131 34 waived
858 2028 60 34 the
928 2028 163 43 privilege
1101 2027 112 34 which
1224 2027 180 34 otherwise
1414 2026 102 35 could

304 2078 86 34 have
402 2078 86 34 been
500 2077 153 35 asserted
665 2077 45 43 by
722 2077 186 34 Firestone.
921 2077 59 34 No
991 2077 223 43 comparable
1224 2076 90 35 facts
1326 2076 86 34 exist
1423 2076 91 34 here.

304 2128 65 33 We
388 2127 71 34 find
479 2127 133 34 neither
631 2127 176 43 authority
826 2137 62 24 nor
907 2126 203 43 convincing
1129 2131 184 38 argument
1332 2126 75 34 that
1426 2126 88 34 Mrs.

303 2178 133 42 Poyner
448 2176 131 35 waived
592 2177 59 34 the
663 2176 280 44 attorney-client
955 2176 164 44 privilege
1131 2176 45 43 by
1188 2175 125 44 simply
1325 2175 191 43 answering

304 2238 20 23 a
342 2227 158 43 question
518 2227 106 34 about
642 2226 153 35 whether
813 2226 61 35 she
891 2226 69 34 had
978 2226 87 34 been
1083 2225 220 45 approached
1321 2225 44 44 by
1383 2236 134 33 anyone

304 2277 106 34 about
429 2276 186 35 visitation.

394 2385 180 35 Affirmed.
