<?xml version='1.0' encoding='utf-8'?>
<alto xmlns="http://www.loc.gov/standards/alto/ns-v3#">
  <!--Created by Innodata R.E.D. RLI tool: 2017-04-25 06:27:36.171030-->
  <Description>
    <MeasurementUnit>pixel</MeasurementUnit>
    <sourceImageInformation>
      <fileName>32044078577194_00279_1.tif</fileName>
    </sourceImageInformation>
    <OCRProcessing ID="OP_1">
      <ocrProcessingStep>
        <processingStepDescription>Alto coordinates refer to the deskewed TIFF file. 
		To convert point (x, y) to original image (TIFF or JP2) apply transformation matrix T=(m00, m01, m10, m11, b0, b1) using the rule:
			T * (x,y) = (m00 * x + m01 * y + b0), (m10 * x + m11 * y + b1)</processingStepDescription>
        <processingStepSettings>RED.transform=(0.9999500004166653, 0.009999833334166664, -0.009999833334166664, 0.9999500004166653, -26.400000000000023, 0.20000000000004547)</processingStepSettings>
      </ocrProcessingStep>
    </OCRProcessing>
  </Description>
  <Styles>
    <TextStyle FONTFAMILY="Times New Roman" FONTSIZE="10.50" FONTTYPE="serif" FONTWIDTH="proportional" ID="Style_3"/>
    <TextStyle FONTFAMILY="Times New Roman" FONTSIZE="11.00" FONTSTYLE="italics" FONTTYPE="serif" FONTWIDTH="proportional" ID="Style_4"/>
  </Styles>
  <Tags>
    <StructureTag ID="b557-9" LABEL="p"/>
    <StructureTag ID="b558-1" LABEL="pagelabel"/>
    <StructureTag ID="b558-6" LABEL="p"/>
    <StructureTag ID="b558-7" LABEL="p"/>
    <StructureTag ID="b558-8" LABEL="p"/>
    </Tags>
  <Layout>
    <Page HEIGHT="2696" ID="PG_558" PHYSICAL_IMG_NR="558" WIDTH="1666">
      <PrintSpace HEIGHT="2696" HPOS="0" ID="PS_558" VPOS="0" WIDTH="1666">
        <TextBlock HEIGHT="1090.0" HPOS="291.0" ID="BL_558.1" TAGREFS="b557-9" VPOS="386.0" WIDTH="1214.0">
          <TextLine HEIGHT="49" HPOS="293" ID="TL_558.1.1" VPOS="386" WIDTH="1209">
            <String CONTENT="guilty" HEIGHT="44" HPOS="293" ID="ST_558.1.1.1" STYLEREFS="Style_3" VPOS="391" WIDTH="109" WC="1.00" CC="000000" TAGREFS=""/>
            <SP HPOS="402" ID="SP_558.1.1.2" VPOS="390" WIDTH="17"/>
            <String CONTENT="plea" HEIGHT="45" HPOS="419" ID="ST_558.1.1.3" STYLEREFS="Style_3" VPOS="390" WIDTH="76" WC="1.00" CC="0000" TAGREFS=""/>
            <SP HPOS="495" ID="SP_558.1.1.4" VPOS="390" WIDTH="17"/>
            <String CONTENT="hearing" HEIGHT="43" HPOS="512" ID="ST_558.1.1.5" STYLEREFS="Style_3" VPOS="390" WIDTH="143" WC="0.89" CC="0000000" TAGREFS=""/>
            <SP HPOS="655" ID="SP_558.1.1.6" VPOS="389" WIDTH="17"/>
            <String CONTENT="and" HEIGHT="36" HPOS="672" ID="ST_558.1.1.7" STYLEREFS="Style_3" VPOS="389" WIDTH="68" WC="0.95" CC="000" TAGREFS=""/>
            <SP HPOS="740" ID="SP_558.1.1.8" VPOS="389" WIDTH="17"/>
            <String CONTENT="that" HEIGHT="35" HPOS="757" ID="ST_558.1.1.9" STYLEREFS="Style_3" VPOS="389" WIDTH="77" WC="0.92" CC="0000" TAGREFS=""/>
            <SP HPOS="834" ID="SP_558.1.1.10" VPOS="389" WIDTH="16"/>
            <String CONTENT="the" HEIGHT="35" HPOS="850" ID="ST_558.1.1.11" STYLEREFS="Style_3" VPOS="389" WIDTH="59" WC="1.00" CC="000" TAGREFS=""/>
            <SP HPOS="909" ID="SP_558.1.1.12" VPOS="393" WIDTH="16"/>
            <String CONTENT="state" HEIGHT="31" HPOS="925" ID="ST_558.1.1.13" STYLEREFS="Style_3" VPOS="393" WIDTH="90" WC="1.00" CC="00000" TAGREFS=""/>
            <SP HPOS="1015" ID="SP_558.1.1.14" VPOS="387" WIDTH="16"/>
            <String CONTENT="should" HEIGHT="36" HPOS="1031" ID="ST_558.1.1.15" STYLEREFS="Style_3" VPOS="387" WIDTH="123" WC="0.83" CC="000000" TAGREFS=""/>
            <SP HPOS="1154" ID="SP_558.1.1.16" VPOS="387" WIDTH="17"/>
            <String CONTENT="be" HEIGHT="36" HPOS="1171" ID="ST_558.1.1.17" STYLEREFS="Style_3" VPOS="387" WIDTH="43" WC="1.00" CC="00" TAGREFS=""/>
            <SP HPOS="1214" ID="SP_558.1.1.18" VPOS="386" WIDTH="17"/>
            <String CONTENT="estopped" HEIGHT="46" HPOS="1231" ID="ST_558.1.1.19" STYLEREFS="Style_3" VPOS="386" WIDTH="163" WC="0.90" CC="00000000" TAGREFS=""/>
            <SP HPOS="1394" ID="SP_558.1.1.20" VPOS="387" WIDTH="18"/>
            <String CONTENT="from" HEIGHT="35" HPOS="1412" ID="ST_558.1.1.21" STYLEREFS="Style_3" VPOS="387" WIDTH="90" WC="0.82" CC="0000" TAGREFS=""/>
          </TextLine>
          <TextLine HEIGHT="48" HPOS="293" ID="TL_558.1.2" VPOS="437" WIDTH="1209">
            <String CONTENT="charging" HEIGHT="43" HPOS="293" ID="ST_558.1.2.1" STYLEREFS="Style_3" VPOS="442" WIDTH="166" WC="0.97" CC="00000000" TAGREFS=""/>
            <SP HPOS="459" ID="SP_558.1.2.2" VPOS="441" WIDTH="12"/>
            <String CONTENT="perjury" HEIGHT="44" HPOS="471" ID="ST_558.1.2.3" STYLEREFS="Style_3" VPOS="441" WIDTH="138" WC="0.96" CC="0000000" TAGREFS=""/>
            <SP HPOS="609" ID="SP_558.1.2.4" VPOS="441" WIDTH="11"/>
            <String CONTENT="in" HEIGHT="34" HPOS="620" ID="ST_558.1.2.5" STYLEREFS="Style_3" VPOS="441" WIDTH="34" WC="1.00" CC="00" TAGREFS=""/>
            <SP HPOS="654" ID="SP_558.1.2.6" VPOS="441" WIDTH="12"/>
            <String CONTENT="the" HEIGHT="34" HPOS="666" ID="ST_558.1.2.7" STYLEREFS="Style_3" VPOS="441" WIDTH="59" WC="1.00" CC="000" TAGREFS=""/>
            <SP HPOS="725" ID="SP_558.1.2.8" VPOS="440" WIDTH="11"/>
            <String CONTENT="disjunctive" HEIGHT="44" HPOS="736" ID="ST_558.1.2.9" STYLEREFS="Style_3" VPOS="440" WIDTH="204" WC="0.96" CC="00000000000" TAGREFS=""/>
            <SP HPOS="940" ID="SP_558.1.2.10" VPOS="440" WIDTH="11"/>
            <String CONTENT="where" HEIGHT="34" HPOS="951" ID="ST_558.1.2.11" STYLEREFS="Style_3" VPOS="440" WIDTH="113" WC="1.00" CC="00000" TAGREFS=""/>
            <SP HPOS="1064" ID="SP_558.1.2.12" VPOS="439" WIDTH="11"/>
            <String CONTENT="the" HEIGHT="35" HPOS="1075" ID="ST_558.1.2.13" STYLEREFS="Style_3" VPOS="439" WIDTH="59" WC="0.78" CC="000" TAGREFS=""/>
            <SP HPOS="1134" ID="SP_558.1.2.14" VPOS="438" WIDTH="8"/>
            <String CONTENT="jury" HEIGHT="45" HPOS="1142" ID="ST_558.1.2.15" STYLEREFS="Style_3" VPOS="438" WIDTH="80" WC="0.92" CC="0000" TAGREFS=""/>
            <SP HPOS="1222" ID="SP_558.1.2.16" VPOS="438" WIDTH="11"/>
            <String CONTENT="is" HEIGHT="35" HPOS="1233" ID="ST_558.1.2.17" STYLEREFS="Style_3" VPOS="438" WIDTH="28" WC="1.00" CC="00" TAGREFS=""/>
            <SP HPOS="1261" ID="SP_558.1.2.18" VPOS="443" WIDTH="12"/>
            <String CONTENT="not" HEIGHT="30" HPOS="1273" ID="ST_558.1.2.19" STYLEREFS="Style_3" VPOS="443" WIDTH="59" WC="1.00" CC="000" TAGREFS=""/>
            <SP HPOS="1332" ID="SP_558.1.2.20" VPOS="437" WIDTH="12"/>
            <String CONTENT="required" HEIGHT="45" HPOS="1344" ID="ST_558.1.2.21" STYLEREFS="Style_3" VPOS="437" WIDTH="158" WC="0.95" CC="00000000" TAGREFS=""/>
          </TextLine>
          <TextLine HEIGHT="44" HPOS="292" ID="TL_558.1.3" VPOS="488" WIDTH="1213">
            <String CONTENT="to" HEIGHT="29" HPOS="292" ID="ST_558.1.3.1" STYLEREFS="Style_3" VPOS="497" WIDTH="36" WC="1.00" CC="00" TAGREFS=""/>
            <SP HPOS="328" ID="SP_558.1.3.2" VPOS="491" WIDTH="16"/>
            <String CONTENT="find" HEIGHT="35" HPOS="344" ID="ST_558.1.3.3" STYLEREFS="Style_3" VPOS="491" WIDTH="70" WC="0.85" CC="0000" TAGREFS=""/>
            <SP HPOS="414" ID="SP_558.1.3.4" VPOS="491" WIDTH="17"/>
            <String CONTENT="which" HEIGHT="35" HPOS="431" ID="ST_558.1.3.5" STYLEREFS="Style_3" VPOS="491" WIDTH="112" WC="0.89" CC="00000" TAGREFS=""/>
            <SP HPOS="543" ID="SP_558.1.3.6" VPOS="496" WIDTH="17"/>
            <String CONTENT="statement" HEIGHT="30" HPOS="560" ID="ST_558.1.3.7" STYLEREFS="Style_3" VPOS="496" WIDTH="186" WC="0.94" CC="000000000" TAGREFS=""/>
            <SP HPOS="746" ID="SP_558.1.3.8" VPOS="490" WIDTH="17"/>
            <String CONTENT="is" HEIGHT="35" HPOS="763" ID="ST_558.1.3.9" STYLEREFS="Style_3" VPOS="490" WIDTH="27" WC="1.00" CC="00" TAGREFS=""/>
            <SP HPOS="790" ID="SP_558.1.3.10" VPOS="490" WIDTH="17"/>
            <String CONTENT="false." HEIGHT="35" HPOS="807" ID="ST_558.1.3.11" STYLEREFS="Style_3" VPOS="490" WIDTH="97" WC="0.96" CC="000000" TAGREFS=""/>
            <SP HPOS="904" ID="SP_558.1.3.12" VPOS="490" WIDTH="18"/>
            <String CONTENT="The" HEIGHT="35" HPOS="922" ID="ST_558.1.3.13" STYLEREFS="Style_3" VPOS="490" WIDTH="74" WC="1.00" CC="000" TAGREFS=""/>
            <SP HPOS="996" ID="SP_558.1.3.14" VPOS="494" WIDTH="16"/>
            <String CONTENT="argument" HEIGHT="38" HPOS="1012" ID="ST_558.1.3.15" STYLEREFS="Style_3" VPOS="494" WIDTH="183" WC="0.84" CC="00000000" TAGREFS=""/>
            <SP HPOS="1195" ID="SP_558.1.3.16" VPOS="489" WIDTH="17"/>
            <String CONTENT="has" HEIGHT="35" HPOS="1212" ID="ST_558.1.3.17" STYLEREFS="Style_3" VPOS="489" WIDTH="62" WC="1.00" CC="000" TAGREFS=""/>
            <SP HPOS="1274" ID="SP_558.1.3.18" VPOS="500" WIDTH="17"/>
            <String CONTENT="a" HEIGHT="24" HPOS="1291" ID="ST_558.1.3.19" STYLEREFS="Style_3" VPOS="500" WIDTH="20" WC="1.00" CC="0" TAGREFS=""/>
            <SP HPOS="1311" ID="SP_558.1.3.20" VPOS="499" WIDTH="16"/>
            <String CONTENT="veneer" HEIGHT="24" HPOS="1327" ID="ST_558.1.3.21" STYLEREFS="Style_3" VPOS="499" WIDTH="123" WC="0.95" CC="000000" TAGREFS=""/>
            <SP HPOS="1450" ID="SP_558.1.3.22" VPOS="488" WIDTH="16"/>
            <String CONTENT="of" HEIGHT="35" HPOS="1466" ID="ST_558.1.3.23" STYLEREFS="Style_3" VPOS="488" WIDTH="39" WC="1.00" CC="00" TAGREFS=""/>
          </TextLine>
          <TextLine HEIGHT="46" HPOS="293" ID="TL_558.1.4" VPOS="538" WIDTH="1210">
            <String CONTENT="logic," HEIGHT="43" HPOS="293" ID="ST_558.1.4.1" STYLEREFS="Style_3" VPOS="541" WIDTH="99" WC="0.96" CC="000000" TAGREFS=""/>
            <SP HPOS="392" ID="SP_558.1.4.2" VPOS="541" WIDTH="18"/>
            <String CONTENT="but" HEIGHT="34" HPOS="410" ID="ST_558.1.4.3" STYLEREFS="Style_3" VPOS="541" WIDTH="62" WC="0.86" CC="000" TAGREFS=""/>
            <SP HPOS="472" ID="SP_558.1.4.4" VPOS="541" WIDTH="16"/>
            <String CONTENT="in" HEIGHT="34" HPOS="488" ID="ST_558.1.4.5" STYLEREFS="Style_3" VPOS="541" WIDTH="34" WC="0.74" CC="00" TAGREFS=""/>
            <SP HPOS="522" ID="SP_558.1.4.6" VPOS="541" WIDTH="17"/>
            <String CONTENT="reality" HEIGHT="43" HPOS="539" ID="ST_558.1.4.7" STYLEREFS="Style_3" VPOS="541" WIDTH="122" WC="0.96" CC="0000000" TAGREFS=""/>
            <SP HPOS="661" ID="SP_558.1.4.8" VPOS="541" WIDTH="16"/>
            <String CONTENT="the" HEIGHT="37" HPOS="677" ID="ST_558.1.4.9" STYLEREFS="Style_3" VPOS="541" WIDTH="59" WC="0.68" CC="000" TAGREFS=""/>
            <SP HPOS="736" ID="SP_558.1.4.10" VPOS="541" WIDTH="16"/>
            <String CONTENT="only" HEIGHT="43" HPOS="752" ID="ST_558.1.4.11" STYLEREFS="Style_3" VPOS="541" WIDTH="79" WC="1.00" CC="0000" TAGREFS=""/>
            <SP HPOS="831" ID="SP_558.1.4.12" VPOS="540" WIDTH="16"/>
            <String CONTENT="position" HEIGHT="43" HPOS="847" ID="ST_558.1.4.13" STYLEREFS="Style_3" VPOS="540" WIDTH="147" WC="0.95" CC="00000000" TAGREFS=""/>
            <SP HPOS="994" ID="SP_558.1.4.14" VPOS="540" WIDTH="16"/>
            <String CONTENT="the" HEIGHT="34" HPOS="1010" ID="ST_558.1.4.15" STYLEREFS="Style_3" VPOS="540" WIDTH="59" WC="0.94" CC="000" TAGREFS=""/>
            <SP HPOS="1069" ID="SP_558.1.4.16" VPOS="544" WIDTH="16"/>
            <String CONTENT="state" HEIGHT="30" HPOS="1085" ID="ST_558.1.4.17" STYLEREFS="Style_3" VPOS="544" WIDTH="90" WC="0.94" CC="00000" TAGREFS=""/>
            <SP HPOS="1175" ID="SP_558.1.4.18" VPOS="550" WIDTH="16"/>
            <String CONTENT="assumes" HEIGHT="23" HPOS="1191" ID="ST_558.1.4.19" STYLEREFS="Style_3" VPOS="550" WIDTH="154" WC="0.98" CC="0000000" TAGREFS=""/>
            <SP HPOS="1345" ID="SP_558.1.4.20" VPOS="539" WIDTH="16"/>
            <String CONTENT="when" HEIGHT="34" HPOS="1361" ID="ST_558.1.4.21" STYLEREFS="Style_3" VPOS="539" WIDTH="98" WC="0.87" CC="0000" TAGREFS=""/>
            <SP HPOS="1459" ID="SP_558.1.4.22" VPOS="538" WIDTH="17"/>
            <String CONTENT="it" HEIGHT="35" HPOS="1476" ID="ST_558.1.4.23" STYLEREFS="Style_3" VPOS="538" WIDTH="27" WC="0.95" CC="00" TAGREFS=""/>
          </TextLine>
          <TextLine HEIGHT="47" HPOS="293" ID="TL_558.1.5" VPOS="587" WIDTH="1209">
            <String CONTENT="imprisons" HEIGHT="43" HPOS="293" ID="ST_558.1.5.1" STYLEREFS="Style_3" VPOS="591" WIDTH="181" WC="0.93" CC="000000000" TAGREFS=""/>
            <SP HPOS="474" ID="SP_558.1.5.2" VPOS="590" WIDTH="11"/>
            <String CONTENT="individuals" HEIGHT="35" HPOS="485" ID="ST_558.1.5.3" STYLEREFS="Style_3" VPOS="590" WIDTH="205" WC="0.93" CC="00000000000" TAGREFS=""/>
            <SP HPOS="690" ID="SP_558.1.5.4" VPOS="589" WIDTH="10"/>
            <String CONTENT="under" HEIGHT="35" HPOS="700" ID="ST_558.1.5.5" STYLEREFS="Style_3" VPOS="589" WIDTH="109" WC="0.99" CC="00000" TAGREFS=""/>
            <SP HPOS="809" ID="SP_558.1.5.6" VPOS="590" WIDTH="10"/>
            <String CONTENT="pleas" HEIGHT="43" HPOS="819" ID="ST_558.1.5.7" STYLEREFS="Style_3" VPOS="590" WIDTH="94" WC="0.95" CC="00000" TAGREFS=""/>
            <SP HPOS="913" ID="SP_558.1.5.8" VPOS="589" WIDTH="10"/>
            <String CONTENT="of" HEIGHT="34" HPOS="923" ID="ST_558.1.5.9" STYLEREFS="Style_3" VPOS="589" WIDTH="39" WC="1.00" CC="00" TAGREFS=""/>
            <SP HPOS="962" ID="SP_558.1.5.10" VPOS="589" WIDTH="7"/>
            <String CONTENT="guilty" HEIGHT="43" HPOS="969" ID="ST_558.1.5.11" STYLEREFS="Style_3" VPOS="589" WIDTH="109" WC="0.89" CC="000000" TAGREFS=""/>
            <SP HPOS="1078" ID="SP_558.1.5.12" VPOS="589" WIDTH="10"/>
            <String CONTENT="is" HEIGHT="34" HPOS="1088" ID="ST_558.1.5.13" STYLEREFS="Style_3" VPOS="589" WIDTH="28" WC="1.00" CC="00" TAGREFS=""/>
            <SP HPOS="1116" ID="SP_558.1.5.14" VPOS="589" WIDTH="10"/>
            <String CONTENT="that" HEIGHT="34" HPOS="1126" ID="ST_558.1.5.15" STYLEREFS="Style_3" VPOS="589" WIDTH="76" WC="0.94" CC="0000" TAGREFS=""/>
            <SP HPOS="1202" ID="SP_558.1.5.16" VPOS="588" WIDTH="10"/>
            <String CONTENT="they" HEIGHT="43" HPOS="1212" ID="ST_558.1.5.17" STYLEREFS="Style_3" VPOS="588" WIDTH="81" WC="1.00" CC="0000" TAGREFS=""/>
            <SP HPOS="1293" ID="SP_558.1.5.18" VPOS="589" WIDTH="10"/>
            <String CONTENT="have" HEIGHT="33" HPOS="1303" ID="ST_558.1.5.19" STYLEREFS="Style_3" VPOS="589" WIDTH="87" WC="0.95" CC="0000" TAGREFS=""/>
            <SP HPOS="1390" ID="SP_558.1.5.20" VPOS="587" WIDTH="10"/>
            <String CONTENT="made" HEIGHT="35" HPOS="1400" ID="ST_558.1.5.21" STYLEREFS="Style_3" VPOS="587" WIDTH="102" WC="0.85" CC="0000" TAGREFS=""/>
          </TextLine>
          <TextLine HEIGHT="45" HPOS="293" ID="TL_558.1.6" VPOS="637" WIDTH="1209">
            <String CONTENT="an" HEIGHT="23" HPOS="293" ID="ST_558.1.6.1" STYLEREFS="Style_3" VPOS="651" WIDTH="44" WC="0.98" CC="00" TAGREFS=""/>
            <SP HPOS="337" ID="SP_558.1.6.2" VPOS="640" WIDTH="25"/>
            <String CONTENT="informed" HEIGHT="34" HPOS="362" ID="ST_558.1.6.3" STYLEREFS="Style_3" VPOS="640" WIDTH="171" WC="0.90" CC="00000000" TAGREFS=""/>
            <SP HPOS="533" ID="SP_558.1.6.4" VPOS="639" WIDTH="25"/>
            <String CONTENT="and" HEIGHT="35" HPOS="558" ID="ST_558.1.6.5" STYLEREFS="Style_3" VPOS="639" WIDTH="68" WC="0.88" CC="000" TAGREFS=""/>
            <SP HPOS="626" ID="SP_558.1.6.6" VPOS="640" WIDTH="24"/>
            <String CONTENT="voluntary" HEIGHT="42" HPOS="650" ID="ST_558.1.6.7" STYLEREFS="Style_3" VPOS="640" WIDTH="181" WC="0.87" CC="000000000" TAGREFS=""/>
            <SP HPOS="831" ID="SP_558.1.6.8" VPOS="639" WIDTH="24"/>
            <String CONTENT="plea" HEIGHT="43" HPOS="855" ID="ST_558.1.6.9" STYLEREFS="Style_3" VPOS="639" WIDTH="77" WC="1.00" CC="0000" TAGREFS=""/>
            <SP HPOS="932" ID="SP_558.1.6.10" VPOS="644" WIDTH="25"/>
            <String CONTENT="to" HEIGHT="28" HPOS="957" ID="ST_558.1.6.11" STYLEREFS="Style_3" VPOS="644" WIDTH="35" WC="1.00" CC="00" TAGREFS=""/>
            <SP HPOS="992" ID="SP_558.1.6.12" VPOS="639" WIDTH="25"/>
            <String CONTENT="the" HEIGHT="34" HPOS="1017" ID="ST_558.1.6.13" STYLEREFS="Style_3" VPOS="639" WIDTH="58" WC="0.97" CC="000" TAGREFS=""/>
            <SP HPOS="1075" ID="SP_558.1.6.14" VPOS="638" WIDTH="24"/>
            <String CONTENT="charges," HEIGHT="43" HPOS="1099" ID="ST_558.1.6.15" STYLEREFS="Style_3" VPOS="638" WIDTH="155" WC="0.91" CC="00000000" TAGREFS=""/>
            <SP HPOS="1254" ID="SP_558.1.6.16" VPOS="638" WIDTH="25"/>
            <String CONTENT="after" HEIGHT="34" HPOS="1279" ID="ST_558.1.6.17" STYLEREFS="Style_3" VPOS="638" WIDTH="91" WC="0.92" CC="00000" TAGREFS=""/>
            <SP HPOS="1370" ID="SP_558.1.6.18" VPOS="649" WIDTH="24"/>
            <String CONTENT="a" HEIGHT="23" HPOS="1394" ID="ST_558.1.6.19" STYLEREFS="Style_3" VPOS="649" WIDTH="20" WC="0.75" CC="0" TAGREFS=""/>
            <SP HPOS="1414" ID="SP_558.1.6.20" VPOS="637" WIDTH="25"/>
            <String CONTENT="full" HEIGHT="35" HPOS="1439" ID="ST_558.1.6.21" STYLEREFS="Style_3" VPOS="637" WIDTH="63" WC="0.94" CC="0000" TAGREFS=""/>
          </TextLine>
          <TextLine HEIGHT="46" HPOS="293" ID="TL_558.1.7" VPOS="687" WIDTH="1209">
            <String CONTENT="explanation" HEIGHT="44" HPOS="293" ID="ST_558.1.7.1" STYLEREFS="Style_3" VPOS="689" WIDTH="220" WC="0.92" CC="00000000000" TAGREFS=""/>
            <SP HPOS="513" ID="SP_558.1.7.2" VPOS="688" WIDTH="22"/>
            <String CONTENT="of" HEIGHT="35" HPOS="535" ID="ST_558.1.7.3" STYLEREFS="Style_3" VPOS="688" WIDTH="39" WC="1.00" CC="00" TAGREFS=""/>
            <SP HPOS="574" ID="SP_558.1.7.4" VPOS="689" WIDTH="19"/>
            <String CONTENT="the" HEIGHT="35" HPOS="593" ID="ST_558.1.7.5" STYLEREFS="Style_3" VPOS="689" WIDTH="59" WC="0.92" CC="000" TAGREFS=""/>
            <SP HPOS="652" ID="SP_558.1.7.6" VPOS="698" WIDTH="22"/>
            <String CONTENT="consequences" HEIGHT="35" HPOS="674" ID="ST_558.1.7.7" STYLEREFS="Style_3" VPOS="698" WIDTH="252" WC="0.94" CC="000000000000" TAGREFS=""/>
            <SP HPOS="926" ID="SP_558.1.7.8" VPOS="687" WIDTH="23"/>
            <String CONTENT="of" HEIGHT="35" HPOS="949" ID="ST_558.1.7.9" STYLEREFS="Style_3" VPOS="687" WIDTH="40" WC="1.00" CC="00" TAGREFS=""/>
            <SP HPOS="989" ID="SP_558.1.7.10" VPOS="688" WIDTH="19"/>
            <String CONTENT="their" HEIGHT="34" HPOS="1008" ID="ST_558.1.7.11" STYLEREFS="Style_3" VPOS="688" WIDTH="88" WC="0.97" CC="00000" TAGREFS=""/>
            <SP HPOS="1096" ID="SP_558.1.7.12" VPOS="692" WIDTH="23"/>
            <String CONTENT="act." HEIGHT="30" HPOS="1119" ID="ST_558.1.7.13" STYLEREFS="Style_3" VPOS="692" WIDTH="66" WC="1.00" CC="0000" TAGREFS=""/>
            <SP HPOS="1185" ID="SP_558.1.7.14" VPOS="688" WIDTH="24"/>
            <String CONTENT="To" HEIGHT="34" HPOS="1209" ID="ST_558.1.7.15" STYLEREFS="Style_3" VPOS="688" WIDTH="51" WC="1.00" CC="00" TAGREFS=""/>
            <SP HPOS="1260" ID="SP_558.1.7.16" VPOS="687" WIDTH="22"/>
            <String CONTENT="enforce" HEIGHT="35" HPOS="1282" ID="ST_558.1.7.17" STYLEREFS="Style_3" VPOS="687" WIDTH="140" WC="0.88" CC="0000000" TAGREFS=""/>
            <SP HPOS="1422" ID="SP_558.1.7.18" VPOS="687" WIDTH="22"/>
            <String CONTENT="the" HEIGHT="34" HPOS="1444" ID="ST_558.1.7.19" STYLEREFS="Style_3" VPOS="687" WIDTH="58" WC="0.76" CC="000" TAGREFS=""/>
          </TextLine>
          <TextLine HEIGHT="46" HPOS="293" ID="TL_558.1.8" VPOS="737" WIDTH="1208">
            <String CONTENT="sentences" HEIGHT="29" HPOS="293" ID="ST_558.1.8.1" STYLEREFS="Style_3" VPOS="745" WIDTH="177" WC="0.91" CC="000000000" TAGREFS=""/>
            <SP HPOS="470" ID="SP_558.1.8.2" VPOS="739" WIDTH="11"/>
            <String CONTENT="imposed" HEIGHT="44" HPOS="481" ID="ST_558.1.8.3" STYLEREFS="Style_3" VPOS="739" WIDTH="153" WC="0.98" CC="0000000" TAGREFS=""/>
            <SP HPOS="634" ID="SP_558.1.8.4" VPOS="749" WIDTH="10"/>
            <String CONTENT="upon" HEIGHT="34" HPOS="644" ID="ST_558.1.8.5" STYLEREFS="Style_3" VPOS="749" WIDTH="92" WC="0.84" CC="0000" TAGREFS=""/>
            <SP HPOS="736" ID="SP_558.1.8.6" VPOS="750" WIDTH="11"/>
            <String CONTENT="a" HEIGHT="23" HPOS="747" ID="ST_558.1.8.7" STYLEREFS="Style_3" VPOS="750" WIDTH="19" WC="1.00" CC="0" TAGREFS=""/>
            <SP HPOS="766" ID="SP_558.1.8.8" VPOS="739" WIDTH="10"/>
            <String CONTENT="guilty" HEIGHT="43" HPOS="776" ID="ST_558.1.8.9" STYLEREFS="Style_3" VPOS="739" WIDTH="110" WC="0.96" CC="000000" TAGREFS=""/>
            <SP HPOS="886" ID="SP_558.1.8.10" VPOS="738" WIDTH="10"/>
            <String CONTENT="plea" HEIGHT="44" HPOS="896" ID="ST_558.1.8.11" STYLEREFS="Style_3" VPOS="738" WIDTH="77" WC="0.91" CC="0000" TAGREFS=""/>
            <SP HPOS="973" ID="SP_558.1.8.12" VPOS="738" WIDTH="10"/>
            <String CONTENT="does" HEIGHT="35" HPOS="983" ID="ST_558.1.8.13" STYLEREFS="Style_3" VPOS="738" WIDTH="81" WC="1.00" CC="0000" TAGREFS=""/>
            <SP HPOS="1064" ID="SP_558.1.8.14" VPOS="743" WIDTH="10"/>
            <String CONTENT="not" HEIGHT="29" HPOS="1074" ID="ST_558.1.8.15" STYLEREFS="Style_3" VPOS="743" WIDTH="60" WC="0.96" CC="000" TAGREFS=""/>
            <SP HPOS="1134" ID="SP_558.1.8.16" VPOS="737" WIDTH="9"/>
            <String CONTENT="give" HEIGHT="43" HPOS="1143" ID="ST_558.1.8.17" STYLEREFS="Style_3" VPOS="737" WIDTH="76" WC="1.00" CC="0000" TAGREFS=""/>
            <SP HPOS="1219" ID="SP_558.1.8.18" VPOS="737" WIDTH="9"/>
            <String CONTENT="rise" HEIGHT="35" HPOS="1228" ID="ST_558.1.8.19" STYLEREFS="Style_3" VPOS="737" WIDTH="67" WC="1.00" CC="0000" TAGREFS=""/>
            <SP HPOS="1295" ID="SP_558.1.8.20" VPOS="742" WIDTH="9"/>
            <String CONTENT="to" HEIGHT="30" HPOS="1304" ID="ST_558.1.8.21" STYLEREFS="Style_3" VPOS="742" WIDTH="35" WC="1.00" CC="00" TAGREFS=""/>
            <SP HPOS="1339" ID="SP_558.1.8.22" VPOS="737" WIDTH="10"/>
            <String CONTENT="estoppel" HEIGHT="44" HPOS="1349" ID="ST_558.1.8.23" STYLEREFS="Style_3" VPOS="737" WIDTH="152" WC="0.99" CC="00000000" TAGREFS=""/>
          </TextLine>
          <TextLine HEIGHT="45" HPOS="292" ID="TL_558.1.9" VPOS="787" WIDTH="1209">
            <String CONTENT="when" HEIGHT="34" HPOS="292" ID="ST_558.1.9.1" STYLEREFS="Style_3" VPOS="790" WIDTH="99" WC="0.88" CC="0000" TAGREFS=""/>
            <SP HPOS="391" ID="SP_558.1.9.2" VPOS="801" WIDTH="15"/>
            <String CONTENT="a" HEIGHT="23" HPOS="406" ID="ST_558.1.9.3" STYLEREFS="Style_3" VPOS="801" WIDTH="19" WC="1.00" CC="0" TAGREFS=""/>
            <SP HPOS="425" ID="SP_558.1.9.4" VPOS="789" WIDTH="15"/>
            <String CONTENT="defendant" HEIGHT="35" HPOS="440" ID="ST_558.1.9.5" STYLEREFS="Style_3" VPOS="789" WIDTH="189" WC="0.94" CC="000000000" TAGREFS=""/>
            <SP HPOS="629" ID="SP_558.1.9.6" VPOS="788" WIDTH="14"/>
            <String CONTENT="subsequently" HEIGHT="44" HPOS="643" ID="ST_558.1.9.7" STYLEREFS="Style_3" VPOS="788" WIDTH="245" WC="0.93" CC="000000000000" TAGREFS=""/>
            <SP HPOS="888" ID="SP_558.1.9.8" VPOS="788" WIDTH="14"/>
            <String CONTENT="claims" HEIGHT="35" HPOS="902" ID="ST_558.1.9.9" STYLEREFS="Style_3" VPOS="788" WIDTH="121" WC="0.83" CC="000000" TAGREFS=""/>
            <SP HPOS="1023" ID="SP_558.1.9.10" VPOS="788" WIDTH="15"/>
            <String CONTENT="he" HEIGHT="34" HPOS="1038" ID="ST_558.1.9.11" STYLEREFS="Style_3" VPOS="788" WIDTH="43" WC="0.93" CC="00" TAGREFS=""/>
            <SP HPOS="1081" ID="SP_558.1.9.12" VPOS="787" WIDTH="14"/>
            <String CONTENT="lied" HEIGHT="35" HPOS="1095" ID="ST_558.1.9.13" STYLEREFS="Style_3" VPOS="787" WIDTH="68" WC="0.89" CC="0000" TAGREFS=""/>
            <SP HPOS="1163" ID="SP_558.1.9.14" VPOS="793" WIDTH="15"/>
            <String CONTENT="at" HEIGHT="29" HPOS="1178" ID="ST_558.1.9.15" STYLEREFS="Style_3" VPOS="793" WIDTH="36" WC="1.00" CC="00" TAGREFS=""/>
            <SP HPOS="1214" ID="SP_558.1.9.16" VPOS="787" WIDTH="14"/>
            <String CONTENT="the" HEIGHT="35" HPOS="1228" ID="ST_558.1.9.17" STYLEREFS="Style_3" VPOS="787" WIDTH="59" WC="0.98" CC="000" TAGREFS=""/>
            <SP HPOS="1287" ID="SP_558.1.9.18" VPOS="787" WIDTH="13"/>
            <String CONTENT="guilty" HEIGHT="44" HPOS="1300" ID="ST_558.1.9.19" STYLEREFS="Style_3" VPOS="787" WIDTH="110" WC="0.99" CC="000000" TAGREFS=""/>
            <SP HPOS="1410" ID="SP_558.1.9.20" VPOS="787" WIDTH="14"/>
            <String CONTENT="plea" HEIGHT="44" HPOS="1424" ID="ST_558.1.9.21" STYLEREFS="Style_3" VPOS="787" WIDTH="77" WC="0.80" CC="0000" TAGREFS=""/>
          </TextLine>
          <TextLine HEIGHT="45" HPOS="293" ID="TL_558.1.10" VPOS="836" WIDTH="1209">
            <String CONTENT="hearing." HEIGHT="41" HPOS="293" ID="ST_558.1.10.1" STYLEREFS="Style_3" VPOS="840" WIDTH="153" WC="1.00" CC="00000000" TAGREFS=""/>
            <SP HPOS="446" ID="SP_558.1.10.2" VPOS="839" WIDTH="24"/>
            <String CONTENT="We" HEIGHT="34" HPOS="470" ID="ST_558.1.10.3" STYLEREFS="Style_3" VPOS="839" WIDTH="65" WC="1.00" CC="00" TAGREFS=""/>
            <SP HPOS="535" ID="SP_558.1.10.4" VPOS="838" WIDTH="22"/>
            <String CONTENT="have" HEIGHT="35" HPOS="557" ID="ST_558.1.10.5" STYLEREFS="Style_3" VPOS="838" WIDTH="87" WC="1.00" CC="0000" TAGREFS=""/>
            <SP HPOS="644" ID="SP_558.1.10.6" VPOS="838" WIDTH="20"/>
            <String CONTENT="held" HEIGHT="35" HPOS="664" ID="ST_558.1.10.7" STYLEREFS="Style_3" VPOS="838" WIDTH="80" WC="0.91" CC="0000" TAGREFS=""/>
            <SP HPOS="744" ID="SP_558.1.10.8" VPOS="839" WIDTH="22"/>
            <String CONTENT="the" HEIGHT="33" HPOS="766" ID="ST_558.1.10.9" STYLEREFS="Style_3" VPOS="839" WIDTH="58" WC="1.00" CC="000" TAGREFS=""/>
            <SP HPOS="824" ID="SP_558.1.10.10" VPOS="838" WIDTH="22"/>
            <String CONTENT="defense" HEIGHT="34" HPOS="846" ID="ST_558.1.10.11" STYLEREFS="Style_3" VPOS="838" WIDTH="141" WC="1.00" CC="0000000" TAGREFS=""/>
            <SP HPOS="987" ID="SP_558.1.10.12" VPOS="837" WIDTH="21"/>
            <String CONTENT="of" HEIGHT="35" HPOS="1008" ID="ST_558.1.10.13" STYLEREFS="Style_3" VPOS="837" WIDTH="39" WC="1.00" CC="00" TAGREFS=""/>
            <SP HPOS="1047" ID="SP_558.1.10.14" VPOS="838" WIDTH="19"/>
            <String CONTENT="estoppel" HEIGHT="42" HPOS="1066" ID="ST_558.1.10.15" STYLEREFS="Style_3" VPOS="838" WIDTH="152" WC="0.94" CC="00000000" TAGREFS=""/>
            <SP HPOS="1218" ID="SP_558.1.10.16" VPOS="837" WIDTH="23"/>
            <String CONTENT="is" HEIGHT="34" HPOS="1241" ID="ST_558.1.10.17" STYLEREFS="Style_3" VPOS="837" WIDTH="27" WC="0.67" CC="00" TAGREFS=""/>
            <SP HPOS="1268" ID="SP_558.1.10.18" VPOS="842" WIDTH="23"/>
            <String CONTENT="not" HEIGHT="29" HPOS="1291" ID="ST_558.1.10.19" STYLEREFS="Style_3" VPOS="842" WIDTH="59" WC="1.00" CC="000" TAGREFS=""/>
            <SP HPOS="1350" ID="SP_558.1.10.20" VPOS="836" WIDTH="22"/>
            <String CONTENT="readily" HEIGHT="43" HPOS="1372" ID="ST_558.1.10.21" STYLEREFS="Style_3" VPOS="836" WIDTH="130" WC="0.95" CC="0000000" TAGREFS=""/>
          </TextLine>
          <TextLine HEIGHT="44" HPOS="293" ID="TL_558.1.11" VPOS="886" WIDTH="1209">
            <String CONTENT="available" HEIGHT="34" HPOS="293" ID="ST_558.1.11.1" STYLEREFS="Style_3" VPOS="888" WIDTH="169" WC="0.81" CC="000000000" TAGREFS=""/>
            <SP HPOS="462" ID="SP_558.1.11.2" VPOS="888" WIDTH="13"/>
            <String CONTENT="against" HEIGHT="42" HPOS="475" ID="ST_558.1.11.3" STYLEREFS="Style_3" VPOS="888" WIDTH="135" WC="0.97" CC="0000000" TAGREFS=""/>
            <SP HPOS="610" ID="SP_558.1.11.4" VPOS="887" WIDTH="13"/>
            <String CONTENT="the" HEIGHT="34" HPOS="623" ID="ST_558.1.11.5" STYLEREFS="Style_3" VPOS="887" WIDTH="59" WC="0.96" CC="000" TAGREFS=""/>
            <SP HPOS="682" ID="SP_558.1.11.6" VPOS="892" WIDTH="12"/>
            <String CONTENT="state" HEIGHT="29" HPOS="694" ID="ST_558.1.11.7" STYLEREFS="Style_3" VPOS="892" WIDTH="89" WC="1.00" CC="00000" TAGREFS=""/>
            <SP HPOS="783" ID="SP_558.1.11.8" VPOS="886" WIDTH="13"/>
            <String CONTENT="and" HEIGHT="35" HPOS="796" ID="ST_558.1.11.9" STYLEREFS="Style_3" VPOS="886" WIDTH="68" WC="1.00" CC="000" TAGREFS=""/>
            <SP HPOS="864" ID="SP_558.1.11.10" VPOS="887" WIDTH="13"/>
            <String CONTENT="that" HEIGHT="34" HPOS="877" ID="ST_558.1.11.11" STYLEREFS="Style_3" VPOS="887" WIDTH="77" WC="0.79" CC="0000" TAGREFS=""/>
            <SP HPOS="954" ID="SP_558.1.11.12" VPOS="886" WIDTH="13"/>
            <String CONTENT="four" HEIGHT="35" HPOS="967" ID="ST_558.1.11.13" STYLEREFS="Style_3" VPOS="886" WIDTH="77" WC="1.00" CC="0000" TAGREFS=""/>
            <SP HPOS="1044" ID="SP_558.1.11.14" VPOS="886" WIDTH="13"/>
            <String CONTENT="essential" HEIGHT="34" HPOS="1057" ID="ST_558.1.11.15" STYLEREFS="Style_3" VPOS="886" WIDTH="160" WC="0.87" CC="000000000" TAGREFS=""/>
            <SP HPOS="1217" ID="SP_558.1.11.16" VPOS="886" WIDTH="14"/>
            <String CONTENT="elements" HEIGHT="34" HPOS="1231" ID="ST_558.1.11.17" STYLEREFS="Style_3" VPOS="886" WIDTH="165" WC="0.90" CC="00000000" TAGREFS=""/>
            <SP HPOS="1396" ID="SP_558.1.11.18" VPOS="891" WIDTH="14"/>
            <String CONTENT="must" HEIGHT="29" HPOS="1410" ID="ST_558.1.11.19" STYLEREFS="Style_3" VPOS="891" WIDTH="92" WC="0.95" CC="0000" TAGREFS=""/>
          </TextLine>
          <TextLine HEIGHT="45" HPOS="293" ID="TL_558.1.12" VPOS="934" WIDTH="1210">
            <String CONTENT="be" HEIGHT="33" HPOS="293" ID="ST_558.1.12.1" STYLEREFS="Style_3" VPOS="937" WIDTH="43" WC="1.00" CC="00" TAGREFS=""/>
            <SP HPOS="336" ID="SP_558.1.12.2" VPOS="941" WIDTH="11"/>
            <String CONTENT="present:" HEIGHT="38" HPOS="347" ID="ST_558.1.12.3" STYLEREFS="Style_3" VPOS="941" WIDTH="146" WC="0.92" CC="00000000" TAGREFS=""/>
            <SP HPOS="493" ID="SP_558.1.12.4" VPOS="936" WIDTH="17"/>
            <String CONTENT="1)" HEIGHT="42" HPOS="510" ID="ST_558.1.12.5" STYLEREFS="Style_3" VPOS="936" WIDTH="33" WC="1.00" CC="99" TAGREFS=""/>
            <SP HPOS="543" ID="SP_558.1.12.6" VPOS="936" WIDTH="14"/>
            <String CONTENT="the" HEIGHT="34" HPOS="557" ID="ST_558.1.12.7" STYLEREFS="Style_3" VPOS="936" WIDTH="59" WC="0.86" CC="000" TAGREFS=""/>
            <SP HPOS="616" ID="SP_558.1.12.8" VPOS="941" WIDTH="10"/>
            <String CONTENT="party" HEIGHT="38" HPOS="626" ID="ST_558.1.12.9" STYLEREFS="Style_3" VPOS="941" WIDTH="100" WC="1.00" CC="00000" TAGREFS=""/>
            <SP HPOS="726" ID="SP_558.1.12.10" VPOS="941" WIDTH="11"/>
            <String CONTENT="to" HEIGHT="28" HPOS="737" ID="ST_558.1.12.11" STYLEREFS="Style_3" VPOS="941" WIDTH="35" WC="1.00" CC="00" TAGREFS=""/>
            <SP HPOS="772" ID="SP_558.1.12.12" VPOS="936" WIDTH="11"/>
            <String CONTENT="be" HEIGHT="34" HPOS="783" ID="ST_558.1.12.13" STYLEREFS="Style_3" VPOS="936" WIDTH="43" WC="1.00" CC="00" TAGREFS=""/>
            <SP HPOS="826" ID="SP_558.1.12.14" VPOS="935" WIDTH="11"/>
            <String CONTENT="estopped" HEIGHT="44" HPOS="837" ID="ST_558.1.12.15" STYLEREFS="Style_3" VPOS="935" WIDTH="164" WC="0.94" CC="00000000" TAGREFS=""/>
            <SP HPOS="1001" ID="SP_558.1.12.16" VPOS="941" WIDTH="12"/>
            <String CONTENT="must" HEIGHT="28" HPOS="1013" ID="ST_558.1.12.17" STYLEREFS="Style_3" VPOS="941" WIDTH="92" WC="0.89" CC="0000" TAGREFS=""/>
            <SP HPOS="1105" ID="SP_558.1.12.18" VPOS="936" WIDTH="11"/>
            <String CONTENT="know" HEIGHT="33" HPOS="1116" ID="ST_558.1.12.19" STYLEREFS="Style_3" VPOS="936" WIDTH="98" WC="0.97" CC="0000" TAGREFS=""/>
            <SP HPOS="1214" ID="SP_558.1.12.20" VPOS="935" WIDTH="12"/>
            <String CONTENT="the" HEIGHT="34" HPOS="1226" ID="ST_558.1.12.21" STYLEREFS="Style_3" VPOS="935" WIDTH="59" WC="1.00" CC="000" TAGREFS=""/>
            <SP HPOS="1285" ID="SP_558.1.12.22" VPOS="935" WIDTH="11"/>
            <String CONTENT="facts;" HEIGHT="40" HPOS="1296" ID="ST_558.1.12.23" STYLEREFS="Style_3" VPOS="935" WIDTH="100" WC="1.00" CC="000000" TAGREFS=""/>
            <SP HPOS="1396" ID="SP_558.1.12.24" VPOS="934" WIDTH="13"/>
            <String CONTENT="2)" HEIGHT="42" HPOS="1409" ID="ST_558.1.12.25" STYLEREFS="Style_3" VPOS="934" WIDTH="36" WC="1.00" CC="00" TAGREFS=""/>
            <SP HPOS="1445" ID="SP_558.1.12.26" VPOS="935" WIDTH="14"/>
            <String CONTENT="he" HEIGHT="33" HPOS="1459" ID="ST_558.1.12.27" STYLEREFS="Style_3" VPOS="935" WIDTH="44" WC="0.49" CC="00" TAGREFS=""/>
          </TextLine>
          <TextLine HEIGHT="36" HPOS="292" ID="TL_558.1.13" VPOS="984" WIDTH="1209">
            <String CONTENT="must" HEIGHT="30" HPOS="292" ID="ST_558.1.13.1" STYLEREFS="Style_3" VPOS="990" WIDTH="92" WC="0.92" CC="0000" TAGREFS=""/>
            <SP HPOS="384" ID="SP_558.1.13.2" VPOS="985" WIDTH="12"/>
            <String CONTENT="intend" HEIGHT="35" HPOS="396" ID="ST_558.1.13.3" STYLEREFS="Style_3" VPOS="985" WIDTH="118" WC="0.90" CC="000000" TAGREFS=""/>
            <SP HPOS="514" ID="SP_558.1.13.4" VPOS="985" WIDTH="11"/>
            <String CONTENT="that" HEIGHT="35" HPOS="525" ID="ST_558.1.13.5" STYLEREFS="Style_3" VPOS="985" WIDTH="77" WC="0.78" CC="0000" TAGREFS=""/>
            <SP HPOS="602" ID="SP_558.1.13.6" VPOS="985" WIDTH="11"/>
            <String CONTENT="his" HEIGHT="34" HPOS="613" ID="ST_558.1.13.7" STYLEREFS="Style_3" VPOS="985" WIDTH="52" WC="0.77" CC="000" TAGREFS=""/>
            <SP HPOS="665" ID="SP_558.1.13.8" VPOS="984" WIDTH="12"/>
            <String CONTENT="conduct" HEIGHT="35" HPOS="677" ID="ST_558.1.13.9" STYLEREFS="Style_3" VPOS="984" WIDTH="148" WC="0.97" CC="0000000" TAGREFS=""/>
            <SP HPOS="825" ID="SP_558.1.13.10" VPOS="984" WIDTH="11"/>
            <String CONTENT="shall" HEIGHT="35" HPOS="836" ID="ST_558.1.13.11" STYLEREFS="Style_3" VPOS="984" WIDTH="87" WC="0.71" CC="00000" TAGREFS=""/>
            <SP HPOS="923" ID="SP_558.1.13.12" VPOS="984" WIDTH="13"/>
            <String CONTENT="be" HEIGHT="34" HPOS="936" ID="ST_558.1.13.13" STYLEREFS="Style_3" VPOS="984" WIDTH="42" WC="0.89" CC="00" TAGREFS=""/>
            <SP HPOS="978" ID="SP_558.1.13.14" VPOS="984" WIDTH="11"/>
            <String CONTENT="acted" HEIGHT="35" HPOS="989" ID="ST_558.1.13.15" STYLEREFS="Style_3" VPOS="984" WIDTH="101" WC="1.00" CC="00000" TAGREFS=""/>
            <SP HPOS="1090" ID="SP_558.1.13.16" VPOS="995" WIDTH="11"/>
            <String CONTENT="on" HEIGHT="23" HPOS="1101" ID="ST_558.1.13.17" STYLEREFS="Style_3" VPOS="995" WIDTH="43" WC="0.91" CC="00" TAGREFS=""/>
            <SP HPOS="1144" ID="SP_558.1.13.18" VPOS="994" WIDTH="12"/>
            <String CONTENT="or" HEIGHT="24" HPOS="1156" ID="ST_558.1.13.19" STYLEREFS="Style_3" VPOS="994" WIDTH="38" WC="1.00" CC="00" TAGREFS=""/>
            <SP HPOS="1194" ID="SP_558.1.13.20" VPOS="989" WIDTH="11"/>
            <String CONTENT="must" HEIGHT="29" HPOS="1205" ID="ST_558.1.13.21" STYLEREFS="Style_3" VPOS="989" WIDTH="93" WC="0.90" CC="0000" TAGREFS=""/>
            <SP HPOS="1298" ID="SP_558.1.13.22" VPOS="995" WIDTH="11"/>
            <String CONTENT="so" HEIGHT="23" HPOS="1309" ID="ST_558.1.13.23" STYLEREFS="Style_3" VPOS="995" WIDTH="37" WC="1.00" CC="00" TAGREFS=""/>
            <SP HPOS="1346" ID="SP_558.1.13.24" VPOS="989" WIDTH="12"/>
            <String CONTENT="act" HEIGHT="29" HPOS="1358" ID="ST_558.1.13.25" STYLEREFS="Style_3" VPOS="989" WIDTH="56" WC="0.94" CC="000" TAGREFS=""/>
            <SP HPOS="1414" ID="SP_558.1.13.26" VPOS="984" WIDTH="11"/>
            <String CONTENT="that" HEIGHT="34" HPOS="1425" ID="ST_558.1.13.27" STYLEREFS="Style_3" VPOS="984" WIDTH="76" WC="0.89" CC="0000" TAGREFS=""/>
          </TextLine>
          <TextLine HEIGHT="47" HPOS="292" ID="TL_558.1.14" VPOS="1033" WIDTH="1209">
            <String CONTENT="the" HEIGHT="34" HPOS="292" ID="ST_558.1.14.1" STYLEREFS="Style_3" VPOS="1036" WIDTH="59" WC="0.99" CC="000" TAGREFS=""/>
            <SP HPOS="351" ID="SP_558.1.14.2" VPOS="1040" WIDTH="20"/>
            <String CONTENT="party" HEIGHT="40" HPOS="371" ID="ST_558.1.14.3" STYLEREFS="Style_3" VPOS="1040" WIDTH="100" WC="1.00" CC="00000" TAGREFS=""/>
            <SP HPOS="471" ID="SP_558.1.14.4" VPOS="1035" WIDTH="19"/>
            <String CONTENT="asserting" HEIGHT="43" HPOS="490" ID="ST_558.1.14.5" STYLEREFS="Style_3" VPOS="1035" WIDTH="168" WC="0.98" CC="000000000" TAGREFS=""/>
            <SP HPOS="658" ID="SP_558.1.14.6" VPOS="1035" WIDTH="20"/>
            <String CONTENT="the" HEIGHT="35" HPOS="678" ID="ST_558.1.14.7" STYLEREFS="Style_3" VPOS="1035" WIDTH="58" WC="0.91" CC="000" TAGREFS=""/>
            <SP HPOS="736" ID="SP_558.1.14.8" VPOS="1035" WIDTH="20"/>
            <String CONTENT="estoppel" HEIGHT="44" HPOS="756" ID="ST_558.1.14.9" STYLEREFS="Style_3" VPOS="1035" WIDTH="152" WC="0.90" CC="00000000" TAGREFS=""/>
            <SP HPOS="908" ID="SP_558.1.14.10" VPOS="1034" WIDTH="20"/>
            <String CONTENT="had" HEIGHT="35" HPOS="928" ID="ST_558.1.14.11" STYLEREFS="Style_3" VPOS="1034" WIDTH="69" WC="0.70" CC="000" TAGREFS=""/>
            <SP HPOS="997" ID="SP_558.1.14.12" VPOS="1045" WIDTH="19"/>
            <String CONTENT="a" HEIGHT="24" HPOS="1016" ID="ST_558.1.14.13" STYLEREFS="Style_3" VPOS="1045" WIDTH="20" WC="1.00" CC="0" TAGREFS=""/>
            <SP HPOS="1036" ID="SP_558.1.14.14" VPOS="1034" WIDTH="21"/>
            <String CONTENT="right" HEIGHT="43" HPOS="1057" ID="ST_558.1.14.15" STYLEREFS="Style_3" VPOS="1034" WIDTH="91" WC="1.00" CC="00000" TAGREFS=""/>
            <SP HPOS="1148" ID="SP_558.1.14.16" VPOS="1038" WIDTH="19"/>
            <String CONTENT="to" HEIGHT="30" HPOS="1167" ID="ST_558.1.14.17" STYLEREFS="Style_3" VPOS="1038" WIDTH="36" WC="1.00" CC="00" TAGREFS=""/>
            <SP HPOS="1203" ID="SP_558.1.14.18" VPOS="1033" WIDTH="19"/>
            <String CONTENT="believe" HEIGHT="35" HPOS="1222" ID="ST_558.1.14.19" STYLEREFS="Style_3" VPOS="1033" WIDTH="130" WC="0.97" CC="0000000" TAGREFS=""/>
            <SP HPOS="1352" ID="SP_558.1.14.20" VPOS="1033" WIDTH="19"/>
            <String CONTENT="it" HEIGHT="35" HPOS="1371" ID="ST_558.1.14.21" STYLEREFS="Style_3" VPOS="1033" WIDTH="27" WC="0.83" CC="00" TAGREFS=""/>
            <SP HPOS="1398" ID="SP_558.1.14.22" VPOS="1033" WIDTH="19"/>
            <String CONTENT="is" HEIGHT="35" HPOS="1417" ID="ST_558.1.14.23" STYLEREFS="Style_3" VPOS="1033" WIDTH="28" WC="0.97" CC="00" TAGREFS=""/>
            <SP HPOS="1445" ID="SP_558.1.14.24" VPOS="1043" WIDTH="19"/>
            <String CONTENT="so" HEIGHT="25" HPOS="1464" ID="ST_558.1.14.25" STYLEREFS="Style_3" VPOS="1043" WIDTH="37" WC="0.69" CC="00" TAGREFS=""/>
          </TextLine>
          <TextLine HEIGHT="45" HPOS="292" ID="TL_558.1.15" VPOS="1083" WIDTH="1209">
            <String CONTENT="intended;" HEIGHT="41" HPOS="292" ID="ST_558.1.15.1" STYLEREFS="Style_3" VPOS="1085" WIDTH="174" WC="0.86" CC="000000000" TAGREFS=""/>
            <SP HPOS="466" ID="SP_558.1.15.2" VPOS="1085" WIDTH="18"/>
            <String CONTENT="3)" HEIGHT="43" HPOS="484" ID="ST_558.1.15.3" STYLEREFS="Style_3" VPOS="1085" WIDTH="36" WC="0.92" CC="00" TAGREFS=""/>
            <SP HPOS="520" ID="SP_558.1.15.4" VPOS="1085" WIDTH="18"/>
            <String CONTENT="the" HEIGHT="35" HPOS="538" ID="ST_558.1.15.5" STYLEREFS="Style_3" VPOS="1085" WIDTH="59" WC="0.80" CC="000" TAGREFS=""/>
            <SP HPOS="597" ID="SP_558.1.15.6" VPOS="1085" WIDTH="16"/>
            <String CONTENT="latter" HEIGHT="35" HPOS="613" ID="ST_558.1.15.7" STYLEREFS="Style_3" VPOS="1085" WIDTH="102" WC="0.96" CC="000000" TAGREFS=""/>
            <SP HPOS="715" ID="SP_558.1.15.8" VPOS="1091" WIDTH="17"/>
            <String CONTENT="must" HEIGHT="29" HPOS="732" ID="ST_558.1.15.9" STYLEREFS="Style_3" VPOS="1091" WIDTH="92" WC="0.89" CC="0000" TAGREFS=""/>
            <SP HPOS="824" ID="SP_558.1.15.10" VPOS="1085" WIDTH="16"/>
            <String CONTENT="be" HEIGHT="34" HPOS="840" ID="ST_558.1.15.11" STYLEREFS="Style_3" VPOS="1085" WIDTH="42" WC="0.91" CC="00" TAGREFS=""/>
            <SP HPOS="882" ID="SP_558.1.15.12" VPOS="1085" WIDTH="16"/>
            <String CONTENT="ignorant" HEIGHT="43" HPOS="898" ID="ST_558.1.15.13" STYLEREFS="Style_3" VPOS="1085" WIDTH="159" WC="0.97" CC="00000000" TAGREFS=""/>
            <SP HPOS="1057" ID="SP_558.1.15.14" VPOS="1084" WIDTH="16"/>
            <String CONTENT="of" HEIGHT="35" HPOS="1073" ID="ST_558.1.15.15" STYLEREFS="Style_3" VPOS="1084" WIDTH="40" WC="0.94" CC="00" TAGREFS=""/>
            <SP HPOS="1113" ID="SP_558.1.15.16" VPOS="1084" WIDTH="12"/>
            <String CONTENT="the" HEIGHT="35" HPOS="1125" ID="ST_558.1.15.17" STYLEREFS="Style_3" VPOS="1084" WIDTH="59" WC="0.96" CC="000" TAGREFS=""/>
            <SP HPOS="1184" ID="SP_558.1.15.18" VPOS="1084" WIDTH="16"/>
            <String CONTENT="facts;" HEIGHT="41" HPOS="1200" ID="ST_558.1.15.19" STYLEREFS="Style_3" VPOS="1084" WIDTH="100" WC="1.00" CC="000000" TAGREFS=""/>
            <SP HPOS="1300" ID="SP_558.1.15.20" VPOS="1083" WIDTH="17"/>
            <String CONTENT="and" HEIGHT="35" HPOS="1317" ID="ST_558.1.15.21" STYLEREFS="Style_3" VPOS="1083" WIDTH="69" WC="0.74" CC="000" TAGREFS=""/>
            <SP HPOS="1386" ID="SP_558.1.15.22" VPOS="1083" WIDTH="16"/>
            <String CONTENT="4)" HEIGHT="44" HPOS="1402" ID="ST_558.1.15.23" STYLEREFS="Style_3" VPOS="1083" WIDTH="37" WC="1.00" CC="00" TAGREFS=""/>
            <SP HPOS="1439" ID="SP_558.1.15.24" VPOS="1083" WIDTH="19"/>
            <String CONTENT="he" HEIGHT="35" HPOS="1458" ID="ST_558.1.15.25" STYLEREFS="Style_3" VPOS="1083" WIDTH="43" WC="0.70" CC="00" TAGREFS=""/>
          </TextLine>
          <TextLine HEIGHT="45" HPOS="292" ID="TL_558.1.16" VPOS="1134" WIDTH="1210">
            <String CONTENT="must" HEIGHT="31" HPOS="292" ID="ST_558.1.16.1" STYLEREFS="Style_3" VPOS="1140" WIDTH="93" WC="1.00" CC="0000" TAGREFS=""/>
            <SP HPOS="385" ID="SP_558.1.16.2" VPOS="1136" WIDTH="11"/>
            <String CONTENT="rely" HEIGHT="43" HPOS="396" ID="ST_558.1.16.3" STYLEREFS="Style_3" VPOS="1136" WIDTH="71" WC="0.91" CC="0000" TAGREFS=""/>
            <SP HPOS="467" ID="SP_558.1.16.4" VPOS="1147" WIDTH="10"/>
            <String CONTENT="on" HEIGHT="24" HPOS="477" ID="ST_558.1.16.5" STYLEREFS="Style_3" VPOS="1147" WIDTH="44" WC="1.00" CC="00" TAGREFS=""/>
            <SP HPOS="521" ID="SP_558.1.16.6" VPOS="1135" WIDTH="10"/>
            <String CONTENT="the" HEIGHT="35" HPOS="531" ID="ST_558.1.16.7" STYLEREFS="Style_3" VPOS="1135" WIDTH="59" WC="0.72" CC="000" TAGREFS=""/>
            <SP HPOS="590" ID="SP_558.1.16.8" VPOS="1135" WIDTH="11"/>
            <String CONTENT="former’s" HEIGHT="35" HPOS="601" ID="ST_558.1.16.9" STYLEREFS="Style_3" VPOS="1135" WIDTH="156" WC="0.83" CC="00000090" TAGREFS=""/>
            <SP HPOS="757" ID="SP_558.1.16.10" VPOS="1135" WIDTH="11"/>
            <String CONTENT="conduct" HEIGHT="35" HPOS="768" ID="ST_558.1.16.11" STYLEREFS="Style_3" VPOS="1135" WIDTH="149" WC="1.00" CC="0000000" TAGREFS=""/>
            <SP HPOS="917" ID="SP_558.1.16.12" VPOS="1140" WIDTH="11"/>
            <String CONTENT="to" HEIGHT="29" HPOS="928" ID="ST_558.1.16.13" STYLEREFS="Style_3" VPOS="1140" WIDTH="34" WC="0.95" CC="00" TAGREFS=""/>
            <SP HPOS="962" ID="SP_558.1.16.14" VPOS="1134" WIDTH="11"/>
            <String CONTENT="his" HEIGHT="36" HPOS="973" ID="ST_558.1.16.15" STYLEREFS="Style_3" VPOS="1134" WIDTH="52" WC="0.92" CC="000" TAGREFS=""/>
            <SP HPOS="1025" ID="SP_558.1.16.16" VPOS="1134" WIDTH="11"/>
            <String CONTENT="injury." HEIGHT="44" HPOS="1036" ID="ST_558.1.16.17" STYLEREFS="Style_3" VPOS="1134" WIDTH="123" WC="0.95" CC="0000000" TAGREFS=""/>
            <SP HPOS="1159" ID="SP_558.1.16.18" VPOS="1134" WIDTH="13"/>
            <String CONTENT="See" HEIGHT="35" HPOS="1172" ID="ST_558.1.16.19" STYLEREFS="Style_3" VPOS="1134" WIDTH="66" WC="0.88" CC="000" TAGREFS=""/>
            <SP HPOS="1238" ID="SP_558.1.16.20" VPOS="1134" WIDTH="10"/>
            <String CONTENT="Foote’s" HEIGHT="35" HPOS="1248" ID="ST_558.1.16.21" STYLEREFS="Style_4" VPOS="1134" WIDTH="140" WC="0.79" CC="0000090" TAGREFS=""/>
            <SP HPOS="1388" ID="SP_558.1.16.22" VPOS="1135" WIDTH="9"/>
            <String CONTENT="Dixie" HEIGHT="33" HPOS="1397" ID="ST_558.1.16.23" STYLEREFS="Style_4" VPOS="1135" WIDTH="105" WC="1.00" CC="00000" TAGREFS=""/>
          </TextLine>
          <TextLine HEIGHT="46" HPOS="291" ID="TL_558.1.17" VPOS="1183" WIDTH="1207">
            <String CONTENT="Dandy," HEIGHT="43" HPOS="291" ID="ST_558.1.17.1" STYLEREFS="Style_4" VPOS="1186" WIDTH="135" WC="0.98" CC="000000" TAGREFS=""/>
            <SP HPOS="426" ID="SP_558.1.17.2" VPOS="1187" WIDTH="16"/>
            <String CONTENT="Inc." HEIGHT="33" HPOS="442" ID="ST_558.1.17.3" STYLEREFS="Style_4" VPOS="1187" WIDTH="68" WC="1.00" CC="0000" TAGREFS=""/>
            <SP HPOS="510" ID="SP_558.1.17.4" VPOS="1197" WIDTH="15"/>
            <String CONTENT="v." HEIGHT="23" HPOS="525" ID="ST_558.1.17.5" STYLEREFS="Style_3" VPOS="1197" WIDTH="30" WC="1.00" CC="00" TAGREFS=""/>
            <SP HPOS="555" ID="SP_558.1.17.6" VPOS="1187" WIDTH="15"/>
            <String CONTENT="McHenry," HEIGHT="42" HPOS="570" ID="ST_558.1.17.7" STYLEREFS="Style_4" VPOS="1187" WIDTH="193" WC="0.93" CC="00000000" TAGREFS=""/>
            <SP HPOS="763" ID="SP_558.1.17.8" VPOS="1186" WIDTH="15"/>
            <String CONTENT="270" HEIGHT="34" HPOS="778" ID="ST_558.1.17.9" STYLEREFS="Style_3" VPOS="1186" WIDTH="67" WC="0.81" CC="000" TAGREFS=""/>
            <SP HPOS="845" ID="SP_558.1.17.10" VPOS="1185" WIDTH="14"/>
            <String CONTENT="Ark." HEIGHT="35" HPOS="859" ID="ST_558.1.17.11" STYLEREFS="Style_3" VPOS="1185" WIDTH="84" WC="0.80" CC="0000" TAGREFS=""/>
            <SP HPOS="943" ID="SP_558.1.17.12" VPOS="1186" WIDTH="16"/>
            <String CONTENT="816," HEIGHT="40" HPOS="959" ID="ST_558.1.17.13" STYLEREFS="Style_3" VPOS="1186" WIDTH="78" WC="0.82" CC="9900" TAGREFS=""/>
            <SP HPOS="1037" ID="SP_558.1.17.14" VPOS="1185" WIDTH="15"/>
            <String CONTENT="607" HEIGHT="34" HPOS="1052" ID="ST_558.1.17.15" STYLEREFS="Style_3" VPOS="1185" WIDTH="68" WC="0.76" CC="000" TAGREFS=""/>
            <SP HPOS="1120" ID="SP_558.1.17.16" VPOS="1183" WIDTH="14"/>
            <String CONTENT="S.W.2d" HEIGHT="36" HPOS="1134" ID="ST_558.1.17.17" STYLEREFS="Style_3" VPOS="1183" WIDTH="143" WC="1.00" CC="000000" TAGREFS=""/>
            <SP HPOS="1277" ID="SP_558.1.17.18" VPOS="1186" WIDTH="15"/>
            <String CONTENT="323" HEIGHT="33" HPOS="1292" ID="ST_558.1.17.19" STYLEREFS="Style_3" VPOS="1186" WIDTH="65" WC="0.90" CC="000" TAGREFS=""/>
            <SP HPOS="1357" ID="SP_558.1.17.20" VPOS="1183" WIDTH="17"/>
            <String CONTENT="(1980)" HEIGHT="43" HPOS="1374" ID="ST_558.1.17.21" STYLEREFS="Style_3" VPOS="1183" WIDTH="124" WC="0.74" CC="000000" TAGREFS=""/>
          </TextLine>
          <TextLine HEIGHT="41" HPOS="293" ID="TL_558.1.18" VPOS="1234" WIDTH="1207">
            <String CONTENT="and" HEIGHT="35" HPOS="293" ID="ST_558.1.18.1" STYLEREFS="Style_3" VPOS="1235" WIDTH="68" WC="1.00" CC="000" TAGREFS=""/>
            <SP HPOS="361" ID="SP_558.1.18.2" VPOS="1237" WIDTH="16"/>
            <String CONTENT="AP&amp;L" HEIGHT="33" HPOS="377" ID="ST_558.1.18.3" STYLEREFS="Style_4" VPOS="1237" WIDTH="128" WC="0.88" CC="9090" TAGREFS=""/>
            <SP HPOS="505" ID="SP_558.1.18.4" VPOS="1247" WIDTH="15"/>
            <String CONTENT="v." HEIGHT="22" HPOS="520" ID="ST_558.1.18.5" STYLEREFS="Style_3" VPOS="1247" WIDTH="30" WC="1.00" CC="00" TAGREFS=""/>
            <SP HPOS="550" ID="SP_558.1.18.6" VPOS="1235" WIDTH="17"/>
            <String CONTENT="Arkansas" HEIGHT="35" HPOS="567" ID="ST_558.1.18.7" STYLEREFS="Style_4" VPOS="1235" WIDTH="185" WC="0.94" CC="00000000" TAGREFS=""/>
            <SP HPOS="752" ID="SP_558.1.18.8" VPOS="1234" WIDTH="16"/>
            <String CONTENT="Public" HEIGHT="35" HPOS="768" ID="ST_558.1.18.9" STYLEREFS="Style_4" VPOS="1234" WIDTH="124" WC="0.97" CC="000000" TAGREFS=""/>
            <SP HPOS="892" ID="SP_558.1.18.10" VPOS="1235" WIDTH="14"/>
            <String CONTENT="Service" HEIGHT="34" HPOS="906" ID="ST_558.1.18.11" STYLEREFS="Style_4" VPOS="1235" WIDTH="140" WC="0.99" CC="0000000" TAGREFS=""/>
            <SP HPOS="1046" ID="SP_558.1.18.12" VPOS="1235" WIDTH="19"/>
            <String CONTENT="Commission," HEIGHT="40" HPOS="1065" ID="ST_558.1.18.13" STYLEREFS="Style_4" VPOS="1235" WIDTH="246" WC="0.93" CC="00000000000" TAGREFS=""/>
            <SP HPOS="1311" ID="SP_558.1.18.14" VPOS="1235" WIDTH="19"/>
            <String CONTENT="275" HEIGHT="33" HPOS="1330" ID="ST_558.1.18.15" STYLEREFS="Style_3" VPOS="1235" WIDTH="66" WC="1.00" CC="099" TAGREFS=""/>
            <SP HPOS="1396" ID="SP_558.1.18.16" VPOS="1234" WIDTH="19"/>
            <String CONTENT="Ark." HEIGHT="34" HPOS="1415" ID="ST_558.1.18.17" STYLEREFS="Style_3" VPOS="1234" WIDTH="85" WC="0.99" CC="0000" TAGREFS=""/>
          </TextLine>
          <TextLine HEIGHT="44" HPOS="297" ID="TL_558.1.19" VPOS="1283" WIDTH="1205">
            <String CONTENT="164, 628" HEIGHT="39" HPOS="297" ID="ST_558.1.19.1" STYLEREFS="Style_3" VPOS="1286" WIDTH="153" WC="1.0" CC="00000000" TAGREFS=""/>
            <SP HPOS="450" ID="SP_558.1.19.2" VPOS="1284" WIDTH="14"/>
            <String CONTENT="S.W.2d" HEIGHT="35" HPOS="464" ID="ST_558.1.19.3" STYLEREFS="Style_3" VPOS="1284" WIDTH="143" WC="0.88" CC="000000" TAGREFS=""/>
            <SP HPOS="607" ID="SP_558.1.19.4" VPOS="1285" WIDTH="13"/>
            <String CONTENT="555" HEIGHT="34" HPOS="620" ID="ST_558.1.19.5" STYLEREFS="Style_3" VPOS="1285" WIDTH="66" WC="0.83" CC="000" TAGREFS=""/>
            <SP HPOS="686" ID="SP_558.1.19.6" VPOS="1284" WIDTH="15"/>
            <String CONTENT="(1982)." HEIGHT="43" HPOS="701" ID="ST_558.1.19.7" STYLEREFS="Style_3" VPOS="1284" WIDTH="137" WC="0.85" CC="0000000" TAGREFS=""/>
            <SP HPOS="838" ID="SP_558.1.19.8" VPOS="1284" WIDTH="13"/>
            <String CONTENT="Some" HEIGHT="35" HPOS="851" ID="ST_558.1.19.9" STYLEREFS="Style_3" VPOS="1284" WIDTH="105" WC="0.91" CC="0000" TAGREFS=""/>
            <SP HPOS="956" ID="SP_558.1.19.10" VPOS="1284" WIDTH="11"/>
            <String CONTENT="of" HEIGHT="35" HPOS="967" ID="ST_558.1.19.11" STYLEREFS="Style_3" VPOS="1284" WIDTH="40" WC="0.78" CC="00" TAGREFS=""/>
            <SP HPOS="1007" ID="SP_558.1.19.12" VPOS="1284" WIDTH="7"/>
            <String CONTENT="those" HEIGHT="34" HPOS="1014" ID="ST_558.1.19.13" STYLEREFS="Style_3" VPOS="1284" WIDTH="98" WC="1.00" CC="00000" TAGREFS=""/>
            <SP HPOS="1112" ID="SP_558.1.19.14" VPOS="1284" WIDTH="12"/>
            <String CONTENT="elements" HEIGHT="34" HPOS="1124" ID="ST_558.1.19.15" STYLEREFS="Style_3" VPOS="1284" WIDTH="165" WC="0.81" CC="00000000" TAGREFS=""/>
            <SP HPOS="1289" ID="SP_558.1.19.16" VPOS="1295" WIDTH="12"/>
            <String CONTENT="are" HEIGHT="23" HPOS="1301" ID="ST_558.1.19.17" STYLEREFS="Style_3" VPOS="1295" WIDTH="60" WC="0.87" CC="000" TAGREFS=""/>
            <SP HPOS="1361" ID="SP_558.1.19.18" VPOS="1283" WIDTH="11"/>
            <String CONTENT="plainly" HEIGHT="44" HPOS="1372" ID="ST_558.1.19.19" STYLEREFS="Style_3" VPOS="1283" WIDTH="130" WC="0.69" CC="0000000" TAGREFS=""/>
          </TextLine>
          <TextLine HEIGHT="44" HPOS="293" ID="TL_558.1.20" VPOS="1333" WIDTH="1209">
            <String CONTENT="lacking" HEIGHT="43" HPOS="293" ID="ST_558.1.20.1" STYLEREFS="Style_3" VPOS="1334" WIDTH="136" WC="0.93" CC="0000000" TAGREFS=""/>
            <SP HPOS="429" ID="SP_558.1.20.2" VPOS="1334" WIDTH="26"/>
            <String CONTENT="here:" HEIGHT="34" HPOS="455" ID="ST_558.1.20.3" STYLEREFS="Style_3" VPOS="1334" WIDTH="91" WC="0.99" CC="00000" TAGREFS=""/>
            <SP HPOS="546" ID="SP_558.1.20.4" VPOS="1334" WIDTH="27"/>
            <String CONTENT="the" HEIGHT="34" HPOS="573" ID="ST_558.1.20.5" STYLEREFS="Style_3" VPOS="1334" WIDTH="60" WC="0.92" CC="000" TAGREFS=""/>
            <SP HPOS="633" ID="SP_558.1.20.6" VPOS="1339" WIDTH="25"/>
            <String CONTENT="state" HEIGHT="29" HPOS="658" ID="ST_558.1.20.7" STYLEREFS="Style_3" VPOS="1339" WIDTH="90" WC="0.97" CC="00000" TAGREFS=""/>
            <SP HPOS="748" ID="SP_558.1.20.8" VPOS="1333" WIDTH="26"/>
            <String CONTENT="has" HEIGHT="35" HPOS="774" ID="ST_558.1.20.9" STYLEREFS="Style_3" VPOS="1333" WIDTH="61" WC="0.94" CC="000" TAGREFS=""/>
            <SP HPOS="835" ID="SP_558.1.20.10" VPOS="1334" WIDTH="27"/>
            <String CONTENT="taken" HEIGHT="34" HPOS="862" ID="ST_558.1.20.11" STYLEREFS="Style_3" VPOS="1334" WIDTH="104" WC="1.00" CC="00000" TAGREFS=""/>
            <SP HPOS="966" ID="SP_558.1.20.12" VPOS="1344" WIDTH="26"/>
            <String CONTENT="no" HEIGHT="24" HPOS="992" ID="ST_558.1.20.13" STYLEREFS="Style_3" VPOS="1344" WIDTH="44" WC="0.98" CC="00" TAGREFS=""/>
            <SP HPOS="1036" ID="SP_558.1.20.14" VPOS="1333" WIDTH="25"/>
            <String CONTENT="position" HEIGHT="43" HPOS="1061" ID="ST_558.1.20.15" STYLEREFS="Style_3" VPOS="1333" WIDTH="147" WC="0.99" CC="00000000" TAGREFS=""/>
            <SP HPOS="1208" ID="SP_558.1.20.16" VPOS="1344" WIDTH="27"/>
            <String CONTENT="on" HEIGHT="23" HPOS="1235" ID="ST_558.1.20.17" STYLEREFS="Style_3" VPOS="1344" WIDTH="43" WC="0.91" CC="00" TAGREFS=""/>
            <SP HPOS="1278" ID="SP_558.1.20.18" VPOS="1333" WIDTH="26"/>
            <String CONTENT="which" HEIGHT="34" HPOS="1304" ID="ST_558.1.20.19" STYLEREFS="Style_3" VPOS="1333" WIDTH="112" WC="0.80" CC="00000" TAGREFS=""/>
            <SP HPOS="1416" ID="SP_558.1.20.20" VPOS="1333" WIDTH="27"/>
            <String CONTENT="the" HEIGHT="34" HPOS="1443" ID="ST_558.1.20.21" STYLEREFS="Style_3" VPOS="1333" WIDTH="59" WC="0.95" CC="000" TAGREFS=""/>
          </TextLine>
          <TextLine HEIGHT="45" HPOS="292" ID="TL_558.1.21" VPOS="1382" WIDTH="1209">
            <String CONTENT="appellants" HEIGHT="44" HPOS="292" ID="ST_558.1.21.1" STYLEREFS="Style_3" VPOS="1383" WIDTH="192" WC="0.84" CC="0000000000" TAGREFS=""/>
            <SP HPOS="484" ID="SP_558.1.21.2" VPOS="1383" WIDTH="16"/>
            <String CONTENT="have" HEIGHT="34" HPOS="500" ID="ST_558.1.21.3" STYLEREFS="Style_3" VPOS="1383" WIDTH="87" WC="0.74" CC="0000" TAGREFS=""/>
            <SP HPOS="587" ID="SP_558.1.21.4" VPOS="1383" WIDTH="16"/>
            <String CONTENT="relied" HEIGHT="34" HPOS="603" ID="ST_558.1.21.5" STYLEREFS="Style_3" VPOS="1383" WIDTH="105" WC="0.76" CC="000000" TAGREFS=""/>
            <SP HPOS="708" ID="SP_558.1.21.6" VPOS="1388" WIDTH="17"/>
            <String CONTENT="to" HEIGHT="29" HPOS="725" ID="ST_558.1.21.7" STYLEREFS="Style_3" VPOS="1388" WIDTH="34" WC="0.81" CC="00" TAGREFS=""/>
            <SP HPOS="759" ID="SP_558.1.21.8" VPOS="1383" WIDTH="17"/>
            <String CONTENT="their" HEIGHT="35" HPOS="776" ID="ST_558.1.21.9" STYLEREFS="Style_3" VPOS="1383" WIDTH="89" WC="0.85" CC="00000" TAGREFS=""/>
            <SP HPOS="865" ID="SP_558.1.21.10" VPOS="1382" WIDTH="15"/>
            <String CONTENT="detriment," HEIGHT="41" HPOS="880" ID="ST_558.1.21.11" STYLEREFS="Style_3" VPOS="1382" WIDTH="196" WC="0.88" CC="0000000000" TAGREFS=""/>
            <SP HPOS="1076" ID="SP_558.1.21.12" VPOS="1393" WIDTH="17"/>
            <String CONTENT="nor" HEIGHT="24" HPOS="1093" ID="ST_558.1.21.13" STYLEREFS="Style_3" VPOS="1393" WIDTH="62" WC="0.59" CC="000" TAGREFS=""/>
            <SP HPOS="1155" ID="SP_558.1.21.14" VPOS="1392" WIDTH="15"/>
            <String CONTENT="can" HEIGHT="25" HPOS="1170" ID="ST_558.1.21.15" STYLEREFS="Style_3" VPOS="1392" WIDTH="65" WC="0.78" CC="000" TAGREFS=""/>
            <SP HPOS="1235" ID="SP_558.1.21.16" VPOS="1382" WIDTH="16"/>
            <String CONTENT="it" HEIGHT="34" HPOS="1251" ID="ST_558.1.21.17" STYLEREFS="Style_3" VPOS="1382" WIDTH="27" WC="0.67" CC="00" TAGREFS=""/>
            <SP HPOS="1278" ID="SP_558.1.21.18" VPOS="1383" WIDTH="16"/>
            <String CONTENT="be" HEIGHT="33" HPOS="1294" ID="ST_558.1.21.19" STYLEREFS="Style_3" VPOS="1383" WIDTH="42" WC="1.00" CC="00" TAGREFS=""/>
            <SP HPOS="1336" ID="SP_558.1.21.20" VPOS="1382" WIDTH="16"/>
            <String CONTENT="said" HEIGHT="34" HPOS="1352" ID="ST_558.1.21.21" STYLEREFS="Style_3" VPOS="1382" WIDTH="74" WC="0.72" CC="0000" TAGREFS=""/>
            <SP HPOS="1426" ID="SP_558.1.21.22" VPOS="1382" WIDTH="17"/>
            <String CONTENT="the" HEIGHT="34" HPOS="1443" ID="ST_558.1.21.23" STYLEREFS="Style_3" VPOS="1382" WIDTH="58" WC="0.62" CC="000" TAGREFS=""/>
          </TextLine>
          <TextLine HEIGHT="44" HPOS="292" ID="TL_558.1.22" VPOS="1432" WIDTH="704">
            <String CONTENT="appellants" HEIGHT="43" HPOS="292" ID="ST_558.1.22.1" STYLEREFS="Style_3" VPOS="1433" WIDTH="192" WC="0.90" CC="0000000000" TAGREFS=""/>
            <SP HPOS="484" ID="SP_558.1.22.2" VPOS="1443" WIDTH="21"/>
            <String CONTENT="are" HEIGHT="24" HPOS="505" ID="ST_558.1.22.3" STYLEREFS="Style_3" VPOS="1443" WIDTH="59" WC="0.90" CC="000" TAGREFS=""/>
            <SP HPOS="564" ID="SP_558.1.22.4" VPOS="1433" WIDTH="20"/>
            <String CONTENT="ignorant" HEIGHT="43" HPOS="584" ID="ST_558.1.22.5" STYLEREFS="Style_3" VPOS="1433" WIDTH="159" WC="0.97" CC="00000000" TAGREFS=""/>
            <SP HPOS="743" ID="SP_558.1.22.6" VPOS="1433" WIDTH="20"/>
            <String CONTENT="of" HEIGHT="34" HPOS="763" ID="ST_558.1.22.7" STYLEREFS="Style_3" VPOS="1433" WIDTH="39" WC="1.00" CC="00" TAGREFS=""/>
            <SP HPOS="802" ID="SP_558.1.22.8" VPOS="1432" WIDTH="17"/>
            <String CONTENT="the" HEIGHT="35" HPOS="819" ID="ST_558.1.22.9" STYLEREFS="Style_3" VPOS="1432" WIDTH="59" WC="0.91" CC="000" TAGREFS=""/>
            <SP HPOS="878" ID="SP_558.1.22.10" VPOS="1432" WIDTH="20"/>
            <String CONTENT="facts." HEIGHT="35" HPOS="898" ID="ST_558.1.22.11" STYLEREFS="Style_3" VPOS="1432" WIDTH="98" WC="1.00" CC="000000" TAGREFS=""/>
          </TextLine>
        </TextBlock>
        <TextBlock HEIGHT="33.0" HPOS="295.0" ID="BL_558.2" TAGREFS="b558-1" VPOS="251.0" WIDTH="67.0">
          <TextLine HEIGHT="33" HPOS="295" ID="TL_558.2.1" VPOS="251" WIDTH="67">
            <String CONTENT="520" HEIGHT="33" HPOS="295" ID="ST_558.2.1.1" STYLEREFS="Style_3" VPOS="251" WIDTH="67" WC="0.73" CC="000" TAGREFS=""/>
          </TextLine>
        </TextBlock>
        <TextBlock HEIGHT="442.0" HPOS="291.0" ID="BL_558.4" TAGREFS="b558-6" VPOS="1514.0" WIDTH="1212.0">
          <TextLine HEIGHT="46" HPOS="383" ID="TL_558.4.1" VPOS="1514" WIDTH="1118">
            <String CONTENT="To" HEIGHT="34" HPOS="475" ID="ST_558.4.1.3" STYLEREFS="Style_3" VPOS="1517" WIDTH="50" WC="1.00" CC="00" TAGREFS=""/>
            <SP HPOS="525" ID="SP_558.4.1.4" VPOS="1515" WIDTH="10"/>
            <String CONTENT="adopt" HEIGHT="45" HPOS="535" ID="ST_558.4.1.5" STYLEREFS="Style_3" VPOS="1515" WIDTH="105" WC="1.00" CC="00000" TAGREFS=""/>
            <SP HPOS="640" ID="SP_558.4.1.6" VPOS="1516" WIDTH="9"/>
            <String CONTENT="appellant’s" HEIGHT="44" HPOS="649" ID="ST_558.4.1.7" STYLEREFS="Style_3" VPOS="1516" WIDTH="204" WC="0.87" CC="00000000090" TAGREFS=""/>
            <SP HPOS="853" ID="SP_558.4.1.8" VPOS="1520" WIDTH="9"/>
            <String CONTENT="argument" HEIGHT="38" HPOS="862" ID="ST_558.4.1.9" STYLEREFS="Style_3" VPOS="1520" WIDTH="183" WC="0.95" CC="00000000" TAGREFS=""/>
            <SP HPOS="1045" ID="SP_558.4.1.10" VPOS="1514" WIDTH="9"/>
            <String CONTENT="would" HEIGHT="36" HPOS="1054" ID="ST_558.4.1.11" STYLEREFS="Style_3" VPOS="1514" WIDTH="113" WC="1.00" CC="00000" TAGREFS=""/>
            <SP HPOS="1167" ID="SP_558.4.1.12" VPOS="1514" WIDTH="9"/>
            <String CONTENT="effectively" HEIGHT="44" HPOS="1176" ID="ST_558.4.1.13" STYLEREFS="Style_3" VPOS="1514" WIDTH="193" WC="0.88" CC="09000000000" TAGREFS=""/>
            <SP HPOS="1369" ID="SP_558.4.1.14" VPOS="1514" WIDTH="9"/>
            <String CONTENT="nullify" HEIGHT="44" HPOS="1378" ID="ST_558.4.1.15" STYLEREFS="Style_3" VPOS="1514" WIDTH="123" WC="0.81" CC="0000000" TAGREFS=""/>
          </TextLine>
          <TextLine HEIGHT="45" HPOS="292" ID="TL_558.4.2" VPOS="1564" WIDTH="1209">
            <String CONTENT="Ark." HEIGHT="34" HPOS="292" ID="ST_558.4.2.1" STYLEREFS="Style_3" VPOS="1566" WIDTH="85" WC="0.95" CC="0000" TAGREFS=""/>
            <SP HPOS="377" ID="SP_558.4.2.2" VPOS="1566" WIDTH="12"/>
            <String CONTENT="Stat." HEIGHT="34" HPOS="389" ID="ST_558.4.2.3" STYLEREFS="Style_3" VPOS="1566" WIDTH="89" WC="0.97" CC="00000" TAGREFS=""/>
            <SP HPOS="478" ID="SP_558.4.2.4" VPOS="1567" WIDTH="12"/>
            <String CONTENT="Ann." HEIGHT="33" HPOS="490" ID="ST_558.4.2.5" STYLEREFS="Style_3" VPOS="1567" WIDTH="91" WC="1.00" CC="0000" TAGREFS=""/>
            <SP HPOS="581" ID="SP_558.4.2.6" VPOS="1566" WIDTH="14"/>
            <String CONTENT="§" HEIGHT="42" HPOS="595" ID="ST_558.4.2.7" STYLEREFS="Style_3" VPOS="1566" WIDTH="17" WC="1.00" CC="0" TAGREFS=""/>
            <SP HPOS="612" ID="SP_558.4.2.8" VPOS="1566" WIDTH="14"/>
            <String CONTENT="41-2604" HEIGHT="34" HPOS="626" ID="ST_558.4.2.9" STYLEREFS="Style_3" VPOS="1566" WIDTH="154" WC="0.88" CC="0000000" TAGREFS=""/>
            <SP HPOS="780" ID="SP_558.4.2.10" VPOS="1566" WIDTH="13"/>
            <String CONTENT="(Repl." HEIGHT="43" HPOS="793" ID="ST_558.4.2.11" STYLEREFS="Style_3" VPOS="1566" WIDTH="115" WC="0.98" CC="000090" TAGREFS=""/>
            <SP HPOS="908" ID="SP_558.4.2.12" VPOS="1565" WIDTH="16"/>
            <String CONTENT="1977)," HEIGHT="42" HPOS="924" ID="ST_558.4.2.13" STYLEREFS="Style_3" VPOS="1565" WIDTH="117" WC="1.00" CC="000000" TAGREFS=""/>
            <SP HPOS="1041" ID="SP_558.4.2.14" VPOS="1565" WIDTH="12"/>
            <String CONTENT="which" HEIGHT="34" HPOS="1053" ID="ST_558.4.2.15" STYLEREFS="Style_3" VPOS="1565" WIDTH="112" WC="0.96" CC="00000" TAGREFS=""/>
            <SP HPOS="1165" ID="SP_558.4.2.16" VPOS="1565" WIDTH="11"/>
            <String CONTENT="expressly" HEIGHT="44" HPOS="1176" ID="ST_558.4.2.17" STYLEREFS="Style_3" VPOS="1565" WIDTH="173" WC="0.85" CC="000000000" TAGREFS=""/>
            <SP HPOS="1349" ID="SP_558.4.2.18" VPOS="1564" WIDTH="9"/>
            <String CONTENT="permits" HEIGHT="44" HPOS="1358" ID="ST_558.4.2.19" STYLEREFS="Style_3" VPOS="1564" WIDTH="143" WC="0.98" CC="0000000" TAGREFS=""/>
          </TextLine>
          <TextLine HEIGHT="45" HPOS="292" ID="TL_558.4.3" VPOS="1614" WIDTH="1209">
            <String CONTENT="the" HEIGHT="34" HPOS="292" ID="ST_558.4.3.1" STYLEREFS="Style_3" VPOS="1615" WIDTH="59" WC="0.92" CC="000" TAGREFS=""/>
            <SP HPOS="351" ID="SP_558.4.3.2" VPOS="1620" WIDTH="10"/>
            <String CONTENT="state" HEIGHT="29" HPOS="361" ID="ST_558.4.3.3" STYLEREFS="Style_3" VPOS="1620" WIDTH="89" WC="1.00" CC="00000" TAGREFS=""/>
            <SP HPOS="450" ID="SP_558.4.3.4" VPOS="1620" WIDTH="9"/>
            <String CONTENT="to" HEIGHT="29" HPOS="459" ID="ST_558.4.3.5" STYLEREFS="Style_3" VPOS="1620" WIDTH="35" WC="1.00" CC="00" TAGREFS=""/>
            <SP HPOS="494" ID="SP_558.4.3.6" VPOS="1615" WIDTH="11"/>
            <String CONTENT="proceed" HEIGHT="44" HPOS="505" ID="ST_558.4.3.7" STYLEREFS="Style_3" VPOS="1615" WIDTH="145" WC="0.93" CC="0000000" TAGREFS=""/>
            <SP HPOS="650" ID="SP_558.4.3.8" VPOS="1625" WIDTH="11"/>
            <String CONTENT="as" HEIGHT="24" HPOS="661" ID="ST_558.4.3.9" STYLEREFS="Style_3" VPOS="1625" WIDTH="37" WC="1.00" CC="00" TAGREFS=""/>
            <SP HPOS="698" ID="SP_558.4.3.10" VPOS="1615" WIDTH="11"/>
            <String CONTENT="it" HEIGHT="34" HPOS="709" ID="ST_558.4.3.11" STYLEREFS="Style_3" VPOS="1615" WIDTH="26" WC="1.00" CC="00" TAGREFS=""/>
            <SP HPOS="735" ID="SP_558.4.3.12" VPOS="1615" WIDTH="9"/>
            <String CONTENT="did" HEIGHT="34" HPOS="744" ID="ST_558.4.3.13" STYLEREFS="Style_3" VPOS="1615" WIDTH="58" WC="1.00" CC="000" TAGREFS=""/>
            <SP HPOS="802" ID="SP_558.4.3.14" VPOS="1615" WIDTH="11"/>
            <String CONTENT="in" HEIGHT="34" HPOS="813" ID="ST_558.4.3.15" STYLEREFS="Style_3" VPOS="1615" WIDTH="34" WC="0.99" CC="00" TAGREFS=""/>
            <SP HPOS="847" ID="SP_558.4.3.16" VPOS="1615" WIDTH="10"/>
            <String CONTENT="this" HEIGHT="34" HPOS="857" ID="ST_558.4.3.17" STYLEREFS="Style_3" VPOS="1615" WIDTH="68" WC="0.88" CC="0000" TAGREFS=""/>
            <SP HPOS="925" ID="SP_558.4.3.18" VPOS="1625" WIDTH="10"/>
            <String CONTENT="case." HEIGHT="24" HPOS="935" ID="ST_558.4.3.19" STYLEREFS="Style_3" VPOS="1625" WIDTH="89" WC="0.97" CC="00000" TAGREFS=""/>
            <SP HPOS="1024" ID="SP_558.4.3.20" VPOS="1614" WIDTH="11"/>
            <String CONTENT="The" HEIGHT="35" HPOS="1035" ID="ST_558.4.3.21" STYLEREFS="Style_3" VPOS="1614" WIDTH="75" WC="0.91" CC="000" TAGREFS=""/>
            <SP HPOS="1110" ID="SP_558.4.3.22" VPOS="1619" WIDTH="9"/>
            <String CONTENT="statute" HEIGHT="30" HPOS="1119" ID="ST_558.4.3.23" STYLEREFS="Style_3" VPOS="1619" WIDTH="130" WC="0.96" CC="0000000" TAGREFS=""/>
            <SP HPOS="1249" ID="SP_558.4.3.24" VPOS="1614" WIDTH="9"/>
            <String CONTENT="provides" HEIGHT="43" HPOS="1258" ID="ST_558.4.3.25" STYLEREFS="Style_3" VPOS="1614" WIDTH="156" WC="1.00" CC="00000000" TAGREFS=""/>
            <SP HPOS="1414" ID="SP_558.4.3.26" VPOS="1614" WIDTH="10"/>
            <String CONTENT="that" HEIGHT="34" HPOS="1424" ID="ST_558.4.3.27" STYLEREFS="Style_3" VPOS="1614" WIDTH="77" WC="0.97" CC="0000" TAGREFS=""/>
          </TextLine>
          <TextLine HEIGHT="45" HPOS="292" ID="TL_558.4.4" VPOS="1663" WIDTH="1209">
            <String CONTENT="proof" HEIGHT="43" HPOS="292" ID="ST_558.4.4.1" STYLEREFS="Style_3" VPOS="1665" WIDTH="102" WC="1.00" CC="00000" TAGREFS=""/>
            <SP HPOS="394" ID="SP_558.4.4.2" VPOS="1664" WIDTH="7"/>
            <String CONTENT="of" HEIGHT="35" HPOS="401" ID="ST_558.4.4.3" STYLEREFS="Style_3" VPOS="1664" WIDTH="39" WC="1.00" CC="00" TAGREFS=""/>
            <SP HPOS="440" ID="SP_558.4.4.4" VPOS="1664" WIDTH="7"/>
            <String CONTENT="the" HEIGHT="35" HPOS="447" ID="ST_558.4.4.5" STYLEREFS="Style_3" VPOS="1664" WIDTH="58" WC="1.00" CC="000" TAGREFS=""/>
            <SP HPOS="505" ID="SP_558.4.4.6" VPOS="1664" WIDTH="11"/>
            <String CONTENT="inconsistency" HEIGHT="43" HPOS="516" ID="ST_558.4.4.7" STYLEREFS="Style_3" VPOS="1664" WIDTH="249" WC="0.92" CC="0000000000000" TAGREFS=""/>
            <SP HPOS="765" ID="SP_558.4.4.8" VPOS="1664" WIDTH="10"/>
            <String CONTENT="of" HEIGHT="35" HPOS="775" ID="ST_558.4.4.9" STYLEREFS="Style_3" VPOS="1664" WIDTH="39" WC="0.89" CC="00" TAGREFS=""/>
            <SP HPOS="814" ID="SP_558.4.4.10" VPOS="1664" WIDTH="7"/>
            <String CONTENT="the" HEIGHT="34" HPOS="821" ID="ST_558.4.4.11" STYLEREFS="Style_3" VPOS="1664" WIDTH="59" WC="1.00" CC="000" TAGREFS=""/>
            <SP HPOS="880" ID="SP_558.4.4.12" VPOS="1669" WIDTH="10"/>
            <String CONTENT="statements" HEIGHT="30" HPOS="890" ID="ST_558.4.4.13" STYLEREFS="Style_3" VPOS="1669" WIDTH="203" WC="0.92" CC="0000000000" TAGREFS=""/>
            <SP HPOS="1093" ID="SP_558.4.4.14" VPOS="1664" WIDTH="10"/>
            <String CONTENT="shall" HEIGHT="34" HPOS="1103" ID="ST_558.4.4.15" STYLEREFS="Style_3" VPOS="1664" WIDTH="88" WC="0.88" CC="00000" TAGREFS=""/>
            <SP HPOS="1191" ID="SP_558.4.4.16" VPOS="1664" WIDTH="10"/>
            <String CONTENT="be" HEIGHT="34" HPOS="1201" ID="ST_558.4.4.17" STYLEREFS="Style_3" VPOS="1664" WIDTH="43" WC="1.00" CC="00" TAGREFS=""/>
            <SP HPOS="1244" ID="SP_558.4.4.18" VPOS="1664" WIDTH="10"/>
            <String CONTENT="evidence" HEIGHT="34" HPOS="1254" ID="ST_558.4.4.19" STYLEREFS="Style_3" VPOS="1664" WIDTH="162" WC="0.98" CC="00000000" TAGREFS=""/>
            <SP HPOS="1416" ID="SP_558.4.4.20" VPOS="1663" WIDTH="9"/>
            <String CONTENT="that" HEIGHT="35" HPOS="1425" ID="ST_558.4.4.21" STYLEREFS="Style_3" VPOS="1663" WIDTH="76" WC="0.89" CC="0000" TAGREFS=""/>
          </TextLine>
          <TextLine HEIGHT="44" HPOS="292" ID="TL_558.4.5" VPOS="1713" WIDTH="1211">
            <String CONTENT="one" HEIGHT="23" HPOS="292" ID="ST_558.4.5.1" STYLEREFS="Style_3" VPOS="1725" WIDTH="65" WC="1.00" CC="000" TAGREFS=""/>
            <SP HPOS="357" ID="SP_558.4.5.2" VPOS="1714" WIDTH="10"/>
            <String CONTENT="such" HEIGHT="35" HPOS="367" ID="ST_558.4.5.3" STYLEREFS="Style_3" VPOS="1714" WIDTH="84" WC="0.88" CC="0000" TAGREFS=""/>
            <SP HPOS="451" ID="SP_558.4.5.4" VPOS="1719" WIDTH="11"/>
            <String CONTENT="statement" HEIGHT="30" HPOS="462" ID="ST_558.4.5.5" STYLEREFS="Style_3" VPOS="1719" WIDTH="186" WC="0.95" CC="000000000" TAGREFS=""/>
            <SP HPOS="648" ID="SP_558.4.5.6" VPOS="1714" WIDTH="11"/>
            <String CONTENT="is" HEIGHT="34" HPOS="659" ID="ST_558.4.5.7" STYLEREFS="Style_3" VPOS="1714" WIDTH="27" WC="1.00" CC="00" TAGREFS=""/>
            <SP HPOS="686" ID="SP_558.4.5.8" VPOS="1714" WIDTH="12"/>
            <String CONTENT="false." HEIGHT="34" HPOS="698" ID="ST_558.4.5.9" STYLEREFS="Style_3" VPOS="1714" WIDTH="96" WC="0.95" CC="000000" TAGREFS=""/>
            <SP HPOS="794" ID="SP_558.4.5.10" VPOS="1715" WIDTH="13"/>
            <String CONTENT="It" HEIGHT="33" HPOS="807" ID="ST_558.4.5.11" STYLEREFS="Style_3" VPOS="1715" WIDTH="31" WC="1.00" CC="00" TAGREFS=""/>
            <SP HPOS="838" ID="SP_558.4.5.12" VPOS="1714" WIDTH="11"/>
            <String CONTENT="relieves" HEIGHT="34" HPOS="849" ID="ST_558.4.5.13" STYLEREFS="Style_3" VPOS="1714" WIDTH="140" WC="1.00" CC="00000000" TAGREFS=""/>
            <SP HPOS="989" ID="SP_558.4.5.14" VPOS="1714" WIDTH="11"/>
            <String CONTENT="the" HEIGHT="34" HPOS="1000" ID="ST_558.4.5.15" STYLEREFS="Style_3" VPOS="1714" WIDTH="59" WC="1.00" CC="000" TAGREFS=""/>
            <SP HPOS="1059" ID="SP_558.4.5.16" VPOS="1719" WIDTH="10"/>
            <String CONTENT="state" HEIGHT="29" HPOS="1069" ID="ST_558.4.5.17" STYLEREFS="Style_3" VPOS="1719" WIDTH="91" WC="0.95" CC="00000" TAGREFS=""/>
            <SP HPOS="1160" ID="SP_558.4.5.18" VPOS="1714" WIDTH="9"/>
            <String CONTENT="of" HEIGHT="34" HPOS="1169" ID="ST_558.4.5.19" STYLEREFS="Style_3" VPOS="1714" WIDTH="39" WC="0.89" CC="00" TAGREFS=""/>
            <SP HPOS="1208" ID="SP_558.4.5.20" VPOS="1714" WIDTH="8"/>
            <String CONTENT="the" HEIGHT="34" HPOS="1216" ID="ST_558.4.5.21" STYLEREFS="Style_3" VPOS="1714" WIDTH="59" WC="0.87" CC="000" TAGREFS=""/>
            <SP HPOS="1275" ID="SP_558.4.5.22" VPOS="1714" WIDTH="11"/>
            <String CONTENT="necessity" HEIGHT="43" HPOS="1286" ID="ST_558.4.5.23" STYLEREFS="Style_3" VPOS="1714" WIDTH="168" WC="0.99" CC="000000000" TAGREFS=""/>
            <SP HPOS="1454" ID="SP_558.4.5.24" VPOS="1713" WIDTH="10"/>
            <String CONTENT="of" HEIGHT="35" HPOS="1464" ID="ST_558.4.5.25" STYLEREFS="Style_3" VPOS="1713" WIDTH="39" WC="1.00" CC="00" TAGREFS=""/>
          </TextLine>
          <TextLine HEIGHT="45" HPOS="291" ID="TL_558.4.6" VPOS="1763" WIDTH="1210">
            <String CONTENT="proving" HEIGHT="44" HPOS="291" ID="ST_558.4.6.1" STYLEREFS="Style_3" VPOS="1764" WIDTH="142" WC="0.86" CC="0000000" TAGREFS=""/>
            <SP HPOS="433" ID="SP_558.4.6.2" VPOS="1764" WIDTH="14"/>
            <String CONTENT="which" HEIGHT="34" HPOS="447" ID="ST_558.4.6.3" STYLEREFS="Style_3" VPOS="1764" WIDTH="111" WC="0.87" CC="00000" TAGREFS=""/>
            <SP HPOS="558" ID="SP_558.4.6.4" VPOS="1769" WIDTH="14"/>
            <String CONTENT="statement" HEIGHT="29" HPOS="572" ID="ST_558.4.6.5" STYLEREFS="Style_3" VPOS="1769" WIDTH="186" WC="0.83" CC="000000000" TAGREFS=""/>
            <SP HPOS="758" ID="SP_558.4.6.6" VPOS="1763" WIDTH="14"/>
            <String CONTENT="is" HEIGHT="35" HPOS="772" ID="ST_558.4.6.7" STYLEREFS="Style_3" VPOS="1763" WIDTH="27" WC="0.72" CC="00" TAGREFS=""/>
            <SP HPOS="799" ID="SP_558.4.6.8" VPOS="1763" WIDTH="14"/>
            <String CONTENT="false," HEIGHT="41" HPOS="813" ID="ST_558.4.6.9" STYLEREFS="Style_3" VPOS="1763" WIDTH="97" WC="0.99" CC="000000" TAGREFS=""/>
            <SP HPOS="910" ID="SP_558.4.6.10" VPOS="1763" WIDTH="15"/>
            <String CONTENT="since" HEIGHT="35" HPOS="925" ID="ST_558.4.6.11" STYLEREFS="Style_3" VPOS="1763" WIDTH="94" WC="0.89" CC="00000" TAGREFS=""/>
            <SP HPOS="1019" ID="SP_558.4.6.12" VPOS="1763" WIDTH="12"/>
            <String CONTENT="obviously" HEIGHT="45" HPOS="1031" ID="ST_558.4.6.13" STYLEREFS="Style_3" VPOS="1763" WIDTH="177" WC="0.98" CC="000000000" TAGREFS=""/>
            <SP HPOS="1208" ID="SP_558.4.6.14" VPOS="1763" WIDTH="14"/>
            <String CONTENT="both" HEIGHT="35" HPOS="1222" ID="ST_558.4.6.15" STYLEREFS="Style_3" VPOS="1763" WIDTH="83" WC="0.97" CC="0000" TAGREFS=""/>
            <SP HPOS="1305" ID="SP_558.4.6.16" VPOS="1768" WIDTH="13"/>
            <String CONTENT="cannot" HEIGHT="30" HPOS="1318" ID="ST_558.4.6.17" STYLEREFS="Style_3" VPOS="1768" WIDTH="127" WC="1.00" CC="000000" TAGREFS=""/>
            <SP HPOS="1445" ID="SP_558.4.6.18" VPOS="1763" WIDTH="14"/>
            <String CONTENT="be" HEIGHT="35" HPOS="1459" ID="ST_558.4.6.19" STYLEREFS="Style_3" VPOS="1763" WIDTH="42" WC="0.73" CC="00" TAGREFS=""/>
          </TextLine>
          <TextLine HEIGHT="45" HPOS="291" ID="TL_558.4.7" VPOS="1812" WIDTH="1209">
            <String CONTENT="true." HEIGHT="29" HPOS="291" ID="ST_558.4.7.1" STYLEREFS="Style_3" VPOS="1819" WIDTH="86" WC="0.97" CC="00000" TAGREFS=""/>
            <SP HPOS="377" ID="SP_558.4.7.2" VPOS="1813" WIDTH="14"/>
            <String CONTENT="Given" HEIGHT="35" HPOS="391" ID="ST_558.4.7.3" STYLEREFS="Style_3" VPOS="1813" WIDTH="111" WC="0.90" CC="00000" TAGREFS=""/>
            <SP HPOS="502" ID="SP_558.4.7.4" VPOS="1814" WIDTH="11"/>
            <String CONTENT="the" HEIGHT="34" HPOS="513" ID="ST_558.4.7.5" STYLEREFS="Style_3" VPOS="1814" WIDTH="59" WC="1.00" CC="000" TAGREFS=""/>
            <SP HPOS="572" ID="SP_558.4.7.6" VPOS="1813" WIDTH="11"/>
            <String CONTENT="presumption" HEIGHT="44" HPOS="583" ID="ST_558.4.7.7" STYLEREFS="Style_3" VPOS="1813" WIDTH="236" WC="0.93" CC="00000000000" TAGREFS=""/>
            <SP HPOS="819" ID="SP_558.4.7.8" VPOS="1813" WIDTH="12"/>
            <String CONTENT="of" HEIGHT="34" HPOS="831" ID="ST_558.4.7.9" STYLEREFS="Style_3" VPOS="1813" WIDTH="39" WC="1.00" CC="00" TAGREFS=""/>
            <SP HPOS="870" ID="SP_558.4.7.10" VPOS="1812" WIDTH="9"/>
            <String CONTENT="constitutionality," HEIGHT="44" HPOS="879" ID="ST_558.4.7.11" STYLEREFS="Style_3" VPOS="1812" WIDTH="320" WC="0.92" CC="000000000000000000" TAGREFS=""/>
            <SP HPOS="1199" ID="SP_558.4.7.12" VPOS="1824" WIDTH="12"/>
            <String CONTENT="we" HEIGHT="23" HPOS="1211" ID="ST_558.4.7.13" STYLEREFS="Style_3" VPOS="1824" WIDTH="52" WC="0.99" CC="00" TAGREFS=""/>
            <SP HPOS="1263" ID="SP_558.4.7.14" VPOS="1813" WIDTH="11"/>
            <String CONTENT="find" HEIGHT="35" HPOS="1274" ID="ST_558.4.7.15" STYLEREFS="Style_3" VPOS="1813" WIDTH="71" WC="0.91" CC="0000" TAGREFS=""/>
            <SP HPOS="1345" ID="SP_558.4.7.16" VPOS="1813" WIDTH="12"/>
            <String CONTENT="nothing" HEIGHT="43" HPOS="1357" ID="ST_558.4.7.17" STYLEREFS="Style_3" VPOS="1813" WIDTH="143" WC="0.92" CC="0000000" TAGREFS=""/>
          </TextLine>
          <TextLine HEIGHT="41" HPOS="292" ID="TL_558.4.8" VPOS="1862" WIDTH="1207">
            <String CONTENT="remiss" HEIGHT="35" HPOS="292" ID="ST_558.4.8.1" STYLEREFS="Style_3" VPOS="1863" WIDTH="119" WC="1.00" CC="000000" TAGREFS=""/>
            <SP HPOS="411" ID="SP_558.4.8.2" VPOS="1863" WIDTH="15"/>
            <String CONTENT="in" HEIGHT="34" HPOS="426" ID="ST_558.4.8.3" STYLEREFS="Style_3" VPOS="1863" WIDTH="34" WC="0.79" CC="00" TAGREFS=""/>
            <SP HPOS="460" ID="SP_558.4.8.4" VPOS="1863" WIDTH="14"/>
            <String CONTENT="the" HEIGHT="35" HPOS="474" ID="ST_558.4.8.5" STYLEREFS="Style_3" VPOS="1863" WIDTH="59" WC="0.91" CC="000" TAGREFS=""/>
            <SP HPOS="533" ID="SP_558.4.8.6" VPOS="1868" WIDTH="14"/>
            <String CONTENT="statute." HEIGHT="30" HPOS="547" ID="ST_558.4.8.7" STYLEREFS="Style_3" VPOS="1868" WIDTH="139" WC="1.00" CC="00000000" TAGREFS=""/>
            <SP HPOS="686" ID="SP_558.4.8.8" VPOS="1863" WIDTH="17"/>
            <String CONTENT="Gibbs" HEIGHT="34" HPOS="703" ID="ST_558.4.8.9" STYLEREFS="Style_4" VPOS="1863" WIDTH="108" WC="0.95" CC="00000" TAGREFS=""/>
            <SP HPOS="811" ID="SP_558.4.8.10" VPOS="1874" WIDTH="12"/>
            <String CONTENT="v." HEIGHT="23" HPOS="823" ID="ST_558.4.8.11" STYLEREFS="Style_3" VPOS="1874" WIDTH="31" WC="1.00" CC="00" TAGREFS=""/>
            <SP HPOS="854" ID="SP_558.4.8.12" VPOS="1863" WIDTH="14"/>
            <String CONTENT="State," HEIGHT="40" HPOS="868" ID="ST_558.4.8.13" STYLEREFS="Style_4" VPOS="1863" WIDTH="114" WC="0.82" CC="000000" TAGREFS=""/>
            <SP HPOS="982" ID="SP_558.4.8.14" VPOS="1864" WIDTH="16"/>
            <String CONTENT="255" HEIGHT="33" HPOS="998" ID="ST_558.4.8.15" STYLEREFS="Style_3" VPOS="1864" WIDTH="65" WC="0.99" CC="000" TAGREFS=""/>
            <SP HPOS="1063" ID="SP_558.4.8.16" VPOS="1863" WIDTH="17"/>
            <String CONTENT="Ark." HEIGHT="34" HPOS="1080" ID="ST_558.4.8.17" STYLEREFS="Style_3" VPOS="1863" WIDTH="84" WC="0.92" CC="0000" TAGREFS=""/>
            <SP HPOS="1164" ID="SP_558.4.8.18" VPOS="1864" WIDTH="17"/>
            <String CONTENT="957," HEIGHT="39" HPOS="1181" ID="ST_558.4.8.19" STYLEREFS="Style_3" VPOS="1864" WIDTH="79" WC="0.86" CC="0000" TAGREFS=""/>
            <SP HPOS="1260" ID="SP_558.4.8.20" VPOS="1864" WIDTH="16"/>
            <String CONTENT="504" HEIGHT="33" HPOS="1276" ID="ST_558.4.8.21" STYLEREFS="Style_3" VPOS="1864" WIDTH="68" WC="0.96" CC="000" TAGREFS=""/>
            <SP HPOS="1344" ID="SP_558.4.8.22" VPOS="1862" WIDTH="13"/>
            <String CONTENT="S.W.2d" HEIGHT="35" HPOS="1357" ID="ST_558.4.8.23" STYLEREFS="Style_3" VPOS="1862" WIDTH="142" WC="0.95" CC="000000" TAGREFS=""/>
          </TextLine>
          <TextLine HEIGHT="43" HPOS="292" ID="TL_558.4.9" VPOS="1913" WIDTH="226">
            <String CONTENT="719" HEIGHT="34" HPOS="292" ID="ST_558.4.9.1" STYLEREFS="Style_3" VPOS="1913" WIDTH="66" WC="0.96" CC="000" TAGREFS=""/>
            <SP HPOS="358" ID="SP_558.4.9.2" VPOS="1913" WIDTH="24"/>
            <String CONTENT="(1974)." HEIGHT="43" HPOS="382" ID="ST_558.4.9.3" STYLEREFS="Style_3" VPOS="1913" WIDTH="136" WC="0.90" CC="0000000" TAGREFS=""/>
          </TextLine>
        </TextBlock>
        <TextBlock HEIGHT="35.0" HPOS="879.0" ID="BL_558.5" TAGREFS="b558-7" VPOS="2004.0" WIDTH="33.0">
          <TextLine HEIGHT="35" HPOS="879" ID="TL_558.5.1" VPOS="2004" WIDTH="33">
            <String CONTENT="II" HEIGHT="35" HPOS="879" ID="ST_558.5.1.1" STYLEREFS="Style_3" VPOS="2004" WIDTH="33" WC="1.00" CC="00" TAGREFS=""/>
          </TextLine>
        </TextBlock>
        <TextBlock HEIGHT="343.0" HPOS="291.0" ID="BL_558.6" TAGREFS="b558-8" VPOS="2085.0" WIDTH="1212.0">
          <TextLine HEIGHT="45" HPOS="382" ID="TL_558.6.1" VPOS="2085" WIDTH="1121">
            <String CONTENT="Ark." HEIGHT="34" HPOS="520" ID="ST_558.6.1.5" STYLEREFS="Style_3" VPOS="2087" WIDTH="84" WC="1.00" CC="0000" TAGREFS=""/>
            <SP HPOS="604" ID="SP_558.6.1.6" VPOS="2086" WIDTH="12"/>
            <String CONTENT="Stat." HEIGHT="35" HPOS="616" ID="ST_558.6.1.7" STYLEREFS="Style_3" VPOS="2086" WIDTH="88" WC="0.83" CC="00000" TAGREFS=""/>
            <SP HPOS="704" ID="SP_558.6.1.8" VPOS="2087" WIDTH="12"/>
            <String CONTENT="Ann." HEIGHT="34" HPOS="716" ID="ST_558.6.1.9" STYLEREFS="Style_3" VPOS="2087" WIDTH="91" WC="0.67" CC="0000" TAGREFS=""/>
            <SP HPOS="807" ID="SP_558.6.1.10" VPOS="2086" WIDTH="13"/>
            <String CONTENT="§" HEIGHT="43" HPOS="820" ID="ST_558.6.1.11" STYLEREFS="Style_3" VPOS="2086" WIDTH="18" WC="0.90" CC="0" TAGREFS=""/>
            <SP HPOS="838" ID="SP_558.6.1.12" VPOS="2086" WIDTH="11"/>
            <String CONTENT="41-2606" HEIGHT="35" HPOS="849" ID="ST_558.6.1.13" STYLEREFS="Style_3" VPOS="2086" WIDTH="155" WC="0.80" CC="9990000" TAGREFS=""/>
            <SP HPOS="1004" ID="SP_558.6.1.14" VPOS="2086" WIDTH="10"/>
            <String CONTENT="includes" HEIGHT="34" HPOS="1014" ID="ST_558.6.1.15" STYLEREFS="Style_3" VPOS="2086" WIDTH="154" WC="0.62" CC="00000000" TAGREFS=""/>
            <SP HPOS="1168" ID="SP_558.6.1.16" VPOS="2097" WIDTH="10"/>
            <String CONTENT="a" HEIGHT="23" HPOS="1178" ID="ST_558.6.1.17" STYLEREFS="Style_3" VPOS="2097" WIDTH="20" WC="1.00" CC="0" TAGREFS=""/>
            <SP HPOS="1198" ID="SP_558.6.1.18" VPOS="2086" WIDTH="10"/>
            <String CONTENT="provision" HEIGHT="44" HPOS="1208" ID="ST_558.6.1.19" STYLEREFS="Style_3" VPOS="2086" WIDTH="170" WC="0.67" CC="000000000" TAGREFS=""/>
            <SP HPOS="1378" ID="SP_558.6.1.20" VPOS="2086" WIDTH="11"/>
            <String CONTENT="that" HEIGHT="34" HPOS="1389" ID="ST_558.6.1.21" STYLEREFS="Style_3" VPOS="2086" WIDTH="75" WC="0.66" CC="0000" TAGREFS=""/>
            <SP HPOS="1464" ID="SP_558.6.1.22" VPOS="2085" WIDTH="9"/>
            <String CONTENT="if" HEIGHT="35" HPOS="1473" ID="ST_558.6.1.23" STYLEREFS="Style_3" VPOS="2085" WIDTH="30" WC="0.83" CC="00" TAGREFS=""/>
          </TextLine>
          <TextLine HEIGHT="44" HPOS="291" ID="TL_558.6.2" VPOS="2135" WIDTH="1212">
            <String CONTENT="an" HEIGHT="23" HPOS="291" ID="ST_558.6.2.1" STYLEREFS="Style_3" VPOS="2147" WIDTH="44" WC="0.96" CC="00" TAGREFS=""/>
            <SP HPOS="335" ID="SP_558.6.2.2" VPOS="2136" WIDTH="14"/>
            <String CONTENT="accused" HEIGHT="34" HPOS="349" ID="ST_558.6.2.3" STYLEREFS="Style_3" VPOS="2136" WIDTH="147" WC="1.00" CC="0000000" TAGREFS=""/>
            <SP HPOS="496" ID="SP_558.6.2.4" VPOS="2136" WIDTH="13"/>
            <String CONTENT="has" HEIGHT="34" HPOS="509" ID="ST_558.6.2.5" STYLEREFS="Style_3" VPOS="2136" WIDTH="62" WC="1.00" CC="000" TAGREFS=""/>
            <SP HPOS="571" ID="SP_558.6.2.6" VPOS="2136" WIDTH="13"/>
            <String CONTENT="retracted" HEIGHT="35" HPOS="584" ID="ST_558.6.2.7" STYLEREFS="Style_3" VPOS="2136" WIDTH="171" WC="1.00" CC="000000000" TAGREFS=""/>
            <SP HPOS="755" ID="SP_558.6.2.8" VPOS="2147" WIDTH="13"/>
            <String CONTENT="a" HEIGHT="24" HPOS="768" ID="ST_558.6.2.9" STYLEREFS="Style_3" VPOS="2147" WIDTH="21" WC="1.00" CC="0" TAGREFS=""/>
            <SP HPOS="789" ID="SP_558.6.2.10" VPOS="2136" WIDTH="13"/>
            <String CONTENT="false" HEIGHT="35" HPOS="802" ID="ST_558.6.2.11" STYLEREFS="Style_3" VPOS="2136" WIDTH="87" WC="0.98" CC="00000" TAGREFS=""/>
            <SP HPOS="889" ID="SP_558.6.2.12" VPOS="2141" WIDTH="13"/>
            <String CONTENT="statement" HEIGHT="30" HPOS="902" ID="ST_558.6.2.13" STYLEREFS="Style_3" VPOS="2141" WIDTH="186" WC="0.91" CC="000000000" TAGREFS=""/>
            <SP HPOS="1088" ID="SP_558.6.2.14" VPOS="2136" WIDTH="12"/>
            <String CONTENT="during" HEIGHT="43" HPOS="1100" ID="ST_558.6.2.15" STYLEREFS="Style_3" VPOS="2136" WIDTH="124" WC="0.88" CC="000000" TAGREFS=""/>
            <SP HPOS="1224" ID="SP_558.6.2.16" VPOS="2135" WIDTH="14"/>
            <String CONTENT="“the" HEIGHT="35" HPOS="1238" ID="ST_558.6.2.17" STYLEREFS="Style_3" VPOS="2135" WIDTH="82" WC="0.72" CC="9000" TAGREFS=""/>
            <SP HPOS="1320" ID="SP_558.6.2.18" VPOS="2146" WIDTH="12"/>
            <String CONTENT="course" HEIGHT="24" HPOS="1332" ID="ST_558.6.2.19" STYLEREFS="Style_3" VPOS="2146" WIDTH="120" WC="0.97" CC="000000" TAGREFS=""/>
            <SP HPOS="1452" ID="SP_558.6.2.20" VPOS="2136" WIDTH="12"/>
            <String CONTENT="of" HEIGHT="34" HPOS="1464" ID="ST_558.6.2.21" STYLEREFS="Style_3" VPOS="2136" WIDTH="39" WC="1.00" CC="00" TAGREFS=""/>
          </TextLine>
          <TextLine HEIGHT="45" HPOS="292" ID="TL_558.6.3" VPOS="2185" WIDTH="1208">
            <String CONTENT="the" HEIGHT="34" HPOS="292" ID="ST_558.6.3.1" STYLEREFS="Style_3" VPOS="2186" WIDTH="57" WC="0.61" CC="000" TAGREFS=""/>
            <SP HPOS="349" ID="SP_558.6.3.2" VPOS="2196" WIDTH="13"/>
            <String CONTENT="same" HEIGHT="24" HPOS="362" ID="ST_558.6.3.3" STYLEREFS="Style_3" VPOS="2196" WIDTH="96" WC="0.80" CC="0000" TAGREFS=""/>
            <SP HPOS="458" ID="SP_558.6.3.4" VPOS="2186" WIDTH="13"/>
            <String CONTENT="official" HEIGHT="35" HPOS="471" ID="ST_558.6.3.5" STYLEREFS="Style_3" VPOS="2186" WIDTH="124" WC="0.70" CC="00000000" TAGREFS=""/>
            <SP HPOS="595" ID="SP_558.6.3.6" VPOS="2186" WIDTH="15"/>
            <String CONTENT="proceeding,”" HEIGHT="44" HPOS="610" ID="ST_558.6.3.7" STYLEREFS="Style_3" VPOS="2186" WIDTH="240" WC="0.75" CC="000000000009" TAGREFS=""/>
            <SP HPOS="850" ID="SP_558.6.3.8" VPOS="2186" WIDTH="15"/>
            <String CONTENT="it" HEIGHT="35" HPOS="865" ID="ST_558.6.3.9" STYLEREFS="Style_3" VPOS="2186" WIDTH="26" WC="0.78" CC="00" TAGREFS=""/>
            <SP HPOS="891" ID="SP_558.6.3.10" VPOS="2186" WIDTH="13"/>
            <String CONTENT="is" HEIGHT="34" HPOS="904" ID="ST_558.6.3.11" STYLEREFS="Style_3" VPOS="2186" WIDTH="27" WC="0.77" CC="00" TAGREFS=""/>
            <SP HPOS="931" ID="SP_558.6.3.12" VPOS="2197" WIDTH="14"/>
            <String CONTENT="a" HEIGHT="23" HPOS="945" ID="ST_558.6.3.13" STYLEREFS="Style_3" VPOS="2197" WIDTH="20" WC="1.00" CC="0" TAGREFS=""/>
            <SP HPOS="965" ID="SP_558.6.3.14" VPOS="2186" WIDTH="14"/>
            <String CONTENT="defense" HEIGHT="35" HPOS="979" ID="ST_558.6.3.15" STYLEREFS="Style_3" VPOS="2186" WIDTH="141" WC="0.91" CC="0000000" TAGREFS=""/>
            <SP HPOS="1120" ID="SP_558.6.3.16" VPOS="2191" WIDTH="14"/>
            <String CONTENT="to" HEIGHT="29" HPOS="1134" ID="ST_558.6.3.17" STYLEREFS="Style_3" VPOS="2191" WIDTH="35" WC="0.74" CC="00" TAGREFS=""/>
            <SP HPOS="1169" ID="SP_558.6.3.18" VPOS="2197" WIDTH="13"/>
            <String CONTENT="a" HEIGHT="24" HPOS="1182" ID="ST_558.6.3.19" STYLEREFS="Style_3" VPOS="2197" WIDTH="20" WC="1.00" CC="0" TAGREFS=""/>
            <SP HPOS="1202" ID="SP_558.6.3.20" VPOS="2185" WIDTH="14"/>
            <String CONTENT="prosecution" HEIGHT="45" HPOS="1216" ID="ST_558.6.3.21" STYLEREFS="Style_3" VPOS="2185" WIDTH="217" WC="0.74" CC="00000000000" TAGREFS=""/>
            <SP HPOS="1433" ID="SP_558.6.3.22" VPOS="2185" WIDTH="14"/>
            <String CONTENT="for" HEIGHT="35" HPOS="1447" ID="ST_558.6.3.23" STYLEREFS="Style_3" VPOS="2185" WIDTH="53" WC="0.66" CC="000" TAGREFS=""/>
          </TextLine>
          <TextLine HEIGHT="44" HPOS="291" ID="TL_558.6.4" VPOS="2235" WIDTH="1209">
            <String CONTENT="perjury." HEIGHT="44" HPOS="291" ID="ST_558.6.4.1" STYLEREFS="Style_3" VPOS="2235" WIDTH="148" WC="0.99" CC="00000000" TAGREFS=""/>
            <SP HPOS="439" ID="SP_558.6.4.2" VPOS="2235" WIDTH="10"/>
            <String CONTENT="Appellants" HEIGHT="44" HPOS="449" ID="ST_558.6.4.3" STYLEREFS="Style_3" VPOS="2235" WIDTH="205" WC="0.97" CC="0000000000" TAGREFS=""/>
            <SP HPOS="654" ID="SP_558.6.4.4" VPOS="2246" WIDTH="9"/>
            <String CONTENT="urge" HEIGHT="32" HPOS="663" ID="ST_558.6.4.5" STYLEREFS="Style_3" VPOS="2246" WIDTH="84" WC="0.93" CC="0000" TAGREFS=""/>
            <SP HPOS="747" ID="SP_558.6.4.6" VPOS="2235" WIDTH="8"/>
            <String CONTENT="that" HEIGHT="35" HPOS="755" ID="ST_558.6.4.7" STYLEREFS="Style_3" VPOS="2235" WIDTH="77" WC="0.89" CC="0000" TAGREFS=""/>
            <SP HPOS="832" ID="SP_558.6.4.8" VPOS="2235" WIDTH="9"/>
            <String CONTENT="the" HEIGHT="35" HPOS="841" ID="ST_558.6.4.9" STYLEREFS="Style_3" VPOS="2235" WIDTH="59" WC="0.92" CC="000" TAGREFS=""/>
            <SP HPOS="900" ID="SP_558.6.4.10" VPOS="2236" WIDTH="8"/>
            <String CONTENT="hearing" HEIGHT="42" HPOS="908" ID="ST_558.6.4.11" STYLEREFS="Style_3" VPOS="2236" WIDTH="143" WC="0.96" CC="0000000" TAGREFS=""/>
            <SP HPOS="1051" ID="SP_558.6.4.12" VPOS="2246" WIDTH="9"/>
            <String CONTENT="on" HEIGHT="24" HPOS="1060" ID="ST_558.6.4.13" STYLEREFS="Style_3" VPOS="2246" WIDTH="43" WC="0.95" CC="00" TAGREFS=""/>
            <SP HPOS="1103" ID="SP_558.6.4.14" VPOS="2235" WIDTH="9"/>
            <String CONTENT="their" HEIGHT="35" HPOS="1112" ID="ST_558.6.4.15" STYLEREFS="Style_3" VPOS="2235" WIDTH="89" WC="0.94" CC="00000" TAGREFS=""/>
            <SP HPOS="1201" ID="SP_558.6.4.16" VPOS="2235" WIDTH="9"/>
            <String CONTENT="guilty" HEIGHT="44" HPOS="1210" ID="ST_558.6.4.17" STYLEREFS="Style_3" VPOS="2235" WIDTH="110" WC="0.96" CC="000000" TAGREFS=""/>
            <SP HPOS="1320" ID="SP_558.6.4.18" VPOS="2235" WIDTH="8"/>
            <String CONTENT="pleas" HEIGHT="44" HPOS="1328" ID="ST_558.6.4.19" STYLEREFS="Style_3" VPOS="2235" WIDTH="94" WC="1.00" CC="00000" TAGREFS=""/>
            <SP HPOS="1422" ID="SP_558.6.4.20" VPOS="2235" WIDTH="10"/>
            <String CONTENT="and" HEIGHT="34" HPOS="1432" ID="ST_558.6.4.21" STYLEREFS="Style_3" VPOS="2235" WIDTH="68" WC="0.94" CC="000" TAGREFS=""/>
          </TextLine>
          <TextLine HEIGHT="44" HPOS="291" ID="TL_558.6.5" VPOS="2284" WIDTH="1210">
            <String CONTENT="the" HEIGHT="33" HPOS="291" ID="ST_558.6.5.1" STYLEREFS="Style_3" VPOS="2285" WIDTH="58" WC="0.83" CC="000" TAGREFS=""/>
            <SP HPOS="349" ID="SP_558.6.5.2" VPOS="2284" WIDTH="13"/>
            <String CONTENT="hearing" HEIGHT="43" HPOS="362" ID="ST_558.6.5.3" STYLEREFS="Style_3" VPOS="2284" WIDTH="143" WC="0.73" CC="0000000" TAGREFS=""/>
            <SP HPOS="505" ID="SP_558.6.5.4" VPOS="2295" WIDTH="13"/>
            <String CONTENT="on" HEIGHT="23" HPOS="518" ID="ST_558.6.5.5" STYLEREFS="Style_3" VPOS="2295" WIDTH="43" WC="0.44" CC="00" TAGREFS=""/>
            <SP HPOS="561" ID="SP_558.6.5.6" VPOS="2285" WIDTH="15"/>
            <String CONTENT="their" HEIGHT="34" HPOS="576" ID="ST_558.6.5.7" STYLEREFS="Style_3" VPOS="2285" WIDTH="89" WC="0.68" CC="00000" TAGREFS=""/>
            <SP HPOS="665" ID="SP_558.6.5.8" VPOS="2285" WIDTH="13"/>
            <String CONTENT="motions" HEIGHT="34" HPOS="678" ID="ST_558.6.5.9" STYLEREFS="Style_3" VPOS="2285" WIDTH="147" WC="0.71" CC="0000000" TAGREFS=""/>
            <SP HPOS="825" ID="SP_558.6.5.10" VPOS="2290" WIDTH="14"/>
            <String CONTENT="to" HEIGHT="29" HPOS="839" ID="ST_558.6.5.11" STYLEREFS="Style_3" VPOS="2290" WIDTH="36" WC="0.80" CC="00" TAGREFS=""/>
            <SP HPOS="875" ID="SP_558.6.5.12" VPOS="2285" WIDTH="13"/>
            <String CONTENT="withdraw" HEIGHT="34" HPOS="888" ID="ST_558.6.5.13" STYLEREFS="Style_3" VPOS="2285" WIDTH="178" WC="0.89" CC="00000000" TAGREFS=""/>
            <SP HPOS="1066" ID="SP_558.6.5.14" VPOS="2285" WIDTH="14"/>
            <String CONTENT="their" HEIGHT="34" HPOS="1080" ID="ST_558.6.5.15" STYLEREFS="Style_3" VPOS="2285" WIDTH="89" WC="0.93" CC="00000" TAGREFS=""/>
            <SP HPOS="1169" ID="SP_558.6.5.16" VPOS="2285" WIDTH="12"/>
            <String CONTENT="guilty" HEIGHT="43" HPOS="1181" ID="ST_558.6.5.17" STYLEREFS="Style_3" VPOS="2285" WIDTH="111" WC="0.82" CC="000000" TAGREFS=""/>
            <SP HPOS="1292" ID="SP_558.6.5.18" VPOS="2285" WIDTH="12"/>
            <String CONTENT="pleas" HEIGHT="43" HPOS="1304" ID="ST_558.6.5.19" STYLEREFS="Style_3" VPOS="2285" WIDTH="94" WC="0.96" CC="00000" TAGREFS=""/>
            <SP HPOS="1398" ID="SP_558.6.5.20" VPOS="2295" WIDTH="14"/>
            <String CONTENT="were" HEIGHT="24" HPOS="1412" ID="ST_558.6.5.21" STYLEREFS="Style_3" VPOS="2295" WIDTH="89" WC="0.70" CC="0000" TAGREFS=""/>
          </TextLine>
          <TextLine HEIGHT="44" HPOS="291" ID="TL_558.6.6" VPOS="2333" WIDTH="1209">
            <String CONTENT="the" HEIGHT="34" HPOS="291" ID="ST_558.6.6.1" STYLEREFS="Style_3" VPOS="2334" WIDTH="59" WC="0.96" CC="000" TAGREFS=""/>
            <SP HPOS="350" ID="SP_558.6.6.2" VPOS="2334" WIDTH="20"/>
            <String CONTENT="“same" HEIGHT="34" HPOS="370" ID="ST_558.6.6.3" STYLEREFS="Style_3" VPOS="2334" WIDTH="119" WC="0.92" CC="00000" TAGREFS=""/>
            <SP HPOS="489" ID="SP_558.6.6.4" VPOS="2334" WIDTH="19"/>
            <String CONTENT="official" HEIGHT="34" HPOS="508" ID="ST_558.6.6.5" STYLEREFS="Style_3" VPOS="2334" WIDTH="126" WC="0.99" CC="00000000" TAGREFS=""/>
            <SP HPOS="634" ID="SP_558.6.6.6" VPOS="2334" WIDTH="21"/>
            <String CONTENT="proceeding”" HEIGHT="43" HPOS="655" ID="ST_558.6.6.7" STYLEREFS="Style_3" VPOS="2334" WIDTH="228" WC="0.89" CC="00000000009" TAGREFS=""/>
            <SP HPOS="883" ID="SP_558.6.6.8" VPOS="2333" WIDTH="22"/>
            <String CONTENT="and," HEIGHT="41" HPOS="905" ID="ST_558.6.6.9" STYLEREFS="Style_3" VPOS="2333" WIDTH="79" WC="0.86" CC="0000" TAGREFS=""/>
            <SP HPOS="984" ID="SP_558.6.6.10" VPOS="2334" WIDTH="21"/>
            <String CONTENT="thus," HEIGHT="41" HPOS="1005" ID="ST_558.6.6.11" STYLEREFS="Style_3" VPOS="2334" WIDTH="91" WC="0.96" CC="00000" TAGREFS=""/>
            <SP HPOS="1096" ID="SP_558.6.6.12" VPOS="2334" WIDTH="21"/>
            <String CONTENT="they" HEIGHT="43" HPOS="1117" ID="ST_558.6.6.13" STYLEREFS="Style_3" VPOS="2334" WIDTH="82" WC="0.85" CC="0000" TAGREFS=""/>
            <SP HPOS="1199" ID="SP_558.6.6.14" VPOS="2334" WIDTH="20"/>
            <String CONTENT="retracted" HEIGHT="34" HPOS="1219" ID="ST_558.6.6.15" STYLEREFS="Style_3" VPOS="2334" WIDTH="172" WC="1.00" CC="000000000" TAGREFS=""/>
            <SP HPOS="1391" ID="SP_558.6.6.16" VPOS="2334" WIDTH="21"/>
            <String CONTENT="their" HEIGHT="34" HPOS="1412" ID="ST_558.6.6.17" STYLEREFS="Style_3" VPOS="2334" WIDTH="88" WC="0.88" CC="00000" TAGREFS=""/>
          </TextLine>
          <TextLine HEIGHT="45" HPOS="291" ID="TL_558.6.7" VPOS="2383" WIDTH="1207">
            <String CONTENT="false" HEIGHT="35" HPOS="291" ID="ST_558.6.7.1" STYLEREFS="Style_3" VPOS="2383" WIDTH="87" WC="1.00" CC="00000" TAGREFS=""/>
            <SP HPOS="378" ID="SP_558.6.7.2" VPOS="2388" WIDTH="11"/>
            <String CONTENT="statements" HEIGHT="30" HPOS="389" ID="ST_558.6.7.3" STYLEREFS="Style_3" VPOS="2388" WIDTH="203" WC="0.90" CC="0000000000" TAGREFS=""/>
            <SP HPOS="592" ID="SP_558.6.7.4" VPOS="2384" WIDTH="12"/>
            <String CONTENT="when" HEIGHT="34" HPOS="604" ID="ST_558.6.7.5" STYLEREFS="Style_3" VPOS="2384" WIDTH="98" WC="0.67" CC="0000" TAGREFS=""/>
            <SP HPOS="702" ID="SP_558.6.7.6" VPOS="2383" WIDTH="13"/>
            <String CONTENT="they" HEIGHT="45" HPOS="715" ID="ST_558.6.7.7" STYLEREFS="Style_3" VPOS="2383" WIDTH="82" WC="0.85" CC="0000" TAGREFS=""/>
            <SP HPOS="797" ID="SP_558.6.7.8" VPOS="2383" WIDTH="11"/>
            <String CONTENT="told" HEIGHT="35" HPOS="808" ID="ST_558.6.7.9" STYLEREFS="Style_3" VPOS="2383" WIDTH="70" WC="0.96" CC="0000" TAGREFS=""/>
            <SP HPOS="878" ID="SP_558.6.7.10" VPOS="2384" WIDTH="14"/>
            <String CONTENT="the" HEIGHT="34" HPOS="892" ID="ST_558.6.7.11" STYLEREFS="Style_3" VPOS="2384" WIDTH="58" WC="0.60" CC="000" TAGREFS=""/>
            <SP HPOS="950" ID="SP_558.6.7.12" VPOS="2383" WIDTH="11"/>
            <String CONTENT="truth" HEIGHT="35" HPOS="961" ID="ST_558.6.7.13" STYLEREFS="Style_3" VPOS="2383" WIDTH="95" WC="0.64" CC="00000" TAGREFS=""/>
            <SP HPOS="1056" ID="SP_558.6.7.14" VPOS="2389" WIDTH="12"/>
            <String CONTENT="at" HEIGHT="29" HPOS="1068" ID="ST_558.6.7.15" STYLEREFS="Style_3" VPOS="2389" WIDTH="36" WC="0.58" CC="00" TAGREFS=""/>
            <SP HPOS="1104" ID="SP_558.6.7.16" VPOS="2383" WIDTH="13"/>
            <String CONTENT="the" HEIGHT="35" HPOS="1117" ID="ST_558.6.7.17" STYLEREFS="Style_3" VPOS="2383" WIDTH="59" WC="0.82" CC="000" TAGREFS=""/>
            <SP HPOS="1176" ID="SP_558.6.7.18" VPOS="2383" WIDTH="10"/>
            <String CONTENT="Rule" HEIGHT="35" HPOS="1186" ID="ST_558.6.7.19" STYLEREFS="Style_3" VPOS="2383" WIDTH="92" WC="0.79" CC="0000" TAGREFS=""/>
            <SP HPOS="1278" ID="SP_558.6.7.20" VPOS="2384" WIDTH="11"/>
            <String CONTENT="26" HEIGHT="34" HPOS="1289" ID="ST_558.6.7.21" STYLEREFS="Style_3" VPOS="2384" WIDTH="44" WC="0.98" CC="00" TAGREFS=""/>
            <SP HPOS="1333" ID="SP_558.6.7.22" VPOS="2383" WIDTH="12"/>
            <String CONTENT="hearing." HEIGHT="43" HPOS="1345" ID="ST_558.6.7.23" STYLEREFS="Style_3" VPOS="2383" WIDTH="153" WC="0.64" CC="00000000" TAGREFS=""/>
          </TextLine>
        </TextBlock>
      </PrintSpace>
    </Page>
  </Layout>
</alto>
