1643 2702
1247 276 62 33 135

202 1322 174 40 Mitchell,
395 1322 181 39 Williams,
590 1321 108 44 Selig,
712 1321 157 35 Jackson
883 1322 31 33 &
933 1320 145 41 Tucker,
1091 1320 55 44 by:
1159 1321 72 34 Jim
1244 1320 77 43 Guy

114 1373 147 40 Tucker,
272 1372 69 35 and
349 1372 98 34 Steel
459 1374 30 33 &
500 1371 109 41 Steel,
619 1371 56 43 by:
687 1372 134 43 George
829 1373 40 32 E.
880 1371 107 39 Steel,
999 1372 63 39 Jr.,
1072 1370 54 34 for
1135 1370 184 43 appellant.

202 1455 129 39 Smith,
346 1457 166 42 Jernigan
527 1457 31 32 &
572 1454 131 41 Smith,
717 1455 55 43 by:
786 1453 132 35 Robert
930 1455 42 33 D.
986 1453 128 39 Smith,
1129 1455 56 32 III
1194 1453 68 34 and
1275 1455 45 32 H.

116 1506 96 33 Vann
231 1504 130 41 Smith,
382 1504 53 34 for
455 1505 165 43 appellee.

203 1588 162 35 George
380 1589 98 34 Rose
493 1588 132 40 Smith,
641 1588 141 34 Justice.

798 1586 82 35 This
895 1586 27 34 is
938 1587 59 34 the
1010 1586 126 35 second
1151 1586 123 44 appeal
1288 1586 34 34 in

112 1638 68 34 this
193 1638 138 35 divorce
344 1648 88 24 case.
445 1640 122 32 Potter
577 1649 31 22 v.
622 1639 131 39 Potter,
768 1637 67 34 280
848 1636 85 34 Ark.
949 1637 55 40 38,
1019 1637 66 33 655
1100 1635 142 35 S.W.2d
1256 1636 67 33 382

114 1688 138 42 (1983).
274 1687 102 35 After
396 1687 142 43 hearing
558 1687 192 34 additional
770 1686 185 43 testimony
974 1697 44 23 on
1038 1685 155 40 remand,
1213 1685 111 43 Judge

114 1738 89 33 Ford
218 1737 152 35 referred
384 1742 35 29 to
432 1738 59 33 the
504 1736 139 44 parties’
658 1741 160 29 constant
832 1736 187 42 bickering,
1034 1735 63 34 felt
1110 1735 76 33 that
1199 1735 44 34 he
1256 1734 68 34 had

113 1786 149 35 reached
276 1787 59 33 the
349 1786 88 33 limit
450 1786 38 34 of
499 1786 52 34 his
565 1785 208 40 endurance,
788 1785 68 34 and
869 1784 177 34 withdrew
1060 1784 91 34 from
1163 1783 59 35 the
1235 1795 88 23 case.

112 1835 114 43 Judge
239 1836 175 42 Langston
427 1846 69 23 was
510 1835 82 34 then
605 1834 159 42 assigned
778 1839 35 29 to
825 1834 58 34 the
894 1844 80 24 case
986 1833 79 41 and,
1079 1833 91 34 after
1181 1833 144 34 another

113 1884 156 44 hearing,
297 1883 139 36 entered
461 1885 60 34 the
546 1884 83 34 final
655 1883 132 35 decree.
815 1884 50 43 By
890 1883 83 35 then
1000 1884 88 33 Mrs.
1115 1883 116 34 Potter
1256 1881 69 35 had

114 1934 190 36 remarried
321 1934 68 36 and
406 1934 27 35 is
450 1946 75 24 now
544 1935 87 34 Mrs.
650 1934 133 44 Easley.
801 1933 145 35 Potter’s
964 1933 123 45 appeal
1104 1943 114 24 comes
1234 1938 36 29 to
1286 1943 39 24 us

115 1985 110 36 under
238 1986 90 35 Rule
341 1984 163 46 29(1)(j).
518 1986 57 34 He
587 1995 123 33 argues
723 1985 50 35 six
785 1984 229 44 assignments
1026 1983 39 36 of
1074 1994 104 30 error,
1191 1994 88 24 none
1290 1982 39 35 of

115 2036 114 36 which
249 2047 65 24 can
335 2036 42 35 be
397 2036 187 35 sustained.

208 2121 26 33 I.
250 2120 255 43 Confirmation
517 2119 46 44 of
566 2119 87 34 Sale
665 2119 46 43 of
715 2118 227 44 Homeplace.
957 2118 113 43 Judge
1082 2117 90 34 Ford
1184 2117 143 34 ordered

116 2170 77 34 that
214 2170 60 34 the
295 2169 201 43 homeplace
516 2169 44 34 be
580 2168 74 34 sold
676 2174 36 28 at
733 2168 116 44 public
869 2167 72 34 sale
961 2168 53 34 for
1035 2167 95 40 cash,
1151 2166 118 40 check,
1290 2176 38 24 or

116 2219 156 35 certified
286 2218 113 35 funds.
413 2219 75 34 The
501 2218 72 34 sale
584 2228 71 24 was
668 2217 193 35 conducted
875 2217 44 43 by
932 2217 60 34 the
1004 2216 95 35 clerk
1111 2215 39 35 of
1160 2215 59 35 the
1230 2220 99 30 court

117 2279 45 24 on
173 2269 88 44 May
272 2269 145 41 6,1982.
427 2269 75 34 The
511 2268 80 43 only
601 2267 138 35 bidders
749 2278 89 23 were
847 2267 59 34 the
915 2267 145 34 Potters.
1070 2266 118 34 Potter
1197 2264 132 45 opened

118 2319 60 34 the
197 2319 143 43 bidding
360 2323 36 30 at
416 2319 150 41 $40,000
586 2318 133 42 though
738 2317 60 35 the
816 2321 180 39 mortgage
1015 2316 83 34 debt
1117 2315 136 43 against
1271 2315 59 34 the

118 2374 162 39 property
289 2380 70 23 was
369 2368 106 35 about
485 2369 162 40 $45,000.
658 2368 114 34 When
781 2367 59 35 the
849 2366 142 44 bidding
1001 2365 149 36 reached
1159 2376 20 23 a
1189 2365 96 44 point
1294 2370 36 29 at

118 2418 113 35 which
249 2420 88 33 Mrs.
355 2419 116 34 Potter
487 2418 70 34 had
573 2417 59 35 bid
650 2418 162 40 $87,000,
829 2417 117 34 Potter
962 2415 145 45 stopped
1124 2415 59 34 the
1199 2415 71 34 sale
1286 2415 45 42 by
