1648 2680
301 256 67 33 576

530 394 75 34 The
631 392 185 36 likelihood
843 392 40 35 of
906 392 274 35 contamination
1206 403 70 23 was
1304 391 144 35 deemed
1476 402 37 23 so

300 444 221 44 pronounced
539 444 34 34 in
590 443 130 44 People
735 455 30 23 v.
783 443 153 43 Shirley,
953 453 120 33 supra,
1092 442 76 35 that
1185 442 59 34 the
1261 447 99 29 court
1377 441 97 35 ruled
1492 452 20 24 a

300 494 193 44 previously
506 493 208 44 hypnotized
728 493 136 34 witness
878 503 69 24 was
961 492 125 44 wholly
1099 492 234 44 incompetent
1346 497 36 29 to
1395 491 118 44 testify

300 554 44 24 on
354 548 144 29 matters
507 543 94 34 dealt
610 543 83 34 with
703 542 100 34 while
812 542 109 34 under
931 542 172 43 hypnosis.
1116 543 179 39 However,
1305 541 59 34 the
1373 541 139 43 general

300 603 161 33 response
475 592 62 34 has
552 592 87 34 been
653 597 36 29 to
703 592 125 43 permit
842 592 59 34 the
915 591 185 43 testimony
1114 591 40 34 of
1164 591 98 34 those
1276 590 236 34 recollections

300 642 80 34 held
390 642 91 43 prior
491 647 35 29 to
537 641 172 44 hypnosis,
720 640 68 35 and
798 651 44 24 on
852 640 109 44 topics
971 640 180 34 unrelated
1162 645 35 29 to
1207 640 98 34 those
1314 639 144 35 covered
1468 639 44 44 by

300 692 172 44 hypnosis.
482 692 51 34 To
543 691 170 35 ascertain
719 691 72 43 just
800 690 93 35 what
901 690 99 35 those
1008 690 183 34 memories
1200 701 60 23 are
1268 689 69 35 and
1345 694 36 30 to
1390 689 122 35 render

300 742 77 35 that
389 741 185 45 testimony
586 741 210 41 admissible,
809 741 59 35 the
880 745 115 30 courts
1008 740 136 44 require
1155 739 213 36 verification
1381 739 44 44 by
1437 750 75 33 way

300 792 39 35 of
345 803 20 24 a
374 792 151 34 detailed
534 791 120 35 record
663 791 45 44 by
717 791 58 35 the
783 791 177 44 hypnotist
968 790 39 35 of
1013 791 59 34 the
1080 790 241 44 pre-hypnotic
1330 790 139 34 session.
1479 791 34 33 A

300 841 176 44 preferred
487 841 141 35 method
639 842 28 33 is
676 841 99 35 video
785 852 38 23 or
834 840 110 35 sound
955 840 190 43 recording,
1159 840 135 34 Collins
1303 851 30 23 v.
1344 840 87 43 Sup.
1446 840 65 40 Ct.,

299 902 120 32 supra,
437 891 68 34 and
522 901 95 24 some
633 896 115 28 courts
765 891 87 33 have
867 890 184 42 suggested
1068 890 59 34 the
1142 889 107 34 Hurd
1263 889 190 43 guidelines
1470 889 43 34 be

300 940 159 34 followed
473 940 99 33 when
587 940 172 43 pertinent
773 945 35 28 to
823 950 20 23 a
858 939 188 43 particular
1060 949 90 30 case,
1165 938 130 44 People
1307 950 30 22 v.
1352 938 158 43 Hughes,

300 1000 120 32 supra;
448 988 135 35 Collins
608 1000 30 22 v.
664 989 87 43 Sup.
780 989 66 39 Ct.,
872 999 119 32 supra.
1018 988 74 33 The
1116 987 108 34 Hurd
1246 987 202 43 guidelines,
1475 998 38 23 or

300 1038 195 43 something
507 1038 142 40 similar,
661 1048 60 24 are
732 1037 168 44 proposed
912 1048 38 23 as
962 1037 97 34 there
1070 1037 28 34 is
1110 1037 69 34 still
1192 1048 20 23 a
1223 1036 131 43 danger
1366 1037 76 34 that
1454 1037 59 33 the

300 1087 162 44 hypnosis
484 1087 101 35 could
608 1087 43 35 be
672 1098 38 24 so
731 1087 194 43 suggestive
946 1097 38 24 as
1006 1092 35 29 to
1063 1086 106 35 affect
1191 1086 59 35 the
1272 1086 241 44 pre-hypnotic

300 1148 155 33 memory
467 1148 38 24 as
517 1137 86 34 well.
617 1137 98 34 Once
727 1137 26 34 it
765 1137 61 34 has
839 1136 87 35 been
938 1136 117 35 shown
1067 1136 45 44 by
1124 1136 93 35 clear
1229 1136 69 34 and
1309 1136 203 43 convincing

300 1187 162 35 evidence
471 1187 76 34 that
556 1187 185 43 testimony
751 1186 39 35 of
796 1186 241 44 pre-hypnotic
1045 1186 236 34 recollections
1291 1186 27 34 is
1328 1186 153 40 reliable,
1492 1197 20 23 a

300 1236 134 43 subject
453 1248 81 32 may
552 1236 129 44 testify,
702 1236 62 35 but
782 1236 80 43 only
880 1241 36 29 to
935 1236 98 34 those
1051 1236 183 34 memories
1253 1235 259 44 demonstrably

300 1286 117 34 shown
438 1292 35 28 to
494 1286 43 34 be
557 1297 20 23 a
599 1286 145 43 product
764 1285 39 35 of
820 1286 59 34 the
900 1296 155 33 memory
1076 1286 91 43 prior
1188 1291 35 28 to
1244 1285 172 44 hypnosis.
1438 1285 75 34 The

300 1336 133 34 burden
457 1335 39 35 of
517 1336 142 43 proving
683 1336 59 34 the
766 1335 185 43 reliability
975 1335 27 34 is
1027 1346 44 23 on
1095 1335 59 34 the
1178 1339 191 40 proponent
1393 1334 39 35 of
1454 1334 59 35 the

300 1386 195 44 testimony.
518 1384 299 37 Commonwealth
835 1396 31 23 v.
885 1386 119 40 Kater,
1023 1395 120 34 supra,
1161 1384 131 45 People
1309 1396 30 23 v.
1358 1384 153 44 Shirley,

299 1447 120 33 supra,
433 1435 135 36 Collins
577 1447 31 23 v.
618 1436 87 43 Sup.
721 1436 65 40 Ct.,
797 1446 120 33 supra,
928 1434 130 45 People
1067 1446 30 23 v.
1109 1434 159 45 Hughes,
1279 1446 120 33 supra,
1409 1435 103 34 State

299 1497 31 23 v.
350 1485 160 42 Atwood,
530 1497 119 33 supra.

483 1565 74 34 The
566 1564 79 35 trial
655 1569 99 30 court
763 1564 35 34 in
807 1564 68 34 this
884 1575 80 23 case
973 1564 103 34 chose
1085 1564 60 34 the
1153 1574 122 24 course
1283 1563 40 35 of
1329 1563 183 43 excluding

300 1614 185 43 testimony
502 1614 148 34 induced
668 1614 45 43 by
730 1613 161 44 hypnosis
909 1613 68 35 and
995 1613 185 43 admitting
1198 1613 185 43 testimony
1400 1613 40 34 of
1453 1613 59 34 the

300 1663 176 44 appellant
491 1663 106 35 based
611 1674 44 23 on
670 1663 241 44 pre-hypnotic
926 1663 228 37 recollection.
1171 1663 74 34 The
1259 1662 169 44 difficulty
1442 1673 69 24 was

300 1712 230 44 determining
545 1713 93 34 what
654 1713 76 34 that
746 1712 218 35 recollection
980 1723 81 30 was,
1078 1712 106 34 based
1199 1712 81 43 only
1295 1722 44 24 on
1355 1723 21 23 a
1392 1712 120 34 record

300 1762 91 35 from
402 1762 59 35 the
471 1762 240 44 pre-hypnotic
721 1762 128 34 session
860 1762 82 34 with
953 1762 61 34 Dr.
1027 1762 105 40 Back,
1144 1773 20 23 a
1175 1761 121 35 record
1306 1761 206 44 admittedly

300 1812 217 43 incomplete.
533 1813 38 33 In
584 1812 68 34 this
665 1812 164 34 situation
842 1812 60 34 the
914 1811 79 35 trial
1006 1816 99 30 court
1118 1811 133 34 limited
1264 1811 59 34 the
1335 1811 176 44 appellant

300 1867 35 29 to
359 1862 93 34 what
476 1862 60 34 she
559 1861 101 35 could
685 1861 104 35 recall
813 1861 145 34 without
982 1861 59 34 the
1064 1861 128 34 benefit
1216 1861 39 34 of
1276 1861 172 44 hypnosis,
1474 1872 37 23 as

299 1911 185 35 evidenced
511 1911 45 44 by
582 1912 60 33 Dr.
671 1911 123 35 Backs
820 1916 97 30 notes
943 1911 69 35 and
1038 1910 164 44 enlarged
1228 1911 45 43 by
1299 1911 61 35 Dr.
1389 1911 122 34 Backs

299 1972 156 32 memory
463 1961 39 34 of
508 1961 60 34 her
577 1960 207 35 discussions
793 1961 83 34 with
885 1961 176 43 appellant
1071 1960 119 35 before
1198 1961 61 34 she
1267 1971 70 24 was
1346 1960 121 44 placed
1477 1960 34 35 in

299 2021 21 24 a
340 2011 164 43 hypnotic
523 2015 100 30 state.

482 2089 189 44 Appellant
692 2100 124 33 argues
838 2089 59 35 the
918 2094 99 30 court
1038 2088 206 45 misapplied
1265 2088 60 35 the
1346 2089 73 34 rule
1440 2099 70 24 em

299 2139 123 44 ployed
438 2139 45 44 by
498 2144 115 30 courts
628 2139 114 35 where
757 2139 234 44 hypnotically
1007 2139 148 34 induced
1171 2139 186 44 testimony
1371 2139 28 34 is
1415 2138 95 35 inad

299 2189 153 34 missible
480 2189 68 34 and
575 2200 70 23 was
673 2194 57 29 too
758 2189 199 34 restrictive.
986 2189 201 43 Appellant,
1215 2189 166 40 however,
1410 2199 102 24 never

299 2238 259 35 demonstrated
573 2239 76 34 how
664 2239 60 34 the
738 2239 74 34 rule
826 2249 70 24 was
911 2238 161 35 violated.
1088 2239 75 33 The
1177 2238 75 34 rule
1266 2238 125 44 simply
1406 2238 105 34 limits

299 2288 59 34 the
367 2287 207 45 hypnotized
583 2288 163 43 subjects
755 2288 186 43 testimony
949 2293 36 29 to
994 2288 98 34 those
1100 2293 144 29 matters
1253 2287 259 44 demonstrably

299 2337 149 35 recalled
459 2337 91 44 prior
560 2343 35 29 to
605 2337 196 44 testimony.
812 2338 81 43 Any
902 2337 98 35 other
1010 2337 186 44 testimony
1206 2348 44 23 on
1260 2337 59 34 the
1328 2337 93 44 topic
1430 2348 81 23 runs

299 2388 46 34 all
355 2388 60 34 the
424 2387 87 35 risks
521 2387 176 35 discussed
708 2387 122 35 earlier
840 2387 35 34 in
885 2387 235 44 hypnotically
1130 2386 177 35 refreshed
1317 2387 193 34 memories.
