1675 2705
151 392 114 40 817.2,
280 392 163 34 75-817.3
458 392 69 34 and
541 392 190 43 75-819(b)
748 392 123 45 (Supp.
890 392 118 43 1985),
1021 393 28 34 is
1062 392 213 44 challenged.
1289 392 75 36 The

149 442 70 34 Act
241 441 154 44 imposed
416 453 20 23 a
459 442 174 44 Highway
654 442 73 35 Use
748 442 243 44 Equalization
1013 441 135 45 (HUE)
1172 448 59 29 tax
1251 453 45 24 on
1316 442 47 35 all

150 492 118 34 trucks
282 491 76 35 that
371 497 140 38 operate
524 503 44 24 on
581 492 179 35 Arkansas
774 492 177 44 highways
965 497 36 30 at
1014 493 193 34 maximum
1220 493 143 43 weights

150 540 155 35 between
324 542 122 40 73,281
467 542 69 34 and
555 542 128 41 80,000
700 542 144 44 pounds.
862 543 74 34 The
953 542 205 45 appellants,
1176 543 188 35 American

150 591 176 44 Trucking
340 591 230 42 Association,
586 592 83 41 Inc.,
686 591 144 44 (ATA),
844 592 80 35 filed
939 603 20 24 a
973 593 190 44 complaint
1176 593 35 35 in
1224 593 139 35 Pulaski

151 641 185 45 Chancery
358 642 121 41 Court,
502 642 119 35 fourth
643 642 156 42 division,
822 643 136 43 against
980 643 184 44 appellees,
1187 643 177 35 Arkansas

152 692 174 43 Highway
353 692 67 34 and
446 692 287 44 Transportation
760 693 241 44 Department,
1028 693 150 43 alleging
1204 693 76 35 that
1306 693 59 35 the

153 742 102 34 HUE
266 746 61 30 tax
338 741 113 35 would
462 742 44 34 be
518 753 45 24 an
575 742 140 43 “illegal
726 743 192 34 exaction.”
932 743 207 44 Appellants
1150 742 182 45 requested
1344 754 21 23 a

152 796 199 39 temporary
377 792 206 43 restraining
609 791 101 36 order
736 792 201 44 preventing
963 792 60 35 the
1048 804 126 32 money
1199 793 166 35 collected

151 841 111 35 under
285 842 69 34 Act
377 842 66 34 685
468 841 91 35 from
582 842 103 42 being
707 842 179 43 deposited
908 843 74 34 into
1003 843 61 34 the
1085 847 91 30 state
1197 848 167 38 treasury.

153 891 209 34 Chancellor
383 892 111 34 Bruce
515 891 137 35 Bullion
672 891 170 35 dissolved
862 892 59 34 the
942 897 198 39 temporary
1160 892 205 43 restraining

152 940 101 35 order
271 941 69 34 and
357 940 124 35 denied
499 941 205 44 appellants’
723 941 182 44 requested
922 942 224 44 preliminary
1163 942 202 44 injunction.

152 990 93 35 That
254 989 152 36 decision
415 1001 70 23 was
495 990 169 44 appealed
674 996 36 29 to
719 990 68 36 this
797 996 108 30 court.
917 992 65 34 We
991 991 158 35 affirmed
1159 992 207 35 Chancellor

154 1040 166 34 Bullion’s
338 1039 151 35 decision
507 1039 70 35 and
595 1040 158 35 reserved
771 1051 67 33 any
855 1040 135 35 further
1008 1041 253 35 consideration
1278 1041 88 35 until

153 1089 91 35 after
254 1100 21 23 a
284 1089 79 35 trial
373 1100 44 24 on
426 1089 59 35 the
494 1089 130 35 merits.
634 1091 189 34 American
835 1089 178 45 Trucking
1017 1090 115 41 Ass’n,
1143 1092 80 39 Inc.,
1236 1097 33 28 et
1278 1091 46 35 al.
1334 1102 30 23 v.

154 1139 106 43 Gray,
281 1141 171 39 Director,
473 1141 69 33 280
562 1140 85 34 Ark.
670 1141 79 39 258,
771 1141 65 34 657
859 1140 144 35 S.W.2d
1023 1141 67 34 207
1114 1141 137 43 (1983).

1292 252 67 34 493

244 1224 75 36 The
333 1236 79 24 case
425 1236 70 24 was
509 1225 202 42 remanded,
725 1226 155 35 certified
894 1238 38 23 as
946 1237 21 24 a
981 1227 90 35 class
1084 1227 127 42 action,
1226 1227 68 35 and
1307 1227 61 35 the

153 1275 80 35 trial
247 1285 44 24 on
306 1275 59 35 the
378 1275 118 35 merits
510 1286 70 24 was
594 1275 91 36 held.
699 1276 206 45 Appellants
919 1277 194 45 attempted
1126 1282 36 30 to
1175 1288 103 34 prove
1291 1278 76 34 that

153 1325 60 34 the
231 1325 103 35 HUE
352 1330 59 30 tax
428 1336 38 24 as
484 1326 137 34 written
639 1326 70 35 and
727 1326 246 35 administered
990 1338 71 24 was
1078 1327 161 35 violative
1255 1327 39 35 of
1308 1327 60 36 the

154 1385 195 25 commerce
363 1375 127 41 clause,
505 1376 60 34 the
578 1376 181 44 privileges
774 1376 68 35 and
856 1376 213 35 immunities
1084 1377 127 42 clause,
1226 1377 68 35 and
1309 1377 59 35 the

154 1425 103 44 equal
281 1426 192 43 protection
495 1426 120 35 clause
637 1425 39 35 of
697 1426 60 35 the
780 1426 198 35 fourteenth
1002 1427 225 35 amendment
1249 1432 37 30 to
1308 1427 60 36 the

155 1475 131 35 United
297 1475 116 35 States
425 1476 247 35 Constitution.
685 1476 208 35 Chancellor
904 1477 137 35 Bullion
1051 1476 99 36 ruled
1160 1488 44 24 on
1216 1477 151 36 October

158 1526 53 40 11,
236 1526 100 41 1984,
355 1525 78 36 that
451 1526 60 34 the
529 1532 61 29 tax
609 1537 71 24 was
699 1527 260 35 constitutional
978 1526 70 36 and
1066 1527 78 36 that
1163 1528 202 44 appellants’

153 1576 141 34 counsel
314 1586 90 24 were
423 1581 59 29 not
502 1576 144 35 entitled
667 1581 36 30 to
723 1577 186 43 attorneys’
929 1576 83 36 fees.

339 1662 57 34 On
406 1663 155 43 January
570 1663 171 41 25,1984,
751 1663 60 34 the
819 1663 207 44 companion
1035 1674 80 25 case
1124 1663 39 35 of
1167 1666 32 32 A­
1206 1665 158 38 TA.Inc.,

154 1717 34 28 et
197 1712 46 34 al.
254 1722 30 24 v.
298 1712 148 35 Charles
454 1714 41 32 D.
506 1712 177 43 Ragland,
694 1719 34 28 et
738 1712 59 41 al.,
806 1723 70 24 was
885 1712 82 36 filed
976 1713 35 34 in
1020 1713 59 35 the
1088 1714 127 34 second
1223 1713 144 35 division

154 1761 40 34 of
205 1761 140 34 Pulaski
360 1761 184 44 Chancery
559 1762 121 34 Court.
696 1763 92 33 That
802 1762 189 44 complaint
1005 1764 73 33 also
1092 1763 202 43 challenged
1309 1763 59 35 the

154 1814 59 29 tax
230 1820 38 24 as
286 1821 45 23 an
348 1810 115 43 illegal
479 1811 160 34 exaction
655 1811 70 34 and
742 1811 134 43 alleged
892 1812 78 34 that
986 1813 70 33 Act
1073 1813 80 39 685,
1169 1812 113 35 which
1297 1823 70 24 was

154 1859 174 44 approved
342 1860 45 42 by
399 1870 20 24 a
433 1870 94 24 mere
539 1860 164 43 majority
714 1865 78 30 vote
804 1860 40 35 of
853 1861 59 34 the
924 1861 152 35 General
1089 1861 195 44 Assembly,
1298 1872 70 24 was

154 1908 136 44 subject
303 1914 36 30 to
352 1909 59 35 the
424 1909 251 36 three-fourths
687 1910 118 44 voting
819 1910 162 45 majority
994 1910 161 45 required
1168 1911 45 45 by
1227 1911 140 36 amend­

154 1965 96 29 ment
268 1960 40 34 19
324 1960 17 42 §
357 1960 20 34 2
390 1959 39 35 of
438 1960 59 35 the
509 1960 180 35 Arkansas
703 1961 245 35 Constitution.
963 1961 209 35 Chancellor
1184 1961 90 36 John
1287 1962 81 35 Earl

154 2009 148 43 granted
317 2010 182 44 appellees’
516 2010 133 35 motion
664 2010 54 35 for
733 2021 177 34 summary
923 2011 186 43 judgment
1122 2022 46 24 on
1182 2012 69 34 this
1265 2012 101 35 issue.

154 2058 105 36 Since
268 2059 59 35 the
335 2059 90 35 facts
434 2059 69 35 and
512 2060 108 34 issues
630 2061 35 34 in
674 2060 60 35 the
742 2065 68 30 two
819 2061 140 43 appeals
969 2072 60 24 are
1037 2061 142 41 similar,
1189 2062 82 43 they
1279 2072 89 24 were

153 2108 239 35 consolidated
401 2109 35 34 in
445 2109 69 34 this
523 2115 109 29 court.
643 2109 76 35 Our
726 2109 218 44 jurisdiction
953 2110 29 34 is
991 2115 170 39 pursuant
1170 2115 36 30 to
1215 2111 83 44 Sup.
1310 2111 57 35 Ct.

154 2158 43 35 R.
213 2157 175 44 29(1)(a),
404 2159 63 43 (c),
481 2159 69 34 and
565 2158 57 44 (j).
637 2159 66 34 We
715 2159 129 45 uphold
857 2160 59 34 the
927 2160 312 45 constitutionality
1251 2160 39 35 of
1299 2162 69 33 Act

154 2208 81 35 685.

245 2294 70 34 Act
327 2294 66 35 685
406 2294 157 44 provides
574 2295 77 35 that
662 2295 60 35 the
733 2295 102 35 HUE
847 2300 59 30 tax
916 2296 28 34 is
956 2300 35 30 to
1002 2296 44 35 be
1057 2296 247 35 administered
1315 2296 53 35 for

154 2343 46 35 all
225 2344 180 35 Arkansas
430 2345 288 43 base-registered
743 2346 116 34 trucks
884 2345 46 45 by
954 2346 59 34 the
1038 2346 271 35 Commissioner
1332 2346 40 35 of

154 2394 182 35 Revenues
348 2394 39 34 of
396 2395 58 34 the
466 2395 164 35 Revenue
642 2395 156 35 Division
809 2395 40 35 of
857 2395 59 35 the
928 2396 232 43 Department
1170 2396 40 35 of
1219 2396 150 35 Finance
