1656 2696
137 418 254 41 Furthermore,
400 418 59 35 the
464 418 81 44 jury
554 418 69 35 had
633 418 141 44 already
784 418 106 35 heard
900 418 162 35 evidence
1070 418 77 35 that
1157 418 109 35 Futch
1276 417 69 35 had

136 468 170 35 admitted
316 468 59 35 the
384 468 129 44 killing.
525 469 65 34 We
600 468 71 35 find
681 476 44 27 no
735 468 202 44 prejudicial
947 477 94 25 error
1051 468 34 34 in
1095 467 121 44 failing
1226 473 35 29 to
1270 468 76 43 give

136 518 59 34 the
216 518 148 43 limiting
384 518 214 35 instruction.

1277 277 66 34 327

227 596 75 34 The
320 596 78 35 trial
416 601 98 29 court
533 596 108 35 found
660 606 44 24 no
721 596 206 35 substantial
945 595 188 35 difference
1151 596 34 34 in
1203 596 59 34 the
1279 601 67 29 two

137 651 215 29 statements.
366 646 65 34 We
442 656 103 33 agree
556 646 60 35 the
627 646 168 44 disparity
807 646 27 34 is
847 657 37 23 so
896 646 105 43 slight
1012 646 77 34 that
1101 646 26 34 it
1140 650 159 30 amounts
1311 650 36 30 to

137 696 60 34 the
219 695 123 35 classic
364 695 198 35 distinction
586 696 145 34 without
754 706 20 24 a
798 695 197 35 difference.
1020 696 119 34 Either
1162 700 185 30 statement

137 745 103 34 could
257 745 43 34 be
316 745 95 41 used,
428 745 179 44 arguably,
624 751 36 29 to
677 745 93 35 show
787 745 76 35 that
880 745 110 34 Futch
1007 745 70 34 had
1092 745 60 34 the
1168 755 180 34 necessary

138 795 111 34 intent
264 800 35 29 to
313 800 141 38 support
469 806 20 23 a
503 795 194 34 conviction
712 794 53 35 for
779 795 73 34 first
866 794 126 44 degree
1005 795 150 34 murder.
1171 794 65 35 We
1250 795 99 34 think

138 845 60 34 the
215 844 79 35 trial
313 845 125 34 court’s
456 844 152 35 decision
626 855 70 24 was
715 850 59 29 not
791 844 127 44 clearly
936 855 117 32 wrong
1071 855 38 24 or
1126 855 45 24 an
1189 844 106 35 abuse
1312 844 39 34 of

138 894 196 35 discretion.

231 972 120 35 Under
365 972 84 35 Ark.
464 972 90 35 Stat.
569 973 92 33 Ann.
679 972 17 43 §
713 973 152 34 43-2725
882 972 117 44 (Repl.
1019 971 117 44 1977),
1150 981 38 26 as
1202 977 61 39 put
1277 972 72 34 into

139 1022 104 34 effect
253 1022 45 43 by
307 1033 62 23 our
380 1022 89 35 Rule
482 1024 36 32 11
535 1021 60 44 (f),
604 1033 52 24 we
665 1022 156 35 consider
831 1020 45 37 all
885 1022 190 43 objections
1085 1022 149 43 brought
1242 1027 36 29 to
1287 1032 62 24 our

139 1072 171 34 attention
321 1071 35 35 in
367 1072 58 35 the
435 1072 171 35 abstracts
618 1071 69 36 and
698 1071 105 36 briefs
814 1072 34 34 in
859 1072 141 44 appeals
1011 1072 91 35 from
1113 1083 20 24 a
1144 1077 160 30 sentence
1313 1071 40 35 of

140 1121 61 35 life
219 1122 261 44 imprisonment
497 1133 39 23 or
553 1121 116 36 death.
690 1122 39 34 In
747 1122 68 35 this
832 1133 80 24 case
928 1133 52 24 we
997 1122 71 34 find
1087 1132 44 25 no
1148 1122 202 44 prejudicial

140 1182 94 24 error
245 1172 34 34 in
290 1172 58 35 the
358 1172 112 44 points
480 1172 131 44 argued
621 1183 39 23 or
670 1172 34 35 in
714 1172 59 35 the
782 1172 98 35 other
890 1172 190 44 objections
1090 1172 197 35 abstracted
1297 1172 53 35 for

140 1222 133 35 review.

231 1301 181 35 Affirmed.

232 1379 160 41 Purtle,
412 1380 43 40 J.,
476 1384 60 30 not
556 1379 255 44 participating.

210 1659 114 36 Susan
345 1661 143 40 DYER,
510 1661 106 43 Mary
637 1660 202 35 BRYANT
858 1660 69 35 and
947 1661 117 34 Willie
1084 1660 201 35 BRYANT

454 1721 27 23 v.
504 1709 158 44 Dorothy
683 1709 359 35 ROSS-LAWHON

142 1788 127 33 85-251

1033 1788 69 33 704
1122 1787 142 34 S.W.2d
1284 1788 67 34 629

471 1863 170 44 Supreme
661 1863 111 35 Court
791 1863 40 35 of
847 1864 178 34 Arkansas

408 1912 152 45 Opinion
580 1912 172 36 delivered
773 1913 126 35 March
924 1914 52 41 10,
1002 1913 87 35 1986
