1673 2695
319 415 154 36 received
488 426 20 23 a
523 426 86 33 copy
623 415 39 35 of
674 415 76 35 that
765 415 140 34 motion.
920 415 75 34 The
1009 414 110 35 initial
1134 413 119 35 record
1268 424 69 23 was
1352 412 80 35 filed
1446 412 82 35 with

319 466 67 34 this
405 470 98 30 court
522 476 44 24 on
586 465 80 43 July
686 466 54 40 23,
766 465 97 34 1985.
884 464 56 34 On
960 464 206 43 September
1186 464 31 40 9,
1242 464 98 39 1985,
1360 463 92 34 after
1470 462 58 35 the

319 515 119 35 record
466 526 69 23 was
563 514 123 44 lodged
714 514 68 35 and
809 514 204 44 appellants’
1041 513 92 34 brief
1157 524 69 23 was
1254 512 79 35 filed
1360 512 83 35 with
1470 513 59 33 the

319 575 159 33 supreme
487 569 109 36 court,
607 564 98 34 Scott
715 564 79 34 filed
805 574 20 23 a
836 563 130 35 motion
977 563 34 34 in
1022 563 171 43 chancery
1203 568 98 29 court
1310 567 36 29 to
1355 562 106 34 strike
1471 562 58 34 the

320 615 87 42 May
417 615 43 33 29
470 614 110 34 order.
591 614 74 34 The
674 613 79 34 trial
759 612 108 44 judge
876 612 79 34 held
965 624 20 22 a
995 612 142 42 hearing
1147 611 69 35 and
1225 611 140 35 entered
1375 622 44 23 an
1428 610 100 35 order

318 664 162 43 granting
500 664 59 33 the
579 663 130 35 motion
729 673 44 24 on
793 662 204 44 September
1019 662 55 40 26,
1099 662 98 34 1985.

319 276 68 33 430

532 744 135 43 During
679 744 59 34 the
749 743 177 45 pendency
938 743 39 35 of
986 754 44 23 an
1042 742 135 45 appeal,
1189 742 164 35 mistakes
1366 741 34 35 in
1411 741 116 35 orders

319 805 80 32 may
413 795 41 34 be
466 794 175 34 corrected
655 794 45 43 by
711 794 59 34 the
781 793 79 35 trial
873 798 98 29 court
984 792 118 35 before
1114 792 58 35 the
1184 792 123 44 appeal
1320 792 27 34 is
1360 791 167 35 docketed

319 845 35 33 in
372 844 58 34 the
448 844 172 43 appellate
637 848 98 29 court
752 854 38 23 or
808 842 188 35 thereafter
1014 842 82 34 with
1114 842 95 34 leave
1227 841 39 35 of
1280 842 59 34 the
1357 841 171 44 appellate

318 899 108 28 court.
442 893 84 34 Ark.
542 894 42 32 R.
601 892 73 35 Civ.
690 893 36 33 P.
742 892 89 34 Rule
846 891 113 43 60(a).
975 892 148 34 Neither
1137 891 59 35 the
1209 891 172 43 appellees
1394 901 62 24 nor
1469 891 59 34 the

319 942 79 34 trial
411 947 98 29 court
521 941 124 43 sought
658 942 59 34 the
729 941 202 44 permission
944 941 39 34 of
992 941 67 34 this
1072 946 99 29 court
1183 940 119 35 before
1314 940 59 34 the
1386 939 141 43 hearing

319 1002 69 23 was
407 991 80 35 held
506 991 68 35 and
595 991 59 35 the
672 990 100 35 order
790 991 161 34 stricken.
971 990 244 44 Accordingly,
1235 989 59 35 the
1313 990 91 34 issue
1422 989 27 34 is
1469 994 59 30 not

319 1041 158 44 properly
488 1041 118 34 before
616 1041 59 35 the
685 1045 98 30 court
794 1040 68 34 and
873 1040 59 34 the
944 1040 87 43 May
1043 1041 43 33 29
1098 1039 100 35 order
1209 1039 210 44 prohibiting
1430 1039 98 35 Scott

320 1091 90 34 from
430 1090 234 44 representing
684 1101 67 33 any
771 1096 111 38 party,
903 1089 176 44 including
1100 1089 149 41 himself,
1270 1094 93 29 must
1383 1088 111 36 stand.

410 1173 154 34 Because
581 1183 51 24 we
649 1171 188 45 anticipate
854 1172 77 34 that
947 1182 44 24 on
1010 1170 143 36 remand
1171 1171 59 35 the
1247 1171 80 34 trial
1345 1175 98 30 court
1459 1170 68 35 will

318 1227 132 30 correct
478 1222 58 34 the
561 1222 141 34 obvious
729 1222 225 43 discrepancy
980 1221 153 34 between
1161 1221 59 35 the
1246 1225 67 30 two
1339 1220 116 35 orders
1483 1221 45 43 by

319 1272 144 42 striking
475 1271 59 35 the
547 1272 88 42 May
648 1272 43 33 29
704 1271 100 34 order
817 1282 37 24 as
867 1271 44 34 he
923 1270 192 44 attempted
1128 1275 35 30 to
1175 1270 44 35 do
1232 1269 152 44 already,
1397 1281 51 23 we
1459 1270 68 35 will

318 1321 74 34 also
411 1320 103 35 reach
535 1321 59 34 the
613 1321 118 35 merits
752 1320 39 35 of
808 1320 67 35 this
895 1321 100 34 issue.

409 1402 74 34 The
503 1401 155 44 problem
677 1412 164 23 concerns
862 1401 59 34 the
941 1401 72 35 fact
1032 1401 77 34 that
1129 1401 74 34 Bob
1223 1401 109 40 Scott,
1353 1401 116 42 acting
1489 1411 38 25 as

318 1451 138 34 counsel
479 1450 53 35 for
553 1451 59 34 the
633 1451 130 34 church
785 1451 68 34 and
875 1451 59 34 the
955 1450 121 41 elders,
1099 1450 140 35 advised
1260 1450 60 35 the
1340 1449 130 36 church
1492 1455 35 29 to

319 1501 216 43 incorporate
548 1500 68 34 and
630 1500 145 35 assisted
788 1500 96 35 them
898 1500 34 34 in
946 1500 76 35 that
1035 1500 180 34 endeavor.
1230 1499 74 35 The
1317 1500 143 43 petition
1474 1499 54 35 for

318 1550 254 43 incorporation
584 1549 72 35 lists
668 1550 59 33 the
738 1549 109 35 elders
860 1549 225 43 individually
1095 1560 38 23 as
1144 1549 199 43 petitioners
1355 1548 69 35 and
1435 1548 91 43 gives

320 1599 73 34 Bob
408 1599 126 34 Scott’s
549 1610 103 23 name
666 1610 37 23 as
718 1599 89 34 their
822 1604 168 38 attorney.
1006 1598 205 44 Appellants
1226 1598 170 34 maintain
1410 1598 77 34 that
1501 1598 26 34 it

319 1649 147 34 involves
477 1653 35 29 at
523 1649 85 34 least
619 1649 58 34 the
686 1658 217 34 appearance
911 1648 40 34 of
958 1647 224 44 impropriety
1191 1653 35 29 to
1235 1647 101 35 allow
1346 1648 74 34 Bob
1429 1647 98 35 Scott

319 1703 35 29 to
365 1708 75 24 now
452 1702 173 39 represent
636 1697 142 35 himself
785 1698 69 34 and
865 1708 61 24 sue
936 1698 59 34 the
1005 1697 110 35 elders
1127 1696 106 36 based
1244 1707 44 24 on
1299 1697 59 34 the
1368 1696 158 35 church’s

319 1753 179 38 corporate
516 1753 121 29 status.
658 1747 74 35 The
751 1747 79 35 trial
849 1752 98 30 court
967 1747 108 34 found
1094 1747 34 34 in
1148 1747 43 35 its
1210 1747 100 43 April
1334 1747 40 34 16
1395 1746 68 35 and
1482 1747 44 34 26

318 1797 116 35 orders
445 1797 75 35 that
530 1808 43 24 no
583 1797 161 35 evidence
753 1808 69 24 was
833 1797 180 45 presented
1024 1808 37 24 as
1071 1803 36 29 to
1116 1808 68 33 any
1193 1797 138 35 conflict
1340 1796 40 35 of
1386 1797 140 37 interest

318 1848 93 35 since
424 1848 98 35 Scott
534 1848 219 44 represented
766 1848 59 34 the
836 1848 130 35 church
980 1846 68 36 and
1061 1852 59 30 not
1133 1847 59 36 the
1204 1846 188 36 individual
1405 1846 120 36 elders.

318 1899 65 33 We
402 1898 166 43 disagree.

530 1979 103 35 Since
643 1979 99 35 Scott
753 1979 219 44 represented
984 1979 58 34 the
1052 1979 110 34 elders
1174 1979 34 34 in
1220 1979 89 34 their
1319 1979 159 43 capacity
1487 1990 38 23 as

317 2028 199 44 petitioners
528 2028 53 35 for
592 2028 254 43 incorporation
858 2029 76 34 that
945 2039 70 24 was
1028 2028 170 35 sufficient
1209 2028 270 43 representation
1490 2033 36 29 to

317 2082 137 39 present
468 2088 20 23 a
503 2077 147 41 conflict,
666 2088 38 24 or
717 2077 35 35 in
767 2078 59 34 the
839 2078 98 40 least,
952 2089 44 23 an
1011 2088 217 33 appearance
1242 2077 39 35 of
1291 2077 233 44 impropriety.

593 2159 74 34 The
681 2158 188 35 American
885 2159 68 34 Bar
967 2158 249 35 Association’s
1231 2158 97 35 Code
1342 2158 39 35 of
1392 2157 133 36 Profes­

317 2208 108 34 sional
440 2208 269 44 Responsibility
724 2208 156 44 provides
894 2208 77 35 that
985 2219 20 23 a
1020 2208 126 43 lawyer
1161 2208 122 35 should
1297 2218 156 34 preserve
1466 2208 59 34 the

317 2257 215 34 confidences
551 2257 69 34 and
639 2263 126 28 secrets
784 2257 39 34 of
839 2269 20 23 a
878 2257 115 41 client,
1013 2257 124 35 Canon
1156 2259 31 32 4.
1207 2258 34 33 A
1259 2258 126 42 lawyer
1403 2257 122 35 should

317 2306 150 34 exercise
477 2306 231 43 independent
719 2306 225 44 professional
953 2306 184 43 judgment
1148 2317 44 24 on
1204 2306 121 34 behalf
1332 2305 40 35 of
1378 2318 21 23 a
1410 2306 114 41 client,

317 2356 123 34 Canon
457 2357 30 32 5.
503 2357 33 33 A
551 2356 126 43 lawyer
691 2355 123 35 should
829 2355 100 35 avoid
944 2366 83 24 even
1042 2356 59 34 the
1115 2366 217 34 appearance
1346 2356 39 34 of
1397 2355 128 44 profes­

316 2405 109 35 sional
438 2405 233 44 impropriety,
686 2405 121 35 Canon
821 2406 30 34 9.
867 2406 125 34 Courts
1005 2405 67 35 will
1085 2405 188 44 disqualify
1284 2405 138 35 counsel
1434 2405 34 34 in
1480 2416 45 24 an
