1645 2696
315 274 68 34 200

405 416 99 34 Jack
514 416 119 40 Holt,
644 416 68 40 Jr.,
722 415 108 34 Chief
836 415 140 35 Justice.

987 415 82 34 This
1079 426 79 24 case
1167 415 148 35 involves
1324 415 59 34 the
1391 415 91 35 issue
1490 416 40 34 of

314 464 238 44 pretermitted
566 465 166 34 children.
747 465 74 34 The
835 466 145 43 probate
993 471 98 28 court
1106 465 108 34 found
1229 465 59 34 the
1301 465 176 35 reference
1490 466 35 34 in

313 514 60 34 the
384 514 174 35 testator’s
569 514 69 35 will
650 520 36 29 to
698 514 70 35 “all
780 514 39 35 of
828 526 58 33 my
899 515 90 34 heirs
1002 525 37 24 or
1051 515 98 34 other
1162 515 180 35 relatives”
1356 515 170 35 sufficient

314 569 35 29 to
368 565 153 34 mention
539 564 59 35 the
616 564 172 36 testator’s
807 565 154 34 children
981 575 37 24 as
1036 576 20 23 a
1075 565 88 35 class
1182 565 68 34 and
1269 565 144 35 exclude
1430 565 96 35 them

313 614 91 35 from
423 614 224 35 inheritance.
669 615 30 35 It
719 614 27 35 is
767 614 89 35 from
876 615 76 35 that
968 615 185 43 judgment
1172 615 76 35 that
1267 616 68 34 this
1355 616 122 44 appeal
1497 616 28 35 is

313 664 159 44 brought.
485 665 75 35 Our
567 665 219 43 jurisdiction
798 665 27 35 is
837 670 168 39 pursuant
1016 671 35 29 to
1062 666 84 44 Sup.
1159 665 56 35 Ct.
1229 666 42 34 R.
1284 665 82 43 29(1­
1373 665 69 43 )(c)
1456 666 69 34 and

315 714 67 44 (p).
403 715 66 34 We
489 715 123 34 affirm.

404 796 145 34 Charles
564 796 131 34 Buford
708 796 127 43 Young
848 796 78 35 died
940 801 126 30 testate
1078 808 43 23 on
1135 797 194 34 December
1342 797 31 40 8,
1392 798 98 40 1983,
1504 809 20 23 a

312 845 151 34 resident
477 846 40 33 of
530 845 147 35 Florida.
695 845 64 35 His
774 846 79 40 will,
869 846 166 34 executed
1051 857 44 23 on
1109 847 139 41 August
1265 848 54 39 30,
1340 847 98 40 1983,
1454 858 70 23 was

312 894 170 34 admitted
495 900 35 29 to
542 895 145 42 probate
699 895 35 34 in
748 895 147 34 Florida.
910 895 56 34 On
979 896 138 42 August
1131 896 148 40 6,1984,
1293 906 45 24 an
1351 896 172 34 authenti-

312 943 101 34 cated
434 954 87 33 copy
540 943 40 34 of
596 944 59 34 the
675 944 67 34 will
763 955 69 23 was
853 944 170 35 admitted
1043 950 35 29 to
1098 944 145 44 probate
1263 945 34 34 in
1318 944 60 35 the
1398 945 125 34 Chick-

312 993 139 35 asawba
476 993 144 35 District
644 993 40 35 of
705 993 208 45 Mississippi
939 994 149 44 County,
1114 994 189 42 Arkansas,
1329 994 113 35 where
1466 995 59 35 the

311 1042 168 35 decedent
488 1043 120 34 owned
619 1054 44 23 an
673 1044 141 34 interest
824 1044 34 34 in
868 1043 81 35 land
960 1044 68 34 and
1038 1055 95 24 some
1143 1044 198 35 residential
1351 1050 171 39 property.

311 1092 74 34 The
398 1093 67 34 will
479 1092 138 35 devised
631 1093 68 34 and
714 1093 217 44 bequeathed
945 1094 45 33 all
1004 1093 40 35 of
1054 1094 59 34 the
1127 1095 172 34 testator’s
1313 1099 162 39 property
1488 1100 35 29 to

311 1142 52 34 his
379 1142 151 40 brother,
547 1142 183 43 Benjamin
746 1143 42 34 K.
806 1144 137 42 Young,
960 1143 82 34 with
1058 1144 59 34 the
1131 1144 180 43 exception
1327 1143 40 35 of
1379 1155 20 23 a
1415 1144 108 34 hand-

311 1191 124 35 carved
445 1192 79 44 pipe
533 1191 218 45 bequeathed
760 1197 35 29 to
805 1203 19 24 a
834 1192 123 35 friend.
968 1193 75 34 The
1051 1198 145 30 testator
1205 1204 69 23 was
1284 1194 73 34 also
1367 1194 156 34 survived

311 1241 45 43 by
377 1246 67 30 two
466 1241 165 42 children,
654 1242 59 35 the
734 1242 204 44 appellants;
961 1242 97 35 three
1079 1242 278 44 grandchildren;
1380 1243 68 34 and
1470 1244 52 34 his

311 1291 145 35 mother.
466 1292 74 34 The
549 1296 144 30 testator
701 1302 70 24 was
780 1292 160 35 divorced
950 1292 90 34 from
1049 1293 59 34 the
1117 1293 135 34 mother
1261 1293 39 34 of
1305 1292 53 36 his
1367 1293 155 35 children

311 1346 36 29 at
363 1341 59 34 the
438 1342 84 34 time
538 1341 38 34 of
590 1341 52 35 his
658 1341 115 35 death.
790 1342 75 34 The
881 1342 68 34 will
965 1342 59 34 did
1041 1348 59 29 not
1116 1343 153 34 mention
1286 1343 110 35 either
1412 1343 39 34 of
1464 1344 59 34 the

311 1391 172 34 testator’s
503 1391 155 34 children
679 1391 45 44 by
743 1402 112 24 name.

400 1472 205 43 Appellants
615 1472 79 34 filed
705 1483 20 23 a
735 1472 143 43 petition
888 1483 44 24 on
942 1473 155 43 January
1110 1474 166 40 11,1985,
1286 1474 149 42 alleging
1445 1474 77 34 that

309 1520 82 43 they
399 1532 60 23 are
468 1521 239 43 pretermitted
716 1521 155 35 children
879 1521 109 35 under
997 1522 60 34 the
1066 1522 68 34 will
1143 1522 40 34 of
1189 1522 146 35 Charles
1346 1523 38 34 B.
1395 1524 126 42 Young

310 1569 68 35 and
389 1581 59 23 are
458 1570 142 35 entitled
611 1576 35 29 to
656 1571 125 34 inherit
792 1571 58 34 the
860 1571 109 35 entire
979 1577 120 29 estate.
1111 1573 33 33 A
1154 1572 144 43 hearing
1308 1583 69 24 was
1387 1572 79 35 held
1477 1584 43 23 on

310 1619 88 43 May
421 1620 51 40 16,
498 1620 86 34 1985
606 1620 89 34 after
715 1620 111 35 which
846 1621 59 34 the
924 1621 79 34 trial
1022 1627 99 28 court
1141 1620 108 35 found
1269 1622 58 34 the
1346 1621 174 45 following

309 1668 172 44 language
489 1670 35 33 in
533 1669 59 34 the
600 1670 68 34 will
677 1669 169 36 sufficient
856 1670 153 35 mention
1018 1670 40 35 of
1063 1671 60 34 the
1131 1671 192 43 appellants
1332 1676 35 29 to
1377 1672 144 34 exclude

308 1718 96 35 them
419 1719 91 34 from
525 1719 185 44 inheriting
725 1719 58 35 the
798 1720 109 35 entire
922 1725 110 29 estate
1047 1732 37 23 as
1100 1720 238 45 pretermitted
1352 1721 166 36 children:

434 1801 14 33 I
478 1811 57 24 am
564 1800 148 35 mindful
741 1800 38 35 of
805 1801 59 34 the
892 1801 73 35 fact
994 1802 77 34 that
1100 1803 15 33 I
1144 1802 87 34 have
1259 1802 163 44 willingly
1450 1804 69 34 and

432 1850 239 44 intentionally
681 1850 145 35 omitted
837 1856 35 29 to
884 1851 140 44 provide
1035 1851 54 35 for
1100 1852 45 34 all
1156 1851 39 35 of
1203 1863 58 33 my
1271 1853 90 34 heirs
1372 1863 38 23 or
1420 1853 99 34 other

431 1899 157 35 relatives
609 1905 59 29 not
688 1900 209 44 specifically
918 1901 198 35 mentioned
1137 1901 127 35 herein.

491 1981 74 35 The
581 1981 238 44 pretermitted
835 1982 93 35 child
945 1987 140 37 statute,
1101 1983 85 34 Ark.
1204 1983 89 35 Stat.
1310 1985 91 33 Ann.
1422 1984 17 42 §
1458 1985 59 33 60-­

308 2030 126 43 507(b)
458 2031 115 43 (Repl.
600 2031 103 44 1971)
726 2032 167 43 provides:

431 2112 34 35 If
479 2118 36 29 at
531 2112 59 35 the
606 2113 84 34 time
706 2113 39 35 of
758 2113 59 34 the
833 2114 180 34 execution
1030 2114 40 34 of
1083 2126 20 23 a
1120 2114 67 35 will
1204 2115 97 35 there
1317 2116 43 34 be
1375 2126 20 23 a
1413 2116 104 43 living

430 2162 92 34 child
537 2162 39 34 of
587 2162 59 35 the
660 2168 154 36 testator,
830 2174 38 23 or
883 2163 104 43 living
1002 2164 92 34 child
1108 2175 38 23 or
1161 2164 90 35 issue
1264 2165 40 34 of
1315 2176 20 23 a
1350 2165 168 35 deceased

430 2212 92 34 child
547 2211 39 34 of
607 2212 59 34 the
690 2217 155 36 testator,
871 2213 114 34 whom
1009 2214 59 33 the
1092 2218 144 30 testator
1260 2214 87 35 shall
1372 2215 85 34 omit
1482 2220 35 30 to

429 2261 154 35 mention
597 2272 37 24 or
648 2261 139 44 provide
801 2262 64 41 for,
880 2262 109 35 either
1003 2263 208 43 specifically
1224 2274 38 24 or
1276 2275 37 23 as
1327 2275 20 23 a
1362 2264 155 35 member

429 2311 39 34 of
490 2322 20 23 a
536 2311 99 41 class,
661 2312 59 34 the
745 2316 144 30 testator
915 2312 87 35 shall
1028 2313 43 34 be
1095 2313 144 34 deemed
1265 2319 35 29 to
1325 2314 87 34 have
1437 2314 80 34 died

430 2361 162 34 intestate
602 2361 83 35 with
697 2366 133 39 respect
841 2367 35 29 to
887 2362 85 34 such
984 2362 92 34 child
1087 2373 38 24 or
1136 2362 100 42 issue,
1249 2363 68 35 and
1329 2363 84 35 such
1424 2364 93 34 child

429 2421 38 23 or
486 2411 91 34 issue
597 2411 87 34 shall
705 2411 42 35 be
768 2412 142 34 entitled
930 2416 36 30 to
985 2423 138 24 recover
1143 2412 90 35 from
1253 2413 59 34 the
1331 2413 131 35 devises
1482 2414 35 34 in
