1632 2696
1284 286 39 33 31

616 427 213 36 Conclusion

206 505 66 34 We
289 505 86 33 have
393 515 43 23 no
453 503 109 35 doubt
579 503 77 34 that
673 503 91 34 John
782 504 138 33 Hoover
937 502 69 35 and
1024 502 152 44 Spencer
1195 501 134 35 Bovard

114 554 69 34 had
204 565 96 23 some
320 564 159 24 common
500 554 81 43 plan
602 553 54 34 for
676 553 59 34 the
754 552 264 35 Northwestern
1039 552 104 41 mine,
1164 552 68 34 and
1253 552 76 34 that

115 606 138 33 Hoover
268 615 80 32 may
361 604 86 34 have
460 603 182 44 originally
656 602 163 35 intended
833 607 35 30 to
881 602 76 44 give
970 602 153 44 Spencer
1137 602 135 34 Bovard
1285 613 44 23 an

114 654 143 34 interest
281 654 33 34 in
338 654 58 34 the
418 658 173 39 property,
615 653 30 34 if
665 653 53 34 for
742 663 44 24 no
808 653 98 34 other
929 663 123 24 reason
1074 652 85 34 than
1183 652 148 34 because

114 704 154 44 Spencer
295 703 133 35 Bovard
454 703 164 44 provided
643 703 60 34 the
727 703 232 43 opportunity.
987 703 68 34 But
1080 702 77 34 that
1182 701 149 35 attitude

114 753 159 43 changed
287 753 53 35 for
353 764 138 24 reasons
506 754 138 33 Hoover
657 764 101 23 never
772 752 181 44 explained
965 757 36 29 to
1014 752 110 34 either
1137 752 51 34 his
1201 751 80 35 wife
1293 762 38 24 or

115 804 52 34 his
197 803 181 43 daughter.
409 803 168 34 Whether
607 804 138 33 Hoover
773 802 199 34 discovered
1001 802 195 42 something
1225 801 106 35 about

116 853 136 35 Bovard
265 858 59 29 not
336 858 35 29 to
383 853 52 34 his
447 853 118 43 liking,
578 863 38 24 or
628 852 154 34 whether
795 851 134 35 Bovard
941 863 70 23 was
1024 852 177 42 unwilling
1212 856 36 30 to
1260 851 71 43 rely

115 914 45 23 on
172 903 90 34 John
275 903 165 34 Hoover’s
452 902 89 44 good
553 902 187 35 intentions
752 902 68 34 and
831 901 197 35 demanded
1039 913 38 23 as
1089 901 52 35 his
1153 901 91 43 right
1255 901 77 34 that

115 953 113 34 which
240 964 69 23 was
320 953 79 43 only
410 953 63 40 his,
484 952 30 34 if
522 958 36 29 at
569 952 57 40 all,
638 952 45 43 by
693 952 205 40 sufferance,
909 962 52 24 we
970 956 128 30 cannot
1108 962 71 32 say.
1192 952 65 33 We
1266 961 66 24 can

116 1014 62 32 say
190 1002 241 44 unreservedly
443 1002 77 34 that
531 1002 60 34 the
602 1001 163 35 evidence
776 1002 128 43 clearly
916 1001 268 44 preponderates
1197 1001 135 43 against

116 1053 60 34 the
189 1052 225 35 chancellor’s
428 1052 143 43 finding,
586 1051 69 35 and
669 1051 231 44 accordingly,
915 1062 51 23 we
980 1062 134 23 reverse
1127 1051 59 34 the
1199 1051 131 34 decree.

208 1128 75 34 The
301 1127 122 35 decree
442 1127 27 34 is
489 1126 158 35 reversed
666 1126 68 35 and
754 1127 58 34 the
831 1126 68 35 suit
918 1126 189 35 remanded
1127 1126 53 34 for
1199 1125 133 35 further

117 1177 225 44 proceedings
363 1177 187 35 consistent
570 1177 83 34 with
674 1177 68 34 this
762 1177 149 44 opinion.

210 1254 159 40 Purtle,
391 1253 42 41 J.,
454 1258 60 29 not
534 1252 256 45 participating.
