1640 2680
315 272 68 33 224

806 414 29 33 3.
858 415 178 42 Damages

405 488 74 34 The
494 488 193 43 appellants
702 488 122 34 devote
839 493 67 29 two
922 488 112 43 points
1050 488 34 34 in
1100 488 89 34 their
1204 488 167 44 principal
1388 488 91 35 brief
1491 494 35 29 to

314 537 176 43 damages.
518 538 98 40 First,
643 538 81 43 they
748 538 149 34 contend
922 549 44 23 no
990 538 165 43 damages
1181 538 122 34 should
1328 539 87 34 have
1440 539 86 34 been

314 587 161 34 awarded
493 587 68 34 due
579 593 34 28 to
632 588 59 34 the
709 587 178 44 invalidity
905 588 39 34 of
959 588 58 34 the
1035 594 178 28 covenant.
1232 589 50 34 As
1300 600 51 23 we
1369 589 80 34 hold
1468 589 59 34 the

313 643 169 28 covenant
492 643 35 28 to
537 637 42 35 be
587 637 103 41 valid,
701 649 51 23 we
761 637 86 35 need
857 643 59 29 not
926 648 43 33 go
979 638 134 34 further
1122 649 44 23 on
1176 638 76 35 that
1262 639 105 43 point.
1379 639 146 41 Second,

314 687 81 43 they
406 687 148 34 contend
566 687 58 34 the
635 693 98 28 court
745 687 160 35 awarded
917 699 44 23 an
973 688 191 43 injunction
1176 699 37 23 as
1224 689 76 33 well
1311 700 38 23 as
1361 688 164 44 damages

314 737 111 33 which
439 736 112 34 would
566 737 105 34 result
685 737 90 34 from
788 737 150 34 conduct
951 738 170 42 enjoined;
1136 738 33 33 in
1183 738 98 34 other
1294 738 122 41 words,
1430 738 96 34 these

314 796 59 23 are
382 786 165 42 damages
558 785 52 34 for
620 786 117 34 future
746 786 216 34 misconduct
971 787 34 33 in
1015 787 112 33 which
1136 787 59 33 the
1204 788 193 42 appellants
1407 788 66 33 will
1484 788 42 33 be

314 835 126 33 unable
452 840 35 28 to
499 845 132 32 engage
642 835 30 34 if
680 835 59 34 the
750 835 191 43 injunction
953 835 129 35 stands.
1096 837 39 33 In
1147 836 198 43 particular,
1358 837 59 33 the
1428 842 98 29 court

314 883 107 34 found
448 884 30 34 C
505 885 40 33 M
571 884 113 34 would
710 885 87 34 have
821 890 118 37 gotten
966 890 59 29 not
1050 885 79 43 only
1154 885 59 34 the
1238 886 106 34 ANO
1370 891 156 29 contract

314 933 185 44 beginning
510 934 205 44 September
729 935 142 40 1,1984,
883 935 62 34 but
955 935 112 34 would
1078 935 86 34 have
1174 935 163 35 obtained
1348 946 20 24 a
1378 936 147 34 renewal

313 983 39 35 of
359 984 26 34 it
395 984 205 44 September
614 985 142 40 1,1987.
767 985 74 34 The
850 990 99 29 court
959 985 113 34 added
1083 986 209 40 $22,476.30
1303 985 53 35 for
1366 986 118 44 profits
1495 986 30 34 C

314 1034 41 34 M
368 1034 113 34 would
495 1034 70 34 lose
577 1034 34 34 in
623 1034 59 34 the
694 1035 97 34 three
804 1034 68 35 and
884 1034 160 35 one-half
1053 1035 138 34 months
1204 1035 91 34 from
1307 1036 59 34 the
1378 1036 147 34 renewal

313 1083 39 34 of
364 1084 59 33 the
437 1089 157 29 contract
609 1094 43 24 on
668 1084 204 43 September
892 1086 28 39 1,
941 1085 98 40 1987,
1056 1085 87 34 until
1159 1085 59 34 the
1232 1091 169 28 covenant
1416 1091 59 28 not
1490 1091 35 28 to

312 1138 159 39 compete
494 1133 139 44 expired
659 1134 193 34 December
880 1135 52 39 15,
961 1135 98 33 1987.
1085 1135 50 33 As
1159 1135 59 33 the
1242 1135 191 42 injunction
1457 1135 67 34 will

313 1183 150 43 prohibit
481 1184 81 33 Bert
577 1183 69 34 and
662 1184 127 43 Nancy
805 1183 103 44 Hyde
924 1183 68 35 and
1009 1184 122 44 Valley
1147 1184 170 43 Vending,
1335 1185 82 40 Inc.,
1434 1184 91 35 from

312 1233 197 43 competing
532 1233 82 34 with
638 1233 29 34 C
691 1234 53 40 M,
768 1233 81 44 they
871 1234 68 34 will
961 1239 59 29 not
1043 1234 43 34 be
1108 1234 144 34 allowed
1274 1240 36 29 to
1332 1246 112 23 renew
1467 1235 59 34 the

312 1287 157 30 contract
482 1282 82 35 with
578 1283 117 34 ANO.
710 1283 74 34 The
793 1283 184 43 judgment
991 1284 27 34 is
1032 1284 79 34 thus
1125 1284 163 34 modified
1302 1284 45 43 by
1360 1284 165 43 reducing

312 1332 59 34 the
399 1332 166 43 damages
594 1332 162 35 awarded
785 1332 53 35 for
867 1333 66 34 loss
962 1333 39 34 of
1027 1333 59 34 the
1114 1334 106 34 ANO
1249 1339 157 29 contract
1435 1334 90 34 from

313 1382 231 40 $253,661.13
567 1387 35 29 to
623 1383 244 40 $231,184.83.

495 1456 75 35 The
589 1456 224 35 chancellorâ€™s
830 1457 185 43 judgment
1035 1457 129 34 recited
1184 1458 77 33 that
1281 1458 59 34 the
1359 1457 165 44 damages

311 1516 90 23 were
420 1505 160 35 awarded
601 1506 136 43 against
756 1507 45 33 all
821 1506 40 34 of
876 1507 60 33 the
955 1507 193 43 appellants
1168 1507 53 34 for
1241 1507 150 34 â€œbreach
1411 1507 39 34 of
1466 1508 59 33 the

311 1555 203 34 covenant.â€
527 1555 74 34 The
613 1556 155 43 appellee
780 1566 124 32 argues
917 1556 87 40 that,
1018 1567 37 23 as
1068 1556 80 43 only
1161 1556 103 43 Hyde
1276 1557 158 43 Vending
1448 1557 75 40 Co.,

313 1604 81 40 Inc.,
413 1605 80 33 Bert
510 1604 102 43 Hyde
627 1605 68 34 and
711 1605 127 43 Nancy
854 1605 103 43 Hyde
972 1616 89 23 were
1077 1606 127 43 parties
1220 1611 35 29 to
1271 1606 59 34 the
1344 1612 179 35 covenant,

311 1653 59 34 the
392 1653 165 44 damages
580 1654 161 34 awarded
760 1654 125 44 jointly
908 1654 68 35 and
999 1655 167 43 severally
1187 1655 136 43 against
1345 1656 59 34 the
1425 1656 99 34 other

311 1703 188 35 individual
515 1704 192 43 appellants
722 1709 93 29 must
829 1704 87 35 have
931 1704 86 35 been
1033 1705 106 34 based
1153 1716 44 23 on
1211 1716 96 23 some
1320 1711 69 29 tort
1403 1706 120 43 theory

311 1753 84 34 such
411 1764 37 23 as
464 1753 203 35 intentional
681 1754 230 34 interference
925 1754 82 35 with
1022 1765 20 24 a
1057 1755 216 34 contractual
1288 1755 233 45 relationship.

311 1803 112 33 There
432 1803 27 34 is
469 1813 43 24 no
521 1803 188 34 indication
718 1803 91 35 from
818 1804 59 34 the
885 1804 120 34 record
1015 1804 68 35 and
1092 1805 168 43 certainly
1268 1816 89 23 none
1365 1805 90 34 from
1464 1806 59 34 the

307 1852 185 43 judgment
507 1853 76 34 that
598 1864 67 32 any
680 1854 84 33 such
779 1854 148 43 liability
942 1865 69 23 was
1027 1854 225 35 determined.
1267 1855 50 34 As
1333 1855 58 34 the
1406 1855 115 44 appelÂ­

311 1902 89 34 lants
412 1902 98 35 other
522 1903 84 34 than
619 1903 103 43 Hyde
733 1903 160 44 Vending
906 1904 74 41 Co.,
994 1904 82 34 Bert
1088 1904 103 44 Hyde
1202 1904 68 35 and
1281 1905 127 43 Nancy
1420 1905 103 44 Hyde

310 1963 90 23 were
413 1958 58 29 not
484 1953 127 43 parties
625 1958 35 29 to
672 1953 59 34 the
744 1959 179 36 covenant,
937 1954 82 43 they
1031 1965 60 23 are
1103 1960 60 29 not
1175 1954 104 35 liable
1290 1954 54 35 for
1356 1954 165 44 damages

310 2002 166 43 resulting
490 2002 90 35 from
593 2003 43 34 its
650 2003 138 41 breach,
803 2003 69 35 and
885 2004 59 34 the
953 2004 185 43 judgment
1150 2010 93 29 must
1256 2005 43 34 be
1311 2004 162 35 modified
1487 2005 35 34 in

310 2052 67 34 this
399 2058 133 38 respect
552 2063 37 24 as
610 2053 86 34 well.

757 2137 30 33 4.
812 2137 107 33 Cross
938 2136 140 44 Appeal

402 2210 39 33 In
461 2210 209 42 calculating
690 2210 60 34 the
768 2210 166 43 damages
955 2215 35 29 to
1010 2211 30 33 C
1061 2211 41 34 M
1123 2211 53 34 for
1196 2211 66 34 loss
1282 2211 39 34 of
1337 2211 59 34 the
1414 2211 107 34 ANO

309 2264 168 35 contract,
489 2259 59 34 the
558 2264 98 29 court
667 2259 84 34 used
762 2260 59 34 the
832 2270 95 32 gross
939 2260 101 43 profit
1052 2260 30 34 C
1094 2261 41 33 M
1147 2260 68 34 had
1227 2260 103 35 made
1340 2261 34 34 in
1386 2261 59 34 the
1455 2261 66 34 last

309 2308 97 34 three
416 2319 98 33 years
524 2308 40 35 of
570 2309 43 34 its
623 2314 156 30 contract
789 2309 83 34 with
881 2310 107 34 ANO
999 2310 68 34 and
1077 2310 143 34 allowed
1230 2321 21 23 a
1261 2321 160 33 recovery
1430 2310 39 35 of
1476 2312 43 33 25

309 2363 151 38 percent,
481 2359 221 43 presumably
721 2370 37 23 as
777 2370 20 23 a
816 2360 203 34 reasonable
1037 2365 58 29 net
1114 2360 101 43 profit
1234 2360 77 34 loss.
1331 2360 74 34 The
1423 2365 99 30 court

310 2407 107 34 found
435 2408 30 34 C
482 2409 41 33 M
541 2408 103 34 made
659 2419 21 23 a
696 2419 95 32 gross
808 2409 112 43 profit,
937 2409 65 34 less
1019 2414 58 29 ten
1093 2415 140 38 percent
1249 2410 220 34 commission
1486 2415 35 29 to
