1656 2688
114 420 112 29 arrest
249 414 54 34 for
325 414 116 44 public
464 414 225 34 intoxication
713 413 28 35 is
765 425 20 23 a
808 414 203 34 reasonable
1034 413 176 44 predicate
1232 413 54 34 for
1309 424 20 24 a

115 464 199 43 laboratory
335 464 233 34 examination
588 463 40 35 of
645 463 163 44 clothing.

1260 272 67 33 413

301 551 137 33 Pretext
449 560 65 24 can
526 550 73 34 also
610 549 43 35 be
665 548 108 36 found
785 548 90 35 from
885 549 60 34 the
956 549 73 34 fact
1040 549 77 34 that
1128 549 86 34 each
1224 548 39 35 of
1271 548 60 35 the

115 600 66 34 law
200 599 236 35 enforcement
454 599 144 35 officials
617 598 149 35 testified
785 599 76 34 that
879 599 59 34 the
956 599 177 44 appellant
1151 598 101 35 could
1271 603 60 30 not

115 649 89 35 have
217 649 62 34 left
293 649 59 34 the
364 649 126 34 station
504 649 150 34 because
667 649 43 34 he
722 660 70 23 was
805 659 20 24 a
839 654 137 38 suspect
989 649 35 34 in
1037 648 60 35 the
1109 648 139 35 murder
1261 648 69 35 and

116 709 102 24 arson
232 699 241 43 investigation
486 709 84 24 even
583 704 37 29 at
632 699 60 34 the
704 698 84 35 time
801 699 43 34 he
856 709 70 24 was
939 698 151 43 brought
1102 703 36 30 to
1150 698 59 35 the
1221 698 110 44 police

115 748 140 35 station.
268 749 65 33 We
343 754 80 29 note
433 753 36 30 at
479 748 68 34 this
558 748 97 44 point
664 748 60 35 the
734 748 204 44 appellant’s
949 748 199 35 contention
1158 748 77 34 that
1244 748 85 34 Ark.

116 799 43 33 R.
179 798 110 34 Crim.
307 799 36 33 P.
363 799 53 33 2.3
435 809 70 24 was
522 797 161 35 violated.
702 798 92 34 That
810 798 74 34 rule
901 798 153 44 requires
1072 798 110 44 police
1198 803 36 29 to
1251 798 81 34 take

116 848 86 34 such
222 853 92 39 steps
334 859 38 24 as
392 859 59 24 are
471 848 205 44 reasonably
696 858 181 34 necessary
896 853 36 29 to
951 848 104 35 make
1075 848 26 34 it
1120 848 92 34 clear
1232 848 59 34 “to
1310 859 21 24 a

116 909 124 33 person
252 898 181 44 requested
444 903 36 30 to
491 909 130 33 appear
632 903 37 30 at
680 909 20 24 a
712 898 110 44 police
832 898 128 35 station
971 898 77 35 that
1059 898 44 35 he
1114 898 62 35 has
1187 909 43 24 no
1241 898 90 44 legal

116 948 192 44 obligation
317 954 36 29 to
363 948 170 45 comply.”
544 949 75 34 The
628 949 134 34 officers
771 949 77 34 who
857 959 90 24 were
956 948 107 35 asked
1073 959 44 24 on
1126 949 60 34 the
1195 949 136 34 witness

116 998 103 35 stand
234 999 153 34 whether
401 998 81 44 they
496 998 70 35 had
580 998 172 45 complied
766 999 82 34 with
863 999 68 34 this
945 999 75 34 rule
1033 998 114 35 stated
1161 999 76 34 that
1251 999 81 44 they

117 1048 70 35 had
207 1054 70 29 not.
299 1049 39 34 In
357 1050 159 33 Lascano
533 1060 31 23 v.
584 1049 114 41 State,
719 1050 66 33 275
806 1049 85 34 Ark.
913 1050 79 40 346,
1013 1050 64 33 631
1101 1049 143 34 S.W.2d
1264 1050 66 34 258

119 1098 140 43 (1982),
270 1098 125 35 failure
405 1104 36 30 to
451 1099 137 44 comply
598 1099 84 34 with
693 1099 91 35 Rule
794 1099 54 35 2.3
860 1110 71 24 was
942 1099 113 35 raised
1066 1110 38 24 as
1115 1110 45 24 an
1169 1099 91 35 issue
1270 1099 62 35 but

117 1159 70 24 was
199 1154 60 29 not
270 1148 263 36 determinative
543 1149 40 34 of
590 1149 60 35 the
661 1160 80 24 case
751 1149 148 35 because
910 1160 44 24 no
965 1149 173 44 objection
1149 1161 70 23 was
1230 1149 103 35 made

117 1204 37 29 at
162 1199 61 34 the
231 1199 90 34 trial.
332 1199 39 34 In
380 1199 111 34 obiter
499 1199 94 34 dicta
602 1199 35 34 in
646 1199 60 34 the
714 1199 151 34 decision
873 1199 191 44 upholding
1073 1199 60 35 the
1140 1198 193 36 conviction

117 1248 60 34 the
189 1254 99 28 court
300 1248 74 34 said
387 1248 82 34 “the
480 1254 185 37 argument
677 1248 39 35 of
725 1248 125 35 failure
861 1254 36 29 to
908 1260 95 23 warn
1015 1254 169 38 pursuant
1196 1254 35 29 to
1243 1249 91 34 Rule

118 1299 55 32 2.3
191 1297 69 34 and
276 1297 124 35 failure
414 1303 36 29 to
465 1298 77 43 give
556 1297 171 35 Miranda
741 1298 171 43 warnings
928 1298 120 34 before
1062 1298 122 43 asking
1198 1298 135 34 routine

118 1347 247 43 investigatory
374 1347 175 44 questions
558 1347 28 34 is
596 1352 60 30 not
664 1347 206 44 persuasive.
880 1348 60 34 No
949 1347 163 35 evidence
1120 1353 37 29 at
1165 1348 59 34 the
1232 1358 101 24 scene

118 1396 202 44 implicated
342 1397 60 34 the
424 1397 176 44 appellant
623 1397 69 35 and
715 1397 97 35 there
835 1397 27 35 is
885 1408 44 24 no
952 1397 190 35 indication
1165 1398 169 43 Sergeant

119 1447 128 43 Fogley
260 1446 168 44 regarded
440 1447 61 34 her
514 1458 38 24 as
566 1458 20 24 a
599 1447 140 44 specific
750 1448 172 43 suspect.”
936 1448 40 34 In
989 1447 68 35 this
1070 1458 80 24 case
1162 1447 26 35 it
1201 1448 27 34 is
1241 1448 92 34 clear

118 1496 77 35 that
214 1496 60 35 the
293 1497 176 43 appellant
487 1508 71 23 was
577 1502 36 29 at
632 1497 60 34 the
710 1497 148 34 sheriff’s
877 1497 99 35 office
995 1498 149 34 because
1163 1497 43 35 he
1223 1508 70 24 was
1313 1508 20 24 a

118 1551 139 39 suspect
276 1546 34 34 in
330 1546 59 34 the
407 1557 101 23 arson
528 1546 69 35 and
616 1546 140 35 murder
775 1547 253 43 investigation,
1048 1552 60 29 not
1127 1547 53 34 for
1199 1547 135 34 routine

118 1595 248 45 investigatory
382 1606 175 34 purposes,
576 1596 68 35 and
662 1596 59 35 the
738 1596 125 35 failure
879 1602 36 29 to
931 1597 138 44 comply
1085 1597 83 34 with
1185 1597 59 34 the
1260 1597 74 35 rule

118 1646 104 43 along
231 1646 84 34 with
324 1646 59 35 the
391 1646 145 35 officer’s
545 1646 187 45 testimony
741 1647 44 34 he
793 1646 102 35 could
904 1652 60 30 not
974 1647 96 35 leave
1079 1647 27 35 is
1116 1647 172 44 revealing
1297 1646 40 36 of

118 1696 78 35 that
216 1695 83 36 fact.

327 1784 74 34 The
414 1784 176 44 authority
603 1789 36 30 to
652 1784 121 34 search
787 1784 152 35 incident
952 1790 36 29 to
1001 1795 45 24 an
1060 1790 109 29 arrest
1182 1784 151 45 depends

118 1833 127 44 wholly
259 1844 93 33 upon
367 1834 58 34 the
440 1833 198 35 lawfulness
653 1834 40 34 of
704 1834 60 34 the
779 1840 119 29 arrest.
915 1834 35 35 If
962 1835 59 34 the
1036 1840 110 29 arrest
1161 1835 28 34 is
1203 1834 129 42 lawful,

118 1883 67 40 i.e.,
207 1883 108 34 based
336 1893 92 33 upon
449 1883 167 44 probable
637 1894 115 30 cause,
774 1884 59 34 the
854 1884 122 34 search
997 1884 28 34 is
1047 1884 129 35 lawful.
1201 1885 78 34 U.S.
1301 1896 31 23 v.

117 1932 194 40 Robinson,
339 1934 69 32 414
435 1933 84 34 U.S.
548 1934 67 33 218
646 1933 138 42 (1973).
813 1933 75 34 Our
914 1934 141 43 opinion
1081 1944 45 23 on
1153 1934 180 42 rehearing

118 1981 174 44 reversing
310 1982 59 34 the
385 1982 74 34 first
476 1982 194 35 conviction
686 1982 115 35 closed
818 1983 83 34 with
918 1983 60 34 the
995 1982 175 44 following
1187 1983 145 44 penulti­

118 2036 96 30 mate
234 2032 196 44 paragraph
451 2032 198 44 expressing
669 2043 147 24 concern
837 2033 107 35 about
963 2033 69 35 this
1052 2038 120 30 arrest:

243 2119 105 34 Since
364 2119 59 34 the
440 2130 80 24 case
537 2119 28 35 is
583 2119 103 44 being
704 2120 199 41 remanded,
922 2120 60 35 the
998 2120 80 35 trial
1095 2126 99 29 court
1211 2120 123 35 should

243 2169 123 33 rehear
376 2169 59 33 the
446 2169 91 34 issue
547 2169 40 34 of
595 2169 205 43 appellant’s
812 2175 110 28 arrest
932 2175 36 28 to
979 2169 192 35 determine
1181 2170 153 34 whether

243 2217 99 34 there
356 2228 69 23 was
441 2217 166 43 probable
622 2228 105 24 cause
741 2223 36 29 to
792 2224 143 37 support
949 2218 61 34 the
1025 2224 110 28 arrest
1149 2218 54 34 for
1218 2219 117 42 public

243 2266 236 41 intoxication,
491 2266 234 44 independent
735 2266 40 35 of
782 2267 140 34 murder
933 2267 69 34 and
1014 2278 102 23 arson
1127 2267 154 43 charges.
1295 2267 39 34 In

243 2315 78 34 that
330 2315 134 43 regard,
474 2316 206 44 appellant’s
689 2315 176 35 condition
874 2321 37 30 at
919 2316 60 35 the
987 2316 85 35 time
1081 2316 44 35 he
1132 2327 70 24 was
1212 2316 123 44 picked

243 2376 48 33 up
302 2365 28 34 is
342 2365 39 34 of
389 2365 196 44 significant
597 2366 215 44 importance
824 2366 34 35 in
870 2366 198 43 evaluating
1080 2366 59 35 the
1150 2366 137 44 totality
1299 2366 39 35 of

243 2415 61 35 the
321 2415 269 35 circumstances
610 2415 230 45 surrounding
859 2416 60 35 the
937 2421 120 30 arrest.
1077 2416 96 42 Also,
1193 2416 60 35 the
1270 2416 64 35 cir-
