1632 2696
241 415 259 34 constitutional
521 420 127 30 matter
668 421 36 29 to
723 416 60 34 the
802 416 127 43 parties
950 416 119 35 before
1089 416 36 35 it.

1264 276 63 33 117

207 496 75 34 The
297 496 147 34 Probate
457 496 113 44 Judge
583 496 35 35 in
632 497 68 34 this
714 507 80 24 case
807 508 69 23 was
890 497 60 35 the
963 497 71 35 sole
1047 497 194 35 factfinder.
1256 497 75 35 The

117 546 181 43 quotation
315 546 252 35 demonstrates
584 547 76 34 that
677 547 44 34 he
737 558 70 23 was
824 547 188 44 impressed
1029 547 83 35 with
1129 547 59 35 the
1204 547 125 44 impor-

117 601 103 29 tance
245 595 39 35 of
306 596 58 34 the
388 596 163 41 decision,
578 596 68 34 and
671 597 77 34 that
773 597 43 34 he
840 597 113 34 would
979 602 60 30 not
1063 597 185 35 terminate
1272 597 59 35 the

118 646 158 43 parental
300 646 107 43 rights
431 646 106 43 solely
560 657 43 23 on
628 657 20 23 a
672 646 65 35 few
761 646 144 35 isolated
929 647 172 34 instances
1124 647 40 34 of
1183 647 147 35 unusual

118 695 151 34 conduct
284 706 37 23 or
337 695 243 44 idiosyncratic
595 696 174 34 behavior.
787 697 55 34 He
857 696 210 35 understood
1082 697 60 34 the
1156 696 125 44 degree
1295 697 39 34 of

118 745 201 34 confidence
330 756 61 23 our
403 746 129 43 society
543 746 116 34 thinks
671 746 44 34 he
726 746 122 35 should
860 746 87 35 have
957 746 35 35 in
1004 747 59 34 the
1074 752 210 29 correctness
1295 746 40 35 of

119 795 132 34 factual
267 795 214 34 conclusions
497 795 53 35 for
565 796 68 34 this
648 801 81 38 type
743 795 39 35 of
793 807 89 24 case.
898 796 75 35 The
987 807 123 33 proper
1125 796 156 35 function
1296 796 39 35 of

118 845 60 34 the
201 845 166 34 standard
390 845 39 34 of
449 845 103 44 proof
571 856 70 24 was
665 845 87 44 fully
775 846 256 44 implemented.
1055 846 75 35 The
1152 851 129 30 statute
1304 847 27 34 is

119 895 296 43 constitutionally
433 895 93 34 valid
546 906 38 23 as
605 895 138 44 applied
763 896 35 34 in
818 896 67 34 this
906 907 89 24 case.

305 976 114 34 While
440 987 51 23 we
513 976 113 34 affirm
648 976 68 34 this
738 987 89 30 case,
850 988 51 23 we
923 988 59 23 are
1003 977 192 34 concerned
1217 982 36 29 at
1273 977 60 35 the

119 1025 120 43 length
248 1025 39 34 of
293 1025 84 35 time
385 1025 59 35 the
452 1026 150 34 Probate
611 1026 113 43 Judge
732 1026 81 35 took
821 1031 36 30 to
865 1026 122 35 decide
995 1027 68 34 this
1072 1037 90 24 case.
1171 1027 75 35 The
1254 1038 79 24 case

119 1086 70 23 was
204 1075 108 34 heard
326 1086 44 23 on
384 1075 152 35 October
552 1077 31 39 3,
602 1077 100 40 1983,
717 1076 62 35 but
793 1087 20 24 a
827 1076 131 44 finding
972 1088 70 24 was
1056 1081 60 30 not
1130 1076 102 36 made
1245 1077 87 35 until

121 1125 177 43 February
309 1126 147 40 4,1985,
469 1136 20 24 a
502 1125 119 44 period
632 1125 40 35 of
680 1126 131 34 sixteen
823 1126 148 35 months.
984 1126 75 35 The
1070 1127 130 34 sixteen
1212 1127 121 34 month

119 1174 103 44 delay
241 1175 149 34 violated
410 1175 85 34 Ark.
517 1175 89 35 Stat.
628 1177 92 33 Ann.
744 1176 17 43 §
785 1176 184 43 56-127(c)
994 1176 124 44 (Supp.
1143 1176 116 43 1985).

211 1255 181 35 Affirmed.

212 1337 159 40 Purtle,
392 1337 42 41 J.,
456 1342 60 29 not
535 1337 257 45 participating.

263 1523 63 34 Joe
346 1523 116 34 Willie
481 1523 235 35 STEWART
736 1534 28 24 v.
786 1523 152 35 STATE
957 1524 40 34 of
1013 1524 179 35 Arkansas

1060 1598 68 35 702
1149 1597 142 36 S.W.2d
1312 1599 21 34 2

449 1670 171 45 Supreme
641 1671 110 35 Court
771 1671 39 35 of
826 1672 179 35 Arkansas

373 1721 151 43 Opinion
545 1721 173 35 delivered
738 1722 154 44 January
913 1723 55 40 27,
994 1723 87 34 1986

213 2205 95 34 John
326 2207 160 33 Norman
510 2206 182 40 Warnock,
713 2206 54 34 for
787 2207 193 42 petitioner.

212 2286 105 34 Steve
333 2285 119 42 Clark,
467 2286 100 44 Att’y
581 2286 101 41 Gen.,
697 2286 55 44 by:
772 2286 180 35 Theodore
965 2286 148 42 Holder,
1128 2287 94 34 Asst.
1236 2286 100 45 Att’y

121 2336 102 41 Gen.,
245 2335 53 36 for
318 2336 217 44 respondent.

213 2418 75 34 Per
299 2418 163 35 Curiam.

473 2418 198 41 Petitioner,
682 2419 63 34 Joe
754 2418 116 35 Willie
879 2418 160 42 Stewart,
1050 2419 45 44 by
1104 2418 52 35 his
1166 2423 169 40 attorney,
