1632 2696
120 417 153 44 Spencer
284 417 133 35 Bovard
427 417 90 34 after
527 417 59 34 the
594 417 106 35 death
710 417 39 35 of
755 417 89 34 John
855 418 138 33 Hoover
1002 417 112 34 which
1124 416 112 35 raised
1246 417 89 34 their

120 467 190 44 suspicions
325 473 34 28 to
373 467 58 34 the
444 467 95 43 point
553 467 81 43 they
648 467 144 34 became
804 467 151 34 terrified
969 466 40 35 of
1018 467 84 41 him,
1117 466 68 35 and
1198 466 136 35 wanted

120 528 44 23 no
185 517 135 34 further
340 522 138 29 contact
497 517 83 34 with
601 517 83 34 him.

1314 277 17 32 m

546 604 142 35 Bovard
710 607 200 41 Testimony

213 685 152 43 Spencer
384 684 134 35 Bovard
537 684 149 35 testified
704 685 77 34 that
799 685 148 34 because
965 684 39 35 of
1020 685 166 34 Hoover’s
1204 684 132 43 mining

122 734 202 44 experience
337 735 42 34 he
391 734 71 35 told
477 735 138 34 Hoover
628 735 107 34 about
747 735 59 34 the
817 735 264 34 Northwestern
1094 739 161 39 property
1267 734 68 35 and

122 784 43 35 its
185 784 177 44 potential.
383 784 134 35 Bovard
537 784 74 35 said
631 785 76 34 that
727 785 53 41 he,
799 785 90 34 John
909 786 138 34 Hoover
1066 784 69 35 and
1154 785 182 43 Margaret

122 835 101 43 Piper
241 834 144 35 decided
404 840 35 29 to
457 845 43 33 go
520 834 72 35 into
611 835 155 34 business
785 835 157 43 together
961 846 37 23 as
1017 840 168 39 partners,
1204 835 132 43 though

123 885 88 33 Mrs.
222 885 100 43 Piper
331 895 69 24 was
409 890 35 29 to
453 884 87 35 have
549 895 44 24 no
602 885 112 34 active
722 885 254 44 participation.
988 885 135 34 Bovard
1132 885 74 34 said
1216 885 43 35 he
1267 896 70 23 was

122 940 36 28 to
169 945 99 23 come
279 940 36 28 to
325 935 178 34 Arkansas
515 940 35 29 to
562 945 108 33 pump
681 940 60 29 out
752 934 58 35 the
821 934 56 35 old
889 935 264 34 Northwestern
1165 935 92 34 mine
1268 935 68 34 and

122 989 36 29 to
178 990 157 38 promote
354 985 75 33 coal
450 985 108 34 leases
579 989 35 29 to
634 984 43 34 be
697 989 75 30 sent
792 984 89 35 back
900 984 54 35 for
975 985 167 34 Hoover’s
1162 985 173 44 approval.

214 1064 197 43 According
435 1069 35 29 to
494 1064 153 43 Spencer
672 1063 145 42 Bovard,
842 1064 81 43 Guy
947 1064 116 34 Green
1087 1064 168 44 prepared
1279 1064 59 34 the

124 1113 135 34 Bovard
276 1118 89 29 trust
381 1113 67 34 and
466 1114 90 34 John
573 1115 139 33 Hoover
728 1113 119 44 signed
864 1114 26 34 it
907 1114 34 34 in
958 1114 52 34 his
1027 1124 164 34 presence
1206 1114 34 34 in
1257 1114 81 43 Guy

123 1163 146 34 Green’s
278 1163 108 34 office.
397 1163 135 35 Bovard
541 1163 75 35 said
626 1163 44 35 he
678 1164 87 34 later
774 1174 85 32 gave
867 1164 60 34 the
935 1164 146 43 original
1090 1163 40 35 of
1135 1164 60 34 the
1204 1163 134 35 Bovard

123 1218 89 29 trust
226 1218 36 29 to
276 1213 115 34 Green
405 1213 68 34 and
488 1213 117 34 Green
619 1213 66 34 lost
699 1213 36 34 it.
751 1214 56 33 He
820 1213 74 35 said
908 1213 60 35 the
982 1213 81 34 land
1077 1224 70 24 was
1162 1218 61 39 put
1237 1213 34 34 in
1285 1213 52 35 his

123 1262 108 34 wife’s
253 1273 103 23 name
375 1263 148 34 because
543 1263 61 34 she
624 1268 62 38 put
706 1274 47 32 up
773 1268 77 38 part
870 1263 39 34 of
926 1263 60 34 the
1006 1263 170 44 purchase
1195 1263 119 44 price.1

556 1350 142 34 Bovard
717 1361 27 23 v.
766 1350 141 34 Bovard

214 1429 156 43 Turning
385 1434 36 29 to
435 1429 60 34 the
509 1429 103 44 proof
624 1429 77 34 that
716 1429 179 35 convinces
910 1440 41 24 us
966 1430 60 34 the
1041 1429 135 35 Bovard
1191 1429 104 35 claim
1311 1429 27 35 is

123 1478 146 34 without
282 1479 112 40 merit,
409 1479 147 43 perhaps
569 1479 60 34 the
642 1484 90 29 most
744 1479 172 34 dramatic
929 1484 157 38 segment
1098 1479 40 34 of
1147 1479 59 34 the
1218 1479 120 35 record

123 1528 150 34 involves
293 1539 20 23 a
332 1528 79 35 trial
430 1528 155 35 between
604 1528 153 45 Spencer
777 1528 134 35 Bovard
931 1528 69 35 and
1019 1529 52 35 his
1090 1529 111 41 uncle,
1221 1530 117 34 James

124 1578 147 40 Bovard,
283 1578 144 34 decided
438 1578 45 44 by
493 1578 60 35 the
563 1579 171 44 Supreme
744 1579 110 35 Court
864 1579 40 35 of
912 1579 167 35 Missouri
1090 1579 34 34 in
1139 1579 116 35 1944.2
1265 1579 74 35 The

124 1628 90 34 facts
229 1628 39 34 of
279 1628 77 35 that
370 1639 79 24 case
463 1628 140 44 provide
618 1640 20 23 a
653 1629 172 43 revealing
840 1629 121 44 profile
975 1629 39 35 of
1025 1629 152 44 Spencer
1193 1629 145 42 Bovard,

123 1678 113 34 which
249 1678 166 44 seriously
426 1678 222 35 undermines
661 1679 52 35 his
725 1679 194 44 credibility
932 1679 69 35 and
1013 1679 140 35 renders
1165 1679 52 35 his
1230 1680 109 34 entire

123 1728 106 35 claim
241 1734 147 38 suspect.
403 1729 103 34 From
518 1729 77 34 that
607 1729 121 35 record
741 1729 26 35 it
779 1729 28 35 is
819 1730 118 34 shown
950 1730 77 34 that
1039 1730 152 44 Spencer
1204 1729 134 35 Bovard

123 1783 52 29 set
185 1783 61 29 out
256 1789 45 23 on
312 1789 20 23 a
343 1778 168 44 carefully
521 1779 184 34 conceived
716 1780 92 42 plan,
820 1779 150 43 pursued
981 1790 80 24 over
1071 1791 20 22 a
1102 1779 237 35 considerable

123 1827 119 43 period
254 1827 40 34 of
303 1827 94 41 time,
410 1832 36 29 to
457 1827 149 35 defraud
618 1839 45 23 an
676 1828 115 34 infirm
802 1828 69 34 and
883 1829 120 43 nearly
1014 1828 165 35 destitute
1190 1829 101 34 uncle
1302 1829 39 34 of

123 1876 52 34 his
200 1876 102 35 share
325 1876 39 35 of
384 1877 59 34 the
466 1877 91 34 John
582 1878 45 33 H.
653 1877 135 35 Bovard
812 1883 120 36 estate,
955 1878 126 34 valued
1105 1878 34 34 in
1163 1889 116 23 excess
1302 1878 40 35 of

124 1927 163 40 $10,000.

215 2006 117 34 James
348 2006 145 41 Bovard,
507 2007 78 34 who
598 2018 71 23 was
683 2007 140 44 elderly,
836 2007 163 44 virtually
1012 2007 85 35 deaf
1108 2007 68 35 and
1191 2008 147 43 trusting

123 2055 40 34 of
185 2055 153 44 Spencer
365 2056 145 41 Bovard,
537 2056 120 43 signed
683 2057 130 34 several
839 2057 113 35 sheets
978 2057 40 35 of
1040 2058 107 34 blank
1171 2068 106 34 paper
1303 2063 36 29 at

123 2105 154 44 Spencer
293 2106 163 34 Bovard’s
472 2111 149 39 request,
637 2117 44 23 on
696 2107 60 34 the
771 2107 130 34 latter’s
917 2107 273 44 representation
1205 2107 76 35 that
1296 2107 44 35 he

192 2261 8 14 1
238 2261 27 25 In
277 2262 62 24 1975
347 2261 110 32 Spencer
465 2261 98 26 Bovard
570 2261 119 26 obtained
697 2270 14 17 a
719 2262 54 32 quit
780 2262 75 25 claim
862 2262 63 25 deed
933 2262 66 25 from
1006 2262 38 26 his
1051 2270 53 22 son,
1112 2262 113 26 Michael
1233 2262 106 30 Bovard,

124 2302 50 26 and
188 2302 38 26 his
240 2302 59 26 wife
312 2303 49 25 and
375 2310 50 18 was
438 2303 136 32 appointed
588 2303 190 26 administrator
792 2303 38 26 for
844 2304 43 25 the
900 2307 80 22 estate
993 2304 29 25 of
1033 2304 38 25 his
1084 2304 133 32 daughter,
1231 2304 109 26 Patricia

125 2344 106 29 Bovard,
247 2344 56 25 who
317 2344 165 32 disappeared
497 2344 25 26 in
541 2345 63 25 1969
620 2345 50 25 and
685 2353 51 17 was
750 2345 117 26 declared
882 2345 92 32 legally
988 2345 73 26 dead.

191 2386 10 13 2
235 2386 55 25 The
306 2386 79 25 entire
401 2386 100 32 opinion
519 2386 114 32 (Bovard
648 2394 20 18 v.
686 2386 108 31 Bovard,
814 2387 47 25 180
877 2387 104 25 S.W.2d
998 2388 58 29 592,
1073 2388 49 24 352
1140 2387 53 26 Mo.
1211 2386 61 32 961)
1289 2395 51 18 was

124 2427 149 25 introduced
288 2427 105 26 without
408 2428 132 31 objection.
