1656 2693
124 397 168 35 consider:
320 397 52 43 (a)
397 398 59 34 the
479 397 209 35 seriousness
712 398 39 35 of
771 398 59 35 the
852 398 142 41 offense,
1020 398 55 43 (b)
1100 398 153 35 whether
1276 398 59 35 the

120 447 154 44 juvenile
285 446 28 35 is
325 447 134 44 beyond
472 447 269 42 rehabilitation,
754 447 68 36 and
836 447 50 43 (c)
901 448 59 34 the
968 448 180 43 juvenile’s
1160 453 174 39 prospects

126 496 54 36 for
200 497 267 35 rehabilitation.

1265 258 67 34 453

310 579 75 35 The
395 578 176 45 appellant
581 579 166 35 contends
758 579 76 35 that
844 579 59 34 the
913 579 80 35 trial
1004 585 98 29 court
1113 579 98 35 erred
1222 579 44 44 by
1277 585 59 29 not

126 626 218 46 considering
355 629 45 35 all
412 629 97 35 three
519 629 167 35 elements
697 629 39 35 of
744 629 59 35 the
813 633 129 31 statute
953 630 35 34 in
999 629 59 35 the
1069 629 151 35 decision
1230 634 60 30 not
1300 635 36 29 to

126 678 161 35 transfer.
299 678 159 36 Wehave
467 679 193 44 previously
669 679 150 44 rejected
828 679 59 34 the
894 680 210 34 contention.
1115 680 39 34 In
1162 679 172 44 Ashing v.

125 729 115 41 State,
255 729 66 34 288
336 729 84 35 Ark.
435 730 139 40 75, 702
588 729 143 35 S.W.2d
745 728 44 36 20
804 729 138 44 (1986),
955 741 52 23 we
1019 729 86 36 said:
1120 727 119 38 “there
1251 730 27 34 is
1292 741 44 24 no

127 778 233 45 requirement
379 779 34 35 in
432 779 59 35 the
509 784 131 30 statute
658 780 76 34 that
753 779 101 45 equal
872 780 127 43 weight
1018 780 43 35 be
1079 780 99 44 given
1197 785 35 29 to
1251 780 85 35 each

128 827 123 42 factor,
268 839 38 24 or
321 829 76 35 that
412 828 102 45 proof
526 839 44 24 on
586 829 46 35 all
648 829 129 35 factors
792 835 92 30 must
899 830 44 34 be
958 830 136 43 against
1109 830 59 35 the
1187 829 150 45 [moving

127 878 205 43 defendant]
356 879 34 34 in
410 879 100 35 order
531 878 53 35 for
604 879 60 35 the
683 884 98 30 court
801 885 35 30 to
856 880 110 34 retain
983 880 252 43 jurisdiction.”

359 960 217 44 Appellant’s
596 965 81 30 next
697 961 212 43 assignment
927 960 40 35 of
984 971 94 24 error
1097 971 163 25 concerns
1280 961 59 34 the

128 1008 189 36 admission
332 1009 39 35 of
383 1010 233 43 photographs
631 1009 40 35 of
682 1010 60 35 the
756 1010 90 43 body
860 1010 40 34 of
911 1011 59 34 the
983 1010 129 35 victim.
1130 1011 65 34 We
1209 1010 70 35 find
1294 1021 44 24 no

128 1068 105 25 error.
245 1059 39 34 In
294 1060 170 43 Prunty v.
474 1059 114 41 State,
599 1059 64 35 271
678 1060 84 34 Ark.
774 1060 133 41 77, 607
918 1060 144 34 S.W.2d
1074 1061 67 34 374
1152 1060 124 43 (1980)
1287 1071 52 24 we

128 1108 125 35 stated:

258 1189 125 44 [E]ven
403 1189 258 45 inflammatory
680 1191 233 44 photographs
931 1202 61 24 are
1010 1191 199 35 admissible
1228 1190 34 35 in
1281 1191 59 35 the

254 1240 109 34 sound
372 1239 184 36 discretion
565 1240 40 34 of
610 1240 59 35 the
677 1240 79 35 trial
761 1241 108 43 judge
878 1240 53 35 “if
936 1241 82 44 they
1026 1241 82 35 tend
1117 1246 36 30 to
1161 1241 83 35 shed
1253 1241 87 43 light

253 1299 45 25 on
318 1300 67 34 any
403 1290 91 35 issue
513 1299 39 25 or
571 1301 59 23 are
649 1290 113 35 useful
781 1296 36 30 to
836 1291 123 34 enable
978 1302 20 23 a
1018 1291 137 35 witness
1174 1295 36 30 to
1228 1291 111 35 better

254 1339 155 36 describe
421 1340 59 35 the
492 1339 132 44 objects
637 1341 183 44 portrayed
832 1351 39 24 or
883 1341 59 34 the
950 1341 82 44 jury
1044 1346 36 30 to
1092 1341 112 35 better
1216 1341 122 35 under­

254 1389 101 35 stand
368 1390 59 35 the
438 1389 186 45 testimony
636 1401 39 24 or
687 1395 36 30 to
735 1390 220 36 corroborate
967 1390 219 45 testimony.”
1198 1391 142 35 Sumlin

253 1450 31 24 v.
296 1440 112 41 State,
422 1440 67 35 266
501 1440 86 34 Ark.
601 1441 84 40 709,
695 1441 66 34 587
774 1440 142 35 S.W.2d
930 1442 63 33 571
1012 1440 138 44 (1979);
1167 1440 172 44 [citations

254 1489 171 44 omitted.]
442 1489 168 36 Whether
622 1501 39 24 or
673 1496 61 29 not
745 1490 60 35 the
817 1496 99 30 court
927 1490 124 35 should
1064 1491 111 35 admit
1187 1501 20 24 a
1220 1490 119 45 photo­

255 1540 109 44 graph
383 1539 151 46 depends
553 1550 93 34 upon
664 1540 153 36 whether
835 1540 59 35 the
912 1541 154 35 asserted
1085 1540 256 45 inflammatory

255 1595 123 30 nature
389 1590 28 35 is
429 1590 219 44 outweighed
660 1591 45 44 by
718 1591 43 35 its
774 1590 177 45 probative
962 1591 112 42 value;
1087 1591 68 35 and
1168 1591 132 35 neither
1313 1591 27 35 is

255 1640 26 35 it
291 1640 166 35 rendered
467 1640 238 35 inadmissible
714 1641 129 44 merely
853 1640 149 36 because
1011 1641 27 35 it
1047 1642 28 34 is
1085 1640 209 36 cumulative
1303 1652 38 24 or

254 1700 230 34 unnecessary
503 1689 69 35 due
591 1695 36 30 to
647 1690 170 35 admitted
837 1700 38 24 or
894 1691 99 34 other
1013 1690 89 36 facts
1123 1691 135 44 proved.

131 1770 105 41 Here,
246 1770 59 35 the
314 1770 234 44 photographs
557 1771 221 35 corroborate
787 1770 69 36 and
865 1770 170 36 illustrate
1044 1772 59 34 the
1112 1771 184 44 testimony
1305 1768 40 38 of

129 1819 60 36 the
206 1819 65 35 law
287 1820 236 35 enforcement
539 1820 117 35 officer
671 1820 77 35 who
764 1821 227 43 investigated
1007 1821 59 35 the
1082 1832 101 24 scene
1198 1821 69 34 and
1283 1821 59 35 the

131 1868 187 45 testimony
333 1869 40 35 of
385 1870 59 35 the
459 1869 149 36 medical
624 1871 186 34 examiner.
827 1870 104 35 Their
947 1871 258 43 inflammatory
1220 1876 123 30 nature

131 1918 59 36 did
209 1924 61 29 not
287 1920 172 43 outweigh
477 1919 59 36 the
554 1920 179 44 probative
749 1921 127 34 values.
895 1921 75 34 The
987 1921 79 34 trial
1081 1921 108 43 judge
1206 1920 59 35 did
1283 1926 60 29 not

131 1968 109 35 abuse
268 1969 52 34 his
347 1969 237 35 considerable
611 1968 185 36 discretion
824 1970 34 34 in
885 1970 231 43 determining
1143 1971 77 34 that
1246 1970 97 35 these

131 2018 235 44 photographs
386 2030 89 24 were
494 2018 211 36 admissible.

222 2099 76 35 The
321 2100 176 44 appellant
521 2105 81 30 next
627 2110 124 34 argues
776 2101 76 35 that
875 2100 60 35 the
959 2101 79 34 trial
1063 2106 98 30 court
1185 2100 98 35 erred
1308 2101 34 34 in

131 2149 187 44 admitting
341 2150 52 34 his
416 2149 258 45 incriminating
696 2155 204 30 statements
922 2150 150 35 because
1094 2151 44 35 he
1160 2150 102 35 made
1284 2150 59 35 the

132 2204 205 30 statements
353 2200 34 35 in
403 2200 149 35 reliance
566 2211 93 33 upon
674 2210 20 25 a
710 2200 149 45 promise
873 2198 39 37 of
920 2200 153 44 juvenile
1088 2206 196 36 treatment,
1300 2200 44 35 he

132 2258 103 27 never
249 2250 129 44 validly
392 2249 130 36 waived
538 2250 52 35 his
605 2250 93 44 right
713 2256 36 29 to
764 2250 132 36 remain
911 2250 112 42 silent,
1039 2251 69 35 and
1124 2251 52 35 his
1191 2251 68 34 will
1274 2262 69 23 was

132 2300 190 35 overborne
344 2300 45 45 by
410 2301 60 35 the
491 2300 143 35 officers.
658 2301 75 35 The
756 2300 222 44 Prosecuting
1001 2302 171 43 Attorney
1194 2300 69 35 and
1285 2301 59 35 the

133 2350 111 45 police
266 2350 134 36 officers
424 2350 148 36 testified
596 2351 77 35 that
696 2362 45 24 no
765 2351 149 45 promise
936 2362 70 24 was
1030 2351 113 42 made,
1168 2351 175 44 appellant

132 2400 132 35 waived
278 2401 52 34 his
344 2401 91 43 right
448 2406 36 30 to
497 2401 133 34 remain
643 2401 112 41 silent,
770 2400 68 36 and
851 2401 59 34 the
923 2406 204 30 statements
1140 2411 89 25 were
1242 2400 102 36 made
