1658 2694
1265 276 67 34 445

213 419 82 33 Law
308 418 107 43 Office
427 417 46 44 of
477 419 73 33 Jim
563 419 126 42 Lyons,
703 417 55 43 by:
771 418 102 34 Scott
885 419 182 39 Emerson,
1081 417 54 35 for
1147 417 186 45 appellant.

211 497 105 34 Steve
330 496 120 41 Clark,
463 497 100 43 Att’y
575 497 101 41 Gen.,
689 496 56 44 by:
761 496 94 35 Clint
867 497 135 41 Miller,
1015 498 94 33 Asst.
1122 498 100 43 Att’y
1234 497 100 41 Gen.,

121 547 53 35 for
195 547 165 43 appellee.

213 627 180 34 Darrell
410 627 198 41 Hickman,
626 626 142 36 Justice.

786 627 117 35 James
921 629 45 33 H.
986 627 184 41 Williams,
1188 628 60 40 Jr.,
1265 638 70 24 was

121 676 180 35 convicted
329 677 38 34 of
392 677 59 35 the
478 677 129 44 capital
635 677 116 43 felony
779 677 140 35 murder
946 676 40 36 of
1010 677 82 35 Earl
1120 678 153 34 Johnson
1300 677 39 35 of

121 726 202 41 Jonesboro,
333 728 188 40 Arkansas,
532 727 69 34 and
611 727 185 35 sentenced
805 732 36 30 to
850 727 61 35 life
919 727 264 44 imprisonment
1191 727 145 36 without

121 776 129 45 parole.
262 777 57 34 On
330 776 123 45 appeal
464 777 44 34 he
518 777 120 35 makes
649 777 78 35 four
738 777 203 44 procedural
952 783 201 38 arguments
1163 777 112 36 which
1285 788 52 25 we

121 826 72 36 find
214 827 179 35 meritless.

214 907 172 35 Williams
397 908 74 34 first
482 918 124 33 argues
618 908 77 35 that
707 907 59 35 the
777 913 187 30 statement
975 908 104 35 made
1090 909 45 44 by
1146 909 73 34 him
1230 913 36 30 at
1278 909 59 34 the

122 957 112 44 police
243 958 128 34 station
381 968 70 24 was
461 956 238 37 inadmissible
709 963 37 29 at
756 958 78 34 trial
845 958 149 35 because
1004 958 27 34 it
1040 969 70 24 was
1121 959 103 34 made
1233 958 35 35 in
1278 958 59 35 the

122 1007 150 35 absence
288 1007 39 34 of
341 1007 150 41 counsel,
509 1018 20 23 a
545 1007 165 35 violation
727 1007 40 35 of
780 1008 59 34 the
855 1008 101 35 Sixth
973 1008 237 35 Amendment
1226 1013 36 29 to
1278 1008 60 34 the

122 1056 133 35 United
268 1056 116 35 States
399 1057 247 34 Constitution.
660 1058 34 34 A
708 1057 141 43 pretrial
862 1058 144 42 hearing
1019 1068 70 24 was
1104 1057 79 35 held
1197 1057 68 35 and
1279 1058 59 34 the

122 1105 80 35 trial
221 1111 99 29 court
339 1105 96 36 ruled
454 1106 77 34 that
550 1107 59 34 the
627 1112 188 30 statement
833 1118 70 23 was
920 1107 209 44 voluntarily
1148 1107 102 35 made
1269 1107 68 35 and

122 1154 212 42 admissible;
351 1156 166 41 however,
535 1156 59 35 the
610 1162 91 29 state
716 1155 59 35 did
792 1162 59 29 not
867 1156 181 35 introduce
1064 1157 60 34 the
1139 1162 197 36 statement;

123 1206 60 34 the
202 1204 143 36 defense
364 1205 69 35 did.
453 1205 76 35 The
548 1206 121 34 record
690 1206 134 35 reflects
844 1207 76 34 how
940 1206 69 35 this
1029 1207 176 35 occurred:

123 1283 154 36 Defense
297 1284 161 36 Counsel:
507 1285 55 34 Do
574 1296 67 33 you
652 1290 93 31 want
757 1296 56 24 me
823 1291 36 29 to
869 1297 44 32 go
925 1286 134 35 ahead?
1073 1286 74 35 The
1158 1287 141 34 defense
1310 1286 27 35 is

506 1335 148 44 offering
676 1346 39 24 or
737 1335 135 35 intends
895 1341 36 29 to
953 1336 88 35 offer
1063 1336 60 35 the
1144 1336 193 35 confession

506 1385 105 34 taken
642 1385 91 35 from
764 1385 59 35 the
852 1385 201 42 defendant,
1085 1386 149 44 through
1266 1386 70 35 Mr.

507 1435 123 35 Dickie
659 1435 134 35 Howell
820 1441 37 29 at
884 1436 59 34 the
971 1435 199 44 Craighead
1199 1436 139 44 County

507 1484 159 36 Sheriff’s
686 1485 109 35 office.

122 1563 76 34 The
218 1563 121 35 Court:
506 1564 76 35 The
594 1564 111 41 State,
719 1564 125 44 having
857 1565 159 43 objected
1029 1570 36 29 to
1078 1566 60 34 the
1149 1565 190 45 procedure

506 1614 155 35 outlined
689 1615 45 43 by
761 1614 59 35 the
847 1614 152 42 defense,
1027 1615 60 35 the
1114 1621 127 30 matter
1267 1626 70 24 was

506 1664 151 43 brought
672 1670 36 29 to
723 1664 59 35 the
797 1665 139 34 Court’s
952 1665 171 35 attention
1139 1671 36 29 at
1190 1677 20 25 a
1226 1665 111 35 bench

505 1713 216 35 conference.
757 1714 74 34 The
866 1715 111 34 Court
1012 1714 127 35 admits
1174 1715 28 35 it
1235 1715 103 43 being

506 1763 191 35 somewhat
711 1763 184 43 perplexed
908 1764 46 43 by
967 1764 60 33 the
1040 1764 87 34 offer
1141 1764 39 34 of
1191 1764 102 44 proof
1303 1764 34 34 in

506 1812 68 34 this
584 1812 149 40 fashion,
744 1812 69 34 and
823 1812 84 35 feels
917 1813 77 34 that
1003 1813 148 44 perhaps
1161 1824 21 23 a
1192 1814 146 43 hearsay

506 1861 174 43 objection
694 1861 113 35 would
822 1862 43 34 be
879 1872 135 34 proper,
1029 1862 182 35 inasmuch
1226 1873 38 25 as
1279 1862 59 35 the

506 1910 101 36 State
625 1911 102 36 could
746 1911 215 46 foreseeably
980 1912 43 35 be
1041 1913 187 44 precluded
1247 1912 90 36 from

505 1961 310 44 cross-examining
835 1962 59 35 the
913 1962 191 36 defendant
1125 1963 182 35 Williams.

507 2042 180 41 However,
721 2042 15 34 I
768 2053 66 24 can
865 2053 58 25 see
954 2053 45 24 no
1030 2043 99 34 other
1161 2041 91 37 basis
1285 2042 53 36 for

506 2092 184 43 excluding
708 2092 181 35 otherwise
906 2093 154 34 relevant
1078 2093 172 40 evidence,
1269 2093 69 34 and

506 2141 174 35 therefore
689 2141 69 35 will
768 2142 99 34 allow
876 2143 60 34 the
945 2142 191 35 defendant
1145 2148 36 29 to
1190 2143 80 44 play
1279 2143 60 34 the

506 2196 82 38 tape
596 2191 152 43 through
758 2191 59 35 the
825 2192 117 34 officer
952 2191 121 44 taking
1083 2192 59 34 the
1151 2197 187 30 statement

505 2251 39 24 or
563 2241 100 34 other
682 2240 134 36 officers
836 2240 156 36 involved
1019 2269 6 7 .
1054 2269 6 7 .
1088 2269 7 7 .

123 2318 153 36 Defense
296 2319 162 36 Counsel:
506 2320 59 35 All
580 2320 103 44 right.
700 2320 129 35 Officer
844 2321 146 41 Howell,
1005 2332 45 24 on
1066 2322 88 43 May
1168 2322 60 35 the
1243 2321 95 42 30th,

511 2371 99 40 1983,
632 2371 60 34 did
714 2381 67 33 you
802 2371 81 35 take
903 2382 21 24 a
945 2376 188 30 statement
1154 2371 91 36 from
1267 2372 70 34 Mr.

506 2420 118 35 James
646 2420 194 35 Williams?
