1632 2696
112 418 102 44 proof
222 429 69 23 was
303 424 59 28 not
372 418 233 43 disregarded,
616 418 132 42 though
759 428 62 23 our
831 417 140 43 opinion
981 416 79 35 fails
1071 422 35 29 to
1116 416 131 34 discuss
1258 416 67 34 this

112 468 107 43 point.
231 469 50 33 As
293 468 26 34 it
330 467 122 35 should
463 468 87 34 have
561 467 86 34 been
659 466 196 41 addressed,
867 478 51 23 we
929 466 91 35 issue
1030 466 68 35 this
1110 466 215 44 supplemen-

112 518 48 34 tal
181 518 151 43 opinion.

1215 275 109 34 185-B

298 595 84 34 Ark.
399 594 88 34 Stat.
504 595 92 33 Ann.
615 594 17 42 §
650 594 154 34 75-1250
821 593 116 44 (Repl.
958 592 104 43 1979)
1080 592 156 45 provides
1251 593 77 34 that

113 655 68 32 any
191 644 162 44 supplier,
364 644 115 34 dealer
489 654 38 24 or
536 655 79 23 user
625 644 76 34 who
712 643 78 34 fails
800 648 35 29 to
845 644 86 43 keep
941 642 138 35 records
1089 642 39 35 of
1135 648 111 29 motor
1257 642 70 35 fuel

113 694 89 34 sales
221 694 88 34 shall
328 694 43 34 be
389 694 110 44 prima
519 693 91 35 facie
628 693 183 44 presumed
829 699 36 28 to
883 693 87 34 have
988 693 74 37 sold
1081 693 85 34 such
1185 692 70 35 fuel
1275 693 53 34 for

113 744 141 35 taxable
274 755 71 30 use,
367 744 173 44 provided,
561 744 83 34 “the
664 743 235 44 presumption
920 754 81 33 may
1022 743 43 34 be
1084 754 179 23 overcome
1283 743 44 43 by

114 794 163 35 evidence
297 794 157 34 adduced
475 794 45 44 by
540 794 59 34 the
619 794 162 44 supplier,
802 793 116 35 dealer
938 804 38 23 or
996 793 113 34 user.”

299 872 74 34 The
387 871 185 35 substance
586 871 39 35 of
636 871 183 44 appellees’
835 870 109 45 proof,
959 870 132 35 offered
1106 875 36 30 to
1156 870 100 35 rebut
1270 870 59 35 the

114 921 210 44 undisputed
347 921 71 35 fact
440 921 76 35 that
538 921 46 35 all
606 921 137 35 records
765 921 39 35 of
822 921 88 35 sales
932 920 156 36 invoiced
1110 925 35 30 to
1167 920 161 35 Coonrod

115 971 247 35 Construction
379 971 193 44 Company,
590 972 70 34 Inc.
677 982 90 24 were
782 971 192 44 destroyed,
991 970 172 35 consisted
1179 970 38 35 of
1230 981 98 34 ques­

115 1022 90 34 tions
228 1027 35 29 to
287 1022 100 42 Doug
411 1022 124 40 Reece,
559 1021 138 35 auditor
720 1021 53 34 for
795 1021 59 34 the
876 1026 100 35 state,
1000 1021 68 34 and
1091 1026 36 30 to
1150 1022 69 33 Mr.
1243 1021 85 34 Paul

115 1072 151 34 Collum.
283 1072 113 33 Reece
408 1082 70 23 was
492 1071 106 35 asked
612 1071 153 34 whether
779 1071 34 34 in
826 1071 59 34 the
897 1082 122 23 course
1032 1071 39 34 of
1081 1071 52 34 his
1147 1071 181 43 investiga­

115 1121 72 35 tion
200 1121 43 34 he
254 1121 192 44 attempted
458 1126 35 29 to
504 1121 96 35 learn
612 1121 154 34 whether
777 1121 140 34 Collum
928 1120 70 35 had
1009 1121 153 43 actually
1173 1120 73 35 sold
1258 1120 71 35 fuel

115 1171 54 35 for
184 1172 160 43 highway
359 1182 69 24 use.
445 1172 115 34 Reece
574 1171 74 35 said
663 1171 77 35 that
754 1171 43 34 he
811 1171 69 34 had
894 1176 60 29 not
968 1171 89 34 tried
1071 1176 36 29 to
1120 1171 118 35 obtain
1253 1171 76 34 that

115 1221 236 34 information.
361 1221 74 34 The
444 1221 142 34 obvious
596 1232 132 23 answer
738 1226 35 29 to
782 1221 68 34 this
860 1221 102 43 proof
968 1221 28 34 is
1006 1221 77 34 that
1092 1221 59 34 the
1160 1220 132 35 burden
1301 1221 28 34 is

115 1276 60 29 not
189 1281 44 24 on
247 1271 59 33 the
319 1276 90 29 state
422 1276 35 29 to
471 1271 94 34 show
578 1271 94 34 what
685 1281 62 24 use
759 1281 70 24 was
842 1270 104 34 made
959 1270 39 34 of
1008 1270 60 34 the
1081 1270 74 41 fuel
1155 1270 43 41 —
1198 1270 130 41 rather,

115 1320 100 34 when
228 1320 59 34 the
300 1320 115 34 dealer
428 1320 78 34 fails
520 1325 35 29 to
568 1321 87 42 keep
667 1320 60 34 the
739 1320 136 34 records
888 1319 160 44 required
1060 1319 110 35 under
1182 1320 59 34 the
1253 1320 76 40 law,

116 1370 59 34 the
195 1369 134 35 burden
350 1370 27 34 is
398 1369 52 35 his
471 1375 36 29 to
527 1370 94 34 show
642 1370 77 34 that
739 1370 59 34 the
819 1370 88 34 sales
927 1381 90 23 were
1037 1375 60 29 not
1118 1369 53 35 for
1192 1369 138 35 taxable

116 1430 176 34 purposes.
303 1420 95 34 Thus
409 1419 59 35 the
478 1425 91 29 state
579 1431 70 23 was
660 1419 110 35 under
780 1430 44 24 no
834 1420 190 43 obligation
1035 1425 36 29 to
1082 1420 203 43 investigate
1295 1424 36 30 to

116 1481 57 23 see
193 1470 93 34 what
307 1481 60 23 use
386 1481 69 23 was
477 1469 103 35 made
599 1469 40 35 of
656 1470 59 35 the
735 1470 142 43 missing
897 1470 99 34 sales.

207 1547 76 35 The
294 1547 184 35 substance
490 1547 39 35 of
537 1547 60 35 the
608 1547 194 44 remaining
814 1547 102 44 proof
924 1547 172 35 consisted
1109 1547 39 35 of
1156 1547 174 45 questions

116 1603 36 29 to
162 1598 71 34 Mr.
245 1597 150 41 Collum,
406 1608 63 32 e.g.
481 1598 127 34 “Were
617 1608 67 33 you
694 1598 113 43 trying
817 1603 35 29 to
862 1598 144 34 commit
1015 1609 20 23 a
1045 1597 149 35 fraud?”
1205 1597 126 35 “Were

117 1658 66 32 you
201 1647 114 43 trying
331 1652 35 29 to
383 1647 99 34 avoid
498 1647 127 44 paying
642 1647 84 35 road
743 1658 61 24 use
819 1648 105 34 tax?”
942 1648 124 34 “Have
1081 1658 67 33 you
1165 1658 77 23 ever
1257 1647 74 35 sold

117 1696 71 35 fuel
208 1702 35 29 to
263 1697 120 43 people
401 1697 76 34 who
496 1708 61 23 use
576 1697 26 34 it
621 1697 54 34 for
694 1697 84 34 road
796 1708 61 23 use
875 1697 77 34 that
970 1707 68 33 you
1056 1708 90 23 were
1164 1708 114 23 aware
1295 1697 39 34 of

117 1746 146 34 without
284 1746 181 43 collecting
488 1746 59 35 the
569 1746 106 35 tax?”
699 1747 130 34 “What
851 1752 81 39 type
953 1746 39 35 of
1011 1747 122 43 people
1154 1757 89 24 were
1264 1757 67 33 you

117 1796 122 44 selling
256 1796 67 35 this
340 1796 97 35 three
453 1796 158 35 hundred
628 1796 69 35 and
714 1796 180 35 some-odd
910 1796 173 35 thousand
1100 1796 132 44 gallons
1249 1796 81 35 to?”

119 1846 172 44 (Answer:
304 1847 171 44 “Largely
485 1847 101 34 small
597 1846 251 44 consumers.”)
860 1847 75 35 The
945 1847 147 35 balance
1101 1846 40 36 of
1148 1847 182 44 appellees’

117 1897 103 43 proof
234 1908 70 23 was
321 1897 76 34 that
414 1897 169 35 Collum’s
601 1897 97 44 plant
715 1897 113 35 would
845 1902 59 30 not
921 1897 132 44 readily
1070 1897 262 35 accommodate

116 1947 130 40 trucks,
260 1958 38 23 as
312 1946 149 44 opposed
474 1952 36 29 to
523 1958 187 32 passenger
722 1958 87 29 cars,
824 1947 68 34 and
905 1947 77 34 that
995 1947 125 43 during
1133 1947 68 34 this
1214 1947 118 43 period

117 1995 39 34 of
167 1996 86 33 time
268 1995 234 42 (1976-1980)
518 1996 115 33 wheat
646 1996 199 42 combining
859 1996 196 43 operations
1069 2007 90 23 were
1171 1996 103 42 going
1288 2006 43 23 on

117 2044 35 34 in
172 2044 61 34 the
252 2044 117 43 region
390 2044 112 35 which
523 2044 151 35 resulted
695 2045 35 33 in
750 2045 95 42 large
864 2045 89 34 sales
974 2045 39 34 of
1030 2044 106 35 diesel
1156 2044 82 35 fuel.
1260 2045 70 34 Mr.

118 2094 141 34 Collum
282 2093 101 35 could
406 2099 70 35 not,
500 2094 168 40 however,
692 2105 103 23 name
817 2094 59 34 the
898 2094 205 43 purchasers
1126 2105 38 23 or
1187 2094 146 43 identify

117 2143 140 43 specific
277 2143 98 34 sales.

304 2220 65 34 We
392 2220 99 34 think
515 2220 183 44 appellees’
723 2219 103 45 proof
846 2220 126 43 wholly
996 2219 79 35 fails
1099 2224 36 30 to
1159 2224 92 30 meet
1274 2219 59 35 the

118 2270 250 43 requirements
394 2270 39 34 of
455 2270 60 34 the
540 2275 140 29 statute.
708 2270 139 34 Section
874 2271 155 33 75-1250
1055 2270 28 34 is
1109 2269 163 35 intended
1297 2275 36 29 to

118 2320 137 43 require
267 2319 133 35 dealers
412 2325 36 29 to
460 2330 157 33 preserve
629 2320 90 34 their
731 2320 137 34 records
881 2319 69 35 and
962 2320 149 34 invoices
1124 2330 37 24 so
1173 2320 59 34 the
1244 2325 90 29 state

118 2379 66 24 can
195 2368 110 44 verify
317 2369 58 34 the
387 2374 164 39 payment
563 2369 39 34 of
611 2374 113 30 motor
735 2369 72 34 fuel
819 2374 108 36 taxes,
940 2369 30 34 if
978 2369 85 34 such
1075 2374 96 29 taxes
1184 2380 59 23 are
1254 2369 78 34 due.

119 2418 129 35 Where
258 2429 20 24 a
289 2418 116 35 dealer
416 2418 155 44 destroys
582 2419 60 34 the
652 2419 137 34 records
800 2418 39 35 of
847 2419 52 34 his
910 2419 99 41 sales,
1021 2419 44 34 he
1075 2424 127 29 cannot
1213 2424 121 39 expect
