1648 2680
300 405 74 34 first
392 405 106 43 point,
518 405 59 34 the
594 410 183 38 argument
796 416 225 33 presupposes
1040 410 141 29 consent
1199 404 79 41 and,
1298 416 38 23 as
1354 416 51 23 we
1424 405 87 34 have

300 454 141 43 already
454 465 91 29 seen,
560 465 51 23 we
624 465 60 23 are
697 454 176 43 unwilling
887 459 36 29 to
937 465 138 23 assume
1088 455 76 34 that
1178 454 132 34 critical
1325 454 72 34 fact
1411 454 99 34 when

300 503 59 33 the
379 503 101 43 proof
497 503 129 43 plainly
646 508 156 37 suggests
822 503 59 34 the
900 508 171 37 contrary.

302 264 67 33 272

529 578 92 33 That
632 578 59 33 the
703 578 197 42 legislature
911 578 103 33 chose
1026 578 130 35 sixteen
1168 588 98 32 years
1278 588 37 23 as
1328 578 59 33 the
1398 588 65 32 age
1474 577 39 34 of

300 627 270 43 accountability
586 626 53 35 for
655 637 163 33 purposes
835 626 39 35 of
887 627 108 34 incest
1011 626 81 36 does
1109 632 59 29 not
1185 637 101 23 mean
1303 626 75 35 that
1395 626 26 34 it
1438 627 71 34 also

300 676 162 35 intended
477 676 76 35 that
568 676 98 35 when
682 687 43 24 an
742 676 180 44 unwilling
933 677 118 34 victim
1066 676 39 35 of
1117 676 107 34 incest
1239 676 27 35 is
1282 676 130 35 sixteen
1427 676 81 34 then

299 727 257 34 corroboration
569 727 27 34 is
609 726 169 45 required.
793 727 65 34 We
869 732 127 29 cannot
1008 737 103 33 agree
1123 732 35 30 to
1170 727 97 34 write
1278 727 76 34 that
1367 726 71 35 into
1451 726 58 35 the

299 782 130 29 statute
445 788 44 23 on
507 777 59 34 the
583 776 88 35 facts
689 777 39 34 of
742 777 67 34 this
827 788 89 24 case.
936 778 193 40 Moreover,
1148 777 59 35 the
1224 777 170 34 Criminal
1412 777 97 34 Code

299 827 208 44 specifically
517 827 156 43 provides
682 827 77 34 that
768 838 65 23 one
841 827 77 34 who
927 827 28 34 is
965 827 58 34 the
1031 827 119 34 victim
1159 827 39 34 of
1204 827 59 34 the
1272 827 131 34 offense
1412 827 27 34 is
1449 832 59 29 not

299 888 44 23 an
358 877 220 43 accomplice.
593 877 67 34 See
673 877 85 35 Ark.
773 877 89 34 Stat.
877 878 92 34 Ann.
987 877 17 43 ยง
1021 878 129 33 41-305
1167 877 116 44 (Repl.
1303 876 116 43 1977).
1435 877 74 34 The

299 932 237 38 commentary
556 932 116 29 states:

424 1003 52 43 (a)
492 1005 31 33 It
536 1015 110 23 seems
659 1004 93 34 clear
765 1004 76 35 that
854 1004 58 34 the
924 1004 118 35 victim
1055 1004 39 34 of
1104 1015 20 23 a
1138 1004 107 34 crime
1257 1004 123 35 should
1393 1010 59 29 not
1466 1005 43 34 be

422 1053 79 35 held
527 1065 37 23 as
591 1065 44 23 an
661 1054 210 43 accomplice
897 1054 34 34 in
958 1054 42 34 its
1026 1054 245 44 perpetration,
1298 1054 131 43 though
1456 1054 51 34 his

421 1103 149 34 conduct
584 1103 34 34 in
633 1114 20 23 a
668 1114 97 24 sense
779 1104 117 34 assists
911 1104 34 35 in
959 1104 59 34 the
1031 1104 221 34 commission
1267 1104 39 34 of
1317 1104 59 34 the
1389 1104 117 34 crime.

421 1153 74 34 The
504 1153 238 34 businessman
751 1153 76 34 who
837 1153 107 43 yields
953 1158 35 29 to
997 1154 59 33 the
1065 1153 169 34 extortion
1244 1153 39 35 of
1289 1164 20 23 a
1319 1154 187 40 racketeer,

421 1202 59 33 the
501 1207 122 38 parent
643 1202 76 34 who
741 1202 80 43 paid
843 1213 138 23 ransom
1003 1207 35 29 to
1059 1203 59 33 the
1140 1202 200 44 kidnapper,
1363 1213 80 32 may
1465 1202 42 34 be

421 1251 129 33 unwise
563 1261 38 23 or
615 1262 83 22 even
713 1262 80 32 may
808 1251 42 34 be
864 1251 147 43 thought
1026 1252 170 39 immoral;
1211 1257 35 28 to
1260 1252 84 33 view
1359 1251 96 35 them
1469 1262 37 23 as

421 1299 154 35 involved
597 1300 34 34 in
653 1300 58 34 the
731 1300 220 35 commission
972 1300 40 34 of
1029 1301 59 34 the
1108 1301 107 34 crime
1235 1301 192 34 confounds
1448 1301 59 34 the

421 1350 111 43 policy
543 1349 182 35 embodied
736 1350 33 34 in
780 1350 59 34 the
849 1350 198 43 provisions;
1059 1350 26 34 it
1094 1350 28 34 is
1133 1350 69 35 laid
1213 1350 110 41 down,
1334 1350 125 44 wholly
1469 1361 37 23 or

420 1399 34 34 in
468 1404 87 39 part,
570 1399 53 34 for
636 1399 89 35 their
738 1400 201 43 protection.
954 1400 58 41 So,
1026 1405 68 36 too,
1107 1405 36 31 to
1156 1399 80 36 hold
1249 1400 59 34 the
1321 1400 128 35 female
1461 1411 45 23 an

420 1449 211 43 accomplice
651 1449 34 34 in
706 1460 20 23 a
747 1454 171 39 statutory
939 1460 83 33 rape
1041 1460 44 24 on
1106 1450 61 34 her
1187 1460 122 33 person
1330 1450 112 37 would
1464 1450 43 34 be

420 1499 223 34 inconsistent
666 1499 81 34 with
771 1499 58 34 the
851 1499 190 43 legislative
1063 1510 147 33 purpose
1232 1505 35 29 to
1290 1505 132 38 protect
1445 1500 61 34 her

420 1548 136 43 against
566 1548 61 34 her
638 1559 75 24 own
724 1549 174 34 weakness
910 1549 34 36 in
955 1549 213 43 consenting,
1179 1550 59 33 the
1247 1561 81 32 very
1339 1550 120 43 theory
1470 1549 39 35 of

420 1598 59 34 the
498 1598 116 34 crime.

479 1675 188 44 Appellant
690 1680 95 30 notes
808 1675 76 35 that
906 1676 101 34 while
1031 1676 17 42 ยง
1073 1677 152 33 41-2403
1231 1675 52 44 (a)
1308 1687 115 23 covers
1446 1676 57 35 deยญ

296 1724 183 35 scendants
502 1736 37 23 as
563 1725 74 34 well
661 1736 37 23 as
722 1730 185 36 ancestors,
933 1726 17 42 ยง
976 1725 212 43 41-2403(b)
1214 1726 129 43 applies
1366 1726 79 43 only
1468 1731 36 29 to

296 1779 226 38 stepparents,
547 1774 197 43 suggesting
768 1775 59 34 the
851 1775 172 42 language
1046 1780 132 29 creates
1202 1786 20 23 a
1246 1775 198 44 dichotomy
1467 1775 40 34 of

295 1823 158 34 criminal
474 1823 252 44 responsibility
747 1824 153 34 between
921 1824 231 44 stepchildren
1173 1824 68 35 and
1262 1825 136 34 natural
1419 1825 83 34 chilยญ

295 1872 94 41 dren,
413 1884 37 23 as
472 1873 75 34 well
569 1884 38 23 as
629 1873 39 34 of
686 1873 253 35 corroborative
961 1874 102 43 proof
1082 1885 37 23 as
1141 1879 34 29 to
1197 1879 214 39 stepparents
1434 1874 69 34 and

295 1922 137 34 natural
447 1927 149 38 parents.
614 1923 65 34 We
693 1923 150 35 concede
858 1934 21 23 a
894 1923 199 34 distinction
1108 1923 152 35 between
1277 1934 139 33 persons
1432 1924 34 34 in
1482 1935 20 23 a

294 1976 75 38 step
384 1971 234 44 relationship,
635 1972 72 40 but,
724 1972 53 34 for
793 1983 138 23 reasons
948 1972 141 44 already
1104 1973 185 40 discussed,
1306 1984 51 23 we
1371 1973 71 34 find
1458 1984 44 23 no

294 2020 198 35 distinction
505 2021 154 34 between
672 2026 75 39 step
760 2021 68 35 and
841 2022 138 34 natural
992 2027 138 38 parents
1143 2033 43 23 on
1199 2022 59 34 the
1270 2023 232 43 requirement

293 2070 39 34 of
341 2070 267 35 corroboration.
623 2071 39 34 In
674 2071 109 34 either
794 2082 80 24 case
886 2071 29 34 if
924 2072 59 34 the
995 2072 162 34 โvictimโ
1170 2072 27 34 is
1210 2072 34 34 in
1256 2072 73 34 fact
1340 2083 20 23 a
1371 2072 130 41 victim,

293 2120 71 40 she,
385 2131 38 23 or
443 2120 53 41 he,
518 2120 27 34 is
566 2125 59 30 not
645 2131 44 24 an
710 2131 188 34 accessory.
920 2122 85 34 Ark.
1027 2121 88 35 Stat.
1136 2122 91 34 Ann.
1251 2122 17 42 ยง
1291 2123 141 33 41-305.

383 2198 50 33 As
447 2202 35 29 to
495 2197 59 34 the
567 2197 170 44 supposed
751 2197 199 45 dichotomy
963 2198 153 35 between
1130 2199 137 34 natural
1280 2204 139 39 parents
1433 2199 69 34 and

293 2251 226 39 stepparents,
530 2258 51 23 we
591 2258 59 24 are
660 2252 59 30 not
728 2247 193 44 persuaded
931 2248 76 35 that
1017 2248 60 35 the
1086 2248 174 44 disparate
1270 2254 187 29 treatment
1466 2248 40 35 of

293 2296 58 34 the
362 2302 130 29 statute
504 2297 27 34 is
543 2302 59 29 not
614 2297 214 41 intentional,
841 2308 38 24 or
890 2298 77 34 that
978 2298 26 34 it
1016 2298 94 34 lacks
1122 2309 20 23 a
1155 2298 146 35 rational
1313 2298 102 35 basis.
1428 2299 75 34 The

292 2352 238 38 commentary
556 2352 35 29 to
620 2347 17 43 ยง
667 2348 152 34 41-2403
848 2348 112 43 points
987 2353 60 30 out
1073 2348 76 34 that
1176 2348 230 44 stepchildren
1434 2348 68 34 and

293 2396 149 43 adopted
455 2396 154 35 children
623 2397 87 34 have
722 2397 85 34 been
821 2397 113 35 added
947 2403 36 29 to
995 2398 59 34 the
1066 2398 107 34 crime
1185 2398 39 34 of
1234 2398 108 34 incest
1355 2398 148 34 because
