1665 2702
135 418 140 44 opinion
285 429 148 24 answers
443 418 45 34 all
499 418 58 35 the
567 423 201 39 arguments
778 418 180 44 presented
969 418 45 44 by
1023 418 59 35 the
1091 419 187 43 appellant;
1288 429 37 23 so
1336 419 14 34 I

136 479 105 32 agree
251 469 77 34 that
338 469 60 34 the
405 468 184 43 judgment
601 468 123 35 should
735 468 44 35 be
790 469 167 34 affirmed.
969 468 257 41 Nevertheless,
1238 469 15 34 I
1265 468 88 34 have

137 518 200 43 misgivings
347 519 106 34 about
461 518 154 35 whether
624 519 70 34 Act
707 519 64 33 102
781 518 39 34 of
830 519 99 40 1977,
939 518 85 35 Ark.
1035 518 89 34 Stat.
1135 519 91 33 Ann.
1239 518 112 43 §§14-

137 568 105 34 614.2
254 574 114 37 etseq.
384 568 114 43 (Repl.
516 568 118 42 1979),
646 567 155 44 creating
812 568 60 34 the
883 568 56 34 3%
951 567 210 45 preference,
1173 568 131 44 applies
1315 573 36 29 to

137 617 162 44 highway
321 618 233 34 construction
577 623 174 29 contracts
774 618 140 34 entered
936 618 73 34 into
1031 617 46 44 by
1098 618 59 34 the
1180 618 173 43 Highway

137 667 245 35 Commission.

1283 277 66 33 285

229 743 70 34 Act
311 744 64 33 102
385 747 105 30 states
500 742 35 34 in
545 742 43 35 its
597 743 75 34 first
679 747 162 30 sentence
849 743 78 34 that
935 743 27 34 it
971 742 132 44 applies
1111 747 36 30 to
1156 743 196 34 “contracts

137 792 146 34 covered
297 792 45 44 by
355 792 59 35 the
427 792 188 43 provisions
629 792 40 35 of
679 793 70 34 Act
766 793 63 34 159
844 792 39 35 of
898 793 100 40 1949,
1012 803 38 24 as
1064 792 205 35 amended.”
1284 793 69 34 Act

143 842 63 34 159
228 842 27 34 is
275 841 170 45 compiled
465 853 38 23 as
523 842 158 35 Sections
705 843 123 33 14-611
852 848 35 29 to
906 843 85 34 -614
1010 842 40 34 of
1066 842 59 35 the
1144 848 156 29 statutes.
1322 843 31 34 It

137 902 145 32 governs
304 892 116 44 public
440 897 174 30 contracts
636 892 77 35 “for
734 892 59 34 the
813 893 141 43 making
975 891 40 35 of
1033 892 111 44 major
1165 893 129 44 repairs
1315 903 38 24 or

138 942 213 41 alterations,
364 953 37 23 or
413 941 53 35 for
477 942 60 34 the
548 942 152 35 erection
712 941 39 35 of
759 942 173 44 buildings
944 953 38 24 or
993 942 99 34 other
1103 947 199 36 structures,
1315 953 38 24 or

138 991 54 35 for
210 992 60 34 the
288 992 141 42 making
448 991 39 35 of
502 992 99 34 other
619 998 205 38 permanent
842 992 302 44 improvements,”
1163 993 113 34 where
1294 993 60 34 the

138 1041 186 35 estimated
334 1047 74 29 cost
418 1042 144 34 exceeds
574 1043 163 40 $10,000.
748 1042 141 35 Section
903 1043 140 34 14-611.
1055 1042 140 35 Section
1207 1044 18 33 3
1238 1042 38 35 of
1284 1043 70 34 Act

143 1092 64 34 159
218 1102 81 32 goes
311 1092 72 34 into
392 1091 106 35 detail
509 1092 45 43 by
564 1092 180 44 providing
755 1092 76 35 that
840 1092 60 35 the
909 1092 141 44 general
1060 1097 196 30 contractor
1266 1092 88 35 shall

138 1141 88 34 offer
242 1147 160 38 separate
417 1141 240 36 subcontracts
674 1141 54 36 for
744 1142 59 34 the
818 1142 192 44 plumbing,
1027 1142 152 44 heating,
1195 1142 157 35 ventilat-

139 1191 69 43 ing,
221 1191 51 34 air
283 1191 246 44 conditioning,
542 1192 140 35 electric
692 1192 131 43 wiring,
836 1192 69 35 and
916 1192 132 43 roofing
1060 1192 69 35 and
1140 1193 96 34 sheet
1247 1193 106 34 metal

138 1241 105 34 work.
256 1241 140 35 Section
408 1242 141 34 41-613.
562 1243 51 33 As
626 1242 14 34 I
653 1241 83 35 read
747 1243 69 33 Act
832 1243 75 40 159,
920 1242 26 35 it
957 1242 131 43 applies
1100 1243 80 43 only
1191 1248 35 29 to
1237 1242 117 45 public

139 1296 174 30 contracts
339 1291 52 35 for
415 1291 58 34 the
497 1292 152 34 erection
673 1302 38 24 or
736 1292 112 43 repair
871 1292 40 34 of
932 1291 174 44 buildings
1130 1292 68 35 and
1223 1292 131 35 similar

140 1340 278 44 improvements,
447 1346 59 29 not
534 1346 36 30 to
597 1342 59 34 the
683 1342 233 34 construction
944 1341 39 36 of
1008 1342 188 44 highways.
1226 1343 127 34 Conse-

140 1391 153 43 quently,
316 1391 93 34 since
430 1391 59 34 the
511 1391 201 44 preference
733 1396 130 30 statute
884 1392 131 44 applies
1037 1392 80 43 only
1139 1397 35 29 to
1195 1393 69 34 Act
1290 1393 63 33 159

140 1446 185 35 contracts,
341 1441 26 34 it
381 1440 80 35 does
477 1446 59 29 not
551 1441 104 44 apply
669 1447 36 29 to
719 1441 59 35 the
792 1447 156 29 contract
963 1441 156 35 involved
1133 1442 35 34 in
1182 1442 67 34 this
1264 1452 89 24 case.

230 1515 84 35 This
325 1521 167 35 contract,
503 1527 38 23 as
552 1516 169 44 prepared
732 1516 45 44 by
787 1517 59 34 the
856 1517 174 43 Highway
1041 1516 243 42 Commission,
1295 1516 59 35 did

139 1565 141 44 provide
301 1566 76 35 that
398 1566 59 34 the
478 1572 157 29 contract
657 1566 161 36 awarded
839 1567 113 35 would
974 1566 43 35 be
1038 1567 171 43 governed
1230 1568 45 43 by
1296 1567 59 35 the

139 1615 202 44 preference
355 1621 140 30 statute.
509 1617 76 34 The
600 1617 244 41 Commission,
859 1617 168 41 however,
1042 1617 28 34 is
1084 1617 160 44 required
1258 1623 36 29 to
1308 1618 48 34 let

140 1665 59 34 the
208 1671 158 30 contract
375 1672 35 29 to
419 1666 59 34 the
487 1666 119 35 lowest
615 1667 210 44 responsible
834 1667 132 35 bidder.
978 1667 31 34 It
1018 1672 127 29 cannot
1154 1667 134 44 change
1296 1667 60 34 the

140 1715 66 35 law
222 1716 46 43 by
281 1716 207 43 voluntarily
504 1716 263 43 subordinating
783 1717 43 34 its
842 1721 173 30 contracts
1031 1722 36 29 to
1082 1717 59 34 the
1156 1717 200 44 preference

140 1770 141 36 statute,
296 1777 83 23 even
393 1765 109 35 under
515 1766 60 35 the
587 1766 318 44 misapprehension
919 1767 76 34 that
1009 1766 26 34 it
1049 1766 27 35 is
1090 1767 159 44 required
1263 1772 35 30 to
1311 1766 44 35 do

140 1825 47 24 so.

232 1890 15 34 I
258 1890 97 34 write
364 1889 67 35 this
441 1900 233 25 concurrence
684 1890 148 35 because
841 1891 30 34 if
878 1891 97 35 there
985 1891 27 34 is
1023 1902 45 23 an
1078 1892 163 34 omission
1251 1892 35 34 in
1295 1891 60 35 the

140 1944 148 30 statutes
304 1940 76 34 that
395 1940 104 34 needs
515 1945 36 29 to
567 1940 43 35 be
624 1941 188 40 corrected,
828 1941 60 34 the
903 1941 199 43 legislature
1117 1953 81 32 may
1212 1946 93 30 want
1320 1947 35 29 to

140 1989 104 34 make
254 2000 45 24 an
310 1989 220 45 appropriate
541 1990 235 35 amendment.
788 1991 39 34 In
838 2002 68 32 any
916 1995 111 37 event,
1038 1991 60 34 the
1108 1991 96 44 point
1214 1992 28 34 is
1252 1991 103 44 likely

140 2043 36 29 to
192 2039 90 34 arise
297 2040 103 42 again
416 2039 69 34 and
501 2040 149 43 perhaps
666 2040 124 34 should
805 2040 43 34 be
863 2041 105 34 taken
985 2040 72 34 into
1073 2046 147 29 account
1236 2042 45 42 by
1296 2041 60 34 the

141 2088 174 43 Highway
335 2088 233 34 Commission
589 2089 68 34 and
678 2089 99 34 those
796 2089 143 43 bidding
959 2090 54 33 for
1033 2090 43 33 its
1097 2095 183 29 contracts.
