1648 2680
299 410 106 23 room.
427 399 74 34 The
521 399 78 34 trial
621 403 98 29 court
739 398 58 34 did
818 403 60 29 not
898 409 54 23 err
972 398 34 33 in
1027 397 160 43 allowing
1207 397 73 34 him
1299 402 36 29 to
1355 396 128 44 testify.

299 259 68 33 600

390 474 217 43 Appellant’s
635 474 82 33 final
745 473 198 34 contention
972 473 27 34 is
1027 473 76 34 that
1130 473 60 34 the
1216 478 99 28 court
1342 472 98 34 erred
1468 473 44 42 by

300 524 200 43 permitting
526 534 158 23 unsworn
710 522 229 34 out-of-court
964 526 204 29 statements
1193 521 103 34 made
1321 521 45 43 by
1392 521 119 34 Gloria

299 573 148 34 Tolliver
468 573 72 34 into
560 572 171 34 evidence.

392 649 134 44 During
543 649 60 35 her
619 649 185 44 testimony
820 654 37 29 at
873 648 59 35 the
947 648 91 41 trial,
1056 648 69 34 Ms.
1143 647 148 35 Tolliver
1307 647 113 35 stated
1436 647 76 35 that

300 700 61 34 she
372 711 69 23 was
454 700 82 34 with
548 699 59 35 the
619 699 175 44 appellant
807 698 68 35 and
887 698 52 35 his
951 698 123 44 family
1085 703 36 30 at
1134 709 20 23 a
1167 697 220 35 laundromat
1398 708 44 24 on
1454 697 59 35 the

300 750 68 43 day
383 750 59 34 the
457 750 107 34 crime
579 749 176 35 occurred.
772 749 70 34 She
858 748 134 35 further
1007 748 149 35 testified
1172 748 76 34 that
1263 748 59 34 the
1337 748 176 44 appellant

300 799 63 34 left
376 800 59 33 the
448 799 221 34 laundromat
681 799 54 34 for
748 810 20 23 a
781 798 118 44 period
912 798 40 34 of
961 798 94 34 time.
1069 798 71 34 She
1152 797 149 35 claimed
1313 803 37 28 at
1363 797 59 34 the
1434 797 79 34 trial

301 849 76 33 that
394 849 60 33 she
470 848 59 34 did
547 853 59 29 not
623 849 99 33 know
739 848 93 33 what
848 848 85 33 time
950 848 43 33 he
1009 847 63 34 left
1089 858 61 23 nor
1167 846 59 35 did
1243 847 61 33 she
1320 846 193 34 remember

301 898 92 33 what
405 897 131 34 clothes
548 897 43 33 he
603 907 69 23 was
685 896 150 42 wearing
848 896 76 34 that
935 895 79 44 day.
1027 896 74 34 The
1113 900 199 39 prosecutor
1324 895 105 34 asked
1443 896 69 33 Ms.

300 947 148 33 Tolliver
465 946 29 33 if
507 946 60 33 she
583 945 69 34 had
669 945 192 43 previously
877 945 103 34 made
996 955 20 23 a
1032 949 186 29 statement
1234 949 36 29 to
1286 944 227 42 Investigator

301 995 137 34 Gilbert
454 995 33 34 in
504 995 111 33 which
632 995 61 33 she
708 1005 85 32 gave
809 994 59 34 the
883 994 223 34 information
1123 1004 37 23 as
1177 999 35 28 to
1228 993 59 34 the
1301 993 85 34 time
1402 993 112 34 frame

301 1045 68 34 and
385 1045 60 33 the
460 1044 204 44 appellant’s
681 1044 162 43 clothing.
862 1044 69 34 Ms.
948 1043 148 34 Tolliver
1112 1042 170 35 admitted
1298 1042 141 43 making
1455 1042 59 34 the

301 1099 187 30 statement
497 1094 68 34 and
575 1093 75 35 said
660 1094 76 34 that
745 1104 95 24 some
849 1093 39 35 of
894 1093 76 35 that
979 1098 187 30 statement
1176 1103 69 24 was
1255 1097 77 30 true
1341 1092 68 35 and
1419 1103 95 23 some

301 1144 39 34 of
358 1144 25 34 it
403 1155 70 23 was
494 1149 69 29 not.

392 1220 188 44 Appellant
608 1220 185 34 maintains
820 1220 27 34 it
873 1230 69 24 was
970 1230 93 23 error
1090 1224 35 29 to
1152 1219 99 34 allow
1278 1218 59 35 the
1363 1223 90 30 state
1479 1223 35 29 to

302 1270 158 44 impeach
472 1270 43 34 its
526 1281 75 23 own
613 1270 136 34 witness
761 1269 99 35 when
871 1269 59 34 the
940 1269 137 34 witness
1088 1268 171 35 admitted
1270 1268 141 43 making
1422 1268 92 44 prior

302 1321 223 33 inconsistent
536 1325 214 29 statements.
762 1319 74 34 The
847 1324 98 29 court
957 1318 97 35 ruled
1065 1319 76 34 that
1153 1319 69 34 Ms.
1235 1318 176 35 Tolliver’s
1423 1318 92 44 prior

301 1375 187 30 statement
499 1369 101 35 could
612 1370 43 34 be
665 1369 84 35 used
761 1369 53 35 for
826 1369 257 44 impeachment
1094 1379 164 33 purposes
1269 1368 63 35 but
1342 1367 102 36 could
1455 1373 60 29 not

302 1421 42 34 be
368 1419 202 35 introduced
594 1420 72 34 into
690 1419 172 35 evidence.
886 1419 75 34 The
983 1424 99 29 court
1105 1418 227 35 admonished
1356 1418 59 35 the
1434 1418 81 43 jury

302 1470 124 42 during
449 1469 59 35 the
531 1480 121 24 course
675 1469 39 34 of
735 1470 69 33 Ms.
829 1469 177 34 Tolliver’s
1030 1468 186 44 testimony
1239 1468 77 35 that
1339 1468 60 34 her
1423 1468 92 44 prior

302 1525 186 29 statement
497 1530 69 23 was
576 1524 35 29 to
620 1519 43 34 be
672 1518 201 35 considered
881 1519 81 43 only
970 1518 54 35 for
1033 1519 59 33 the
1100 1529 148 33 purpose
1257 1516 39 36 of
1297 1518 147 43 judging
1454 1518 60 34 her

302 1569 194 43 credibility
507 1569 68 34 and
587 1574 60 28 not
658 1580 37 23 as
707 1568 162 35 evidence
879 1568 40 34 of
926 1568 60 34 the
996 1568 96 34 truth
1103 1567 40 35 of
1150 1568 60 34 the
1221 1573 127 28 matter
1359 1573 51 28 set
1421 1567 93 34 forth

302 1619 34 33 in
357 1619 59 33 the
436 1623 196 29 statement.

392 1694 75 33 The
488 1694 176 43 appellant
685 1704 123 32 argues
832 1694 69 33 Ms.
924 1692 178 34 Tolliver’s
1123 1692 93 43 prior
1237 1697 187 29 statement
1444 1703 70 23 was

302 1743 237 34 inadmissible
554 1742 109 35 under
680 1742 97 35 Unif.
795 1743 42 33 R.
856 1741 96 35 Evid.
972 1741 235 43 801(d)(l)(i)
1226 1741 94 34 since
1335 1741 60 34 the
1410 1746 104 29 state-

302 1798 95 29 ment
407 1793 104 34 taken
520 1792 44 43 by
575 1792 226 43 Investigator
811 1791 137 35 Gilbert
956 1802 70 23 was
1036 1796 60 29 not
1105 1791 123 43 “given
1237 1790 109 35 under
1354 1790 83 35 oath
1446 1790 69 35 and

302 1842 134 43 subject
456 1847 35 29 to
511 1842 59 34 the
590 1842 140 43 penalty
750 1841 39 34 of
806 1841 173 44 perjury.”

486 1918 74 33 The
573 1917 176 44 appellant
761 1917 27 34 is
802 1921 132 30 correct
947 1916 35 34 in
995 1916 52 34 his
1060 1916 150 43 analysis
1223 1916 39 34 of
1272 1916 91 34 Rule
1375 1915 139 43 801(d),

302 1967 167 41 however,
483 1968 69 33 Ms.
564 1967 177 34 Tolliver’s
753 1971 187 30 statement
951 1967 28 33 is
991 1966 200 34 admissible
1201 1965 110 35 under
1322 1977 20 23 a
1354 1965 162 35 different

303 2017 83 34 rule.
409 2016 164 35 Uniform
594 2017 42 34 R.
660 2016 96 35 Evid.
779 2017 67 34 607
868 2016 157 44 provides
1046 2016 77 34 that
1144 2016 59 34 the
1223 2015 195 44 credibility
1438 2015 39 35 of
1495 2026 20 24 a

302 2067 137 34 witness
450 2078 81 32 may
541 2067 43 34 be
594 2066 163 35 attacked
767 2067 45 43 by
822 2077 68 33 any
900 2071 112 39 party,
1023 2065 176 44 including
1210 2066 59 34 the
1278 2070 101 39 party
1389 2065 126 43 calling

303 2117 82 34 him.
408 2117 253 40 Furthermore,
682 2117 91 34 Rule
792 2116 127 43 613(b)
941 2116 117 34 allows
1078 2116 162 34 extrinsic
1259 2115 162 35 evidence
1440 2115 39 34 of
1495 2126 20 23 a

303 2167 91 43 prior
415 2167 225 34 inconsistent
660 2171 187 30 statement
868 2166 45 44 by
934 2177 20 23 a
975 2166 138 34 witness
1134 2166 73 34 into
1227 2165 163 35 evidence
1410 2164 30 35 if
1457 2165 59 34 the

303 2217 136 34 witness
459 2216 69 35 and
548 2216 59 35 the
625 2216 156 44 opposite
800 2221 101 38 party
920 2227 60 23 are
998 2215 158 35 afforded
1176 2226 44 24 an
1239 2215 222 44 opportunity
1481 2220 35 29 to

303 2266 137 44 explain
453 2277 38 23 or
504 2266 90 43 deny
607 2266 60 34 the
680 2271 187 29 statement
880 2265 69 35 and
963 2265 59 35 the
1034 2265 157 44 opposite
1203 2270 101 38 party
1317 2264 28 35 is
1359 2263 157 36 afforded

303 2327 44 23 an
368 2315 222 44 opportunity
610 2320 35 29 to
666 2315 210 43 interrogate
896 2315 59 34 the
974 2315 148 34 witness.

488 2392 39 34 In
539 2391 186 35 Chisum v.
735 2391 114 40 State,
860 2392 66 33 273
938 2391 85 34 Ark.
1038 2391 107 40 1, 616
1156 2389 132 35 SW.2d
1298 2390 67 34 728
1378 2388 138 44 (1981),
