1660 2696
1291 271 63 33 531

159 411 115 34 Diana
295 411 86 34 Jean
403 411 348 34 VANDERKAMP
770 416 34 29 et
824 412 43 33 al.
890 422 27 24 v.
940 411 153 34 STATE
1112 411 40 34 of
1168 411 178 34 Arkansas

1038 487 68 33 706
1127 486 143 35 S.W.2d
1292 487 66 34 396

474 561 171 43 Supreme
665 561 110 34 Court
795 560 39 35 of
851 562 179 34 Arkansas

425 610 153 44 Opinion
598 610 172 35 delivered
790 611 100 44 April
915 611 52 40 14,
992 611 88 34 1986

237 1082 123 33 James
379 1082 40 33 E.
441 1082 119 39 Davis,
582 1080 53 35 for
655 1080 204 45 appellants.

236 1155 106 34 Steve
357 1155 120 41 Clark,
492 1155 100 44 Att’y
606 1155 101 42 Gen.,
722 1155 55 44 by:
797 1155 181 36 Theodore
990 1156 149 42 Holder,
1153 1156 94 35 Asst.
1262 1157 100 44 Att’y

146 1204 102 41 Gen.,
269 1205 54 34 for
343 1205 164 44 appellee.

239 1281 74 33 Per
324 1280 163 35 Curiam.

499 1280 75 34 The
583 1281 194 43 appellants
788 1281 87 35 have
884 1280 81 36 filed
976 1292 20 23 a
1007 1282 131 34 motion
1148 1281 54 35 for
1212 1292 20 24 a
1243 1282 74 34 rule
1326 1287 36 30 to

147 1330 137 43 require
294 1329 59 34 the
364 1330 105 34 Clerk
478 1336 35 28 to
524 1329 57 35 file
591 1330 60 34 the
661 1330 120 35 record
792 1331 34 34 in
837 1331 68 34 this
915 1341 90 24 case.
1018 1331 31 34 It
1060 1342 146 33 appears
1216 1332 77 34 that
1302 1332 60 34 the

147 1379 120 34 record
281 1389 69 24 was
365 1378 164 36 tendered
543 1390 20 23 a
577 1379 69 44 day
659 1380 80 34 late.
753 1380 75 34 The
841 1380 205 44 appellants’
1060 1386 169 38 attorney,
1244 1382 117 34 James

147 1428 39 33 E.
208 1428 118 40 Davis,
347 1434 137 38 accepts
505 1428 64 35 full
589 1429 255 45 responsibility
864 1430 53 34 for
937 1430 60 34 the
1016 1430 113 44 delay.

331 1503 83 35 This
427 1504 27 35 is
468 1515 20 24 a
501 1504 171 35 sufficient
685 1515 122 25 reason
820 1504 53 36 for
886 1505 181 44 accepting
1080 1505 60 35 the
1151 1505 130 35 record.
1296 1506 67 35 See

146 1564 63 24 our
223 1564 61 33 per
299 1553 133 36 curiam
446 1554 139 45 opinion
600 1554 40 35 of
652 1555 176 44 February
843 1557 31 40 5,
894 1556 99 35 1979.
1010 1556 66 34 265
1092 1557 86 34 Ark.
1194 1557 78 34 964.
1287 1557 75 35 The

146 1604 133 34 motion
299 1604 28 34 is
348 1605 220 43 accordingly
588 1605 157 43 granted.

238 1680 35 33 A
292 1689 88 34 copy
400 1679 39 35 of
455 1680 68 35 this
544 1680 140 44 opinion
704 1680 68 35 will
793 1681 42 34 be
855 1686 76 30 sent
951 1686 35 29 to
1007 1681 59 35 the
1087 1681 211 35 Committee
1317 1693 45 24 on

147 1729 231 35 Professional
400 1730 170 35 Conduct.

238 1805 160 40 Purtle,
419 1806 42 40 J.,
482 1810 60 30 not
563 1805 256 45 participating.
