1656 2680
307 420 98 33 when
415 420 61 33 she
486 419 102 35 made
598 420 60 34 her
668 420 78 40 will,
758 420 25 34 it
792 420 101 34 could
904 420 43 34 be
957 420 130 43 argued
1096 420 82 34 with
1189 421 104 33 much
1303 420 94 35 force
1406 421 76 34 that
1492 420 29 35 if

307 469 60 34 she
391 469 62 34 left
478 469 60 34 her
562 475 161 38 property
747 475 35 29 to
807 470 81 43 “my
912 470 189 40 children,”
1126 470 61 34 her
1211 470 172 43 language
1406 470 112 35 would

307 519 137 34 include
464 520 59 34 the
543 519 149 44 adopted
713 519 103 35 child.

308 279 67 34 320

530 595 92 35 That
634 595 27 35 is
674 600 60 30 not
746 595 58 35 the
816 595 165 35 situation
993 595 119 35 before
1124 607 50 23 us.
1188 596 74 35 The
1273 595 163 45 adoption
1448 607 69 24 was

307 651 59 29 not
388 646 44 43 by
453 646 59 34 the
533 646 157 34 testatrix
712 646 62 34 but
795 646 45 44 by
861 646 60 35 her
943 646 149 35 brother.
1115 646 75 35 The
1210 646 157 44 question
1389 647 80 34 here
1490 647 27 34 is

307 696 152 33 whether
480 696 87 33 Mrs.
587 696 157 34 Tatum’s
764 696 115 34 devise
897 696 39 34 of
952 696 59 34 the
1029 697 196 34 remainder
1244 697 140 34 interest
1402 702 35 29 to
1457 697 60 34 her

307 745 167 33 brothers’
489 745 199 34 “children”
702 756 69 23 was
784 751 118 28 meant
914 751 35 28 to
962 746 138 34 include
1112 746 59 34 the
1182 746 164 43 appellee,
1359 747 76 33 who
1446 758 70 23 was

306 798 59 29 not
390 793 149 43 adopted
564 794 87 33 until
676 805 104 31 many
804 805 99 32 years
928 794 90 34 after
1043 796 87 32 Mrs.
1155 795 157 34 Tatum’s
1336 795 114 34 death.
1477 796 39 33 In

306 842 230 42 determining
552 853 20 23 a
587 843 158 42 question
760 843 39 33 of
812 843 169 34 intention
996 854 51 23 we
1062 848 54 38 try
1131 848 35 29 to
1182 844 97 42 place
1294 844 169 33 ourselves
1479 855 37 23 as

306 891 119 43 nearly
439 902 38 23 as
492 892 148 42 possible
655 892 34 33 in
704 891 59 34 the
777 892 147 43 position
940 892 39 34 of
990 892 59 34 the
1064 893 158 33 testatrix
1236 898 36 28 at
1286 893 59 34 the
1359 893 83 34 time
1456 893 61 34 she

306 940 119 43 signed
439 941 59 34 the
511 941 77 33 will.
608 940 121 35 Weeks
740 952 31 23 v.
790 941 132 41 Weeks,
936 943 64 32 211
1017 942 86 33 Ark.
1122 943 75 39 132,
1216 943 63 33 199
1293 942 142 34 S.W.2d
1449 943 66 34 955

308 990 137 43 (1947).
475 990 112 35 When
616 1002 50 23 we
694 991 174 44 approach
896 991 59 35 the
982 991 92 35 issue
1101 991 34 35 in
1163 992 77 34 that
1267 1002 86 33 way,
1381 1003 51 23 we
1459 1003 59 24 are

305 1040 181 44 decidedly
508 1040 39 35 of
566 1041 59 34 the
648 1041 138 44 opinion
809 1041 76 35 that
909 1042 87 34 Mrs.
1020 1042 158 34 Tatum’s
1202 1041 175 36 reference
1399 1047 35 30 to
1456 1042 61 35 her

306 1090 167 35 brothers’
490 1091 154 35 children
661 1103 69 23 was
746 1097 59 29 not
821 1091 150 35 selected
986 1092 83 34 with
1085 1092 60 35 the
1160 1092 78 35 idea
1254 1092 39 35 of
1305 1092 175 44 including
1497 1104 20 24 a

305 1151 123 33 person
445 1141 76 34 who
537 1152 69 23 was
624 1147 58 29 not
699 1142 149 43 adopted
865 1142 88 34 until
969 1142 80 43 long
1066 1142 90 34 after
1173 1142 60 34 her
1249 1142 116 35 death.
1382 1143 91 34 That
1489 1143 28 34 is

305 1190 176 44 definitely
493 1191 59 34 the
564 1191 161 44 majority
738 1192 83 33 rule.
835 1192 244 34 Annotations:
1094 1193 44 33 70
1150 1193 132 33 A.L.R.
1297 1193 67 33 626
1379 1192 138 43 (1931);

309 1241 64 33 144
384 1241 131 34 A.L.R.
528 1241 67 34 676
607 1240 137 43 (1943).
755 1241 74 34 The
839 1241 116 34 North
966 1241 164 34 Carolina
1141 1247 98 29 court
1248 1241 91 35 cited
1349 1241 168 35 decisions

305 1290 91 34 from
416 1290 121 34 twelve
557 1295 106 30 states
684 1295 36 30 to
740 1296 143 38 support
904 1291 43 34 its
968 1291 141 43 holding
1130 1291 77 35 that
1227 1303 20 23 a
1269 1291 114 35 devise
1403 1297 35 29 to
1459 1292 59 34 the

305 1339 154 35 children
481 1339 39 35 of
538 1340 59 34 the
618 1341 172 34 testator’s
812 1340 161 44 nephews
995 1341 68 34 and
1085 1341 113 34 nieces
1220 1341 58 34 did
1300 1346 60 30 not
1380 1341 138 35 include

304 1389 155 34 children
478 1390 76 34 who
573 1389 110 43 might
702 1390 43 34 be
762 1389 151 45 adopted
931 1390 91 35 after
1040 1390 59 35 the
1116 1391 174 34 testator’s
1308 1390 116 35 death.
1444 1391 74 35 “To

305 1438 80 35 hold
396 1439 181 34 otherwise
586 1439 113 34 would
710 1440 102 34 make
821 1440 27 34 it
858 1440 149 43 possible
1016 1440 54 34 for
1080 1446 161 38 property
1251 1440 39 35 of
1297 1451 20 24 a
1328 1446 144 29 testator
1481 1446 36 29 to

305 1488 43 34 be
365 1488 154 34 diverted
537 1494 36 28 to
591 1494 173 37 strangers
782 1489 39 34 of
836 1489 53 34 his
908 1489 102 35 blood
1028 1490 145 34 without
1191 1490 52 34 his
1261 1490 201 43 knowledge
1480 1501 37 24 or

304 1538 176 34 consent.”
500 1538 180 43 Bradford
696 1550 30 22 v.
746 1538 170 41 Johnson,
937 1540 67 33 237
1024 1539 92 34 N.C.
1139 1540 78 40 572,
1238 1541 42 32 75
1302 1540 126 34 S.E.2d
1449 1541 67 33 632

306 1587 137 42 (1953).
471 1588 65 33 We
560 1598 59 24 are
644 1588 186 34 convinced
855 1588 77 35 that
957 1589 59 34 the
1041 1589 163 44 majority
1228 1589 74 34 rule
1326 1589 123 35 should
1474 1590 43 34 be

304 1636 137 44 applied
462 1642 35 29 to
518 1637 58 34 the
596 1637 89 35 facts
706 1638 181 44 presented
908 1638 45 44 by
973 1639 59 34 the
1051 1649 80 24 case
1151 1639 119 34 before
1289 1650 50 23 us.

395 1712 173 34 Reversed
585 1712 68 34 and
670 1713 188 34 remanded
875 1713 54 34 for
945 1713 59 34 the
1020 1718 99 39 entry
1134 1713 40 35 of
1187 1725 20 23 a
1223 1713 122 35 decree
1361 1714 154 44 quieting

303 1761 76 34 title
399 1761 34 34 in
453 1762 59 34 the
532 1762 186 43 appellant.

394 1837 159 40 Purtle,
574 1837 43 40 J.,
638 1842 60 29 not
718 1837 255 44 participating.
