1639 2697
434 426 140 43 remedy
592 426 39 34 of
646 436 20 23 a
684 425 157 35 mistrial.
859 426 93 34 That
969 426 60 34 the
1046 426 128 34 State’s
1191 425 74 35 first
1282 426 148 40 witness,
1450 426 70 34 Mr.

434 474 84 36 Carl
535 475 174 34 Stuecken
727 475 62 34 has
806 475 87 35 been
910 475 170 34 admitted
1098 480 35 29 to
1150 476 59 33 the
1226 475 127 34 Baxter
1371 475 150 34 General

434 524 160 43 Hospital
611 525 54 34 for
681 535 205 32 emergency
902 535 152 32 surgery,
1071 524 28 34 is
1116 524 172 44 presently
1305 524 34 35 in
1355 524 167 35 intensive

433 584 89 24 care.
539 575 38 33 In
591 574 237 34 conversation
842 573 83 35 with
939 574 59 34 the
1011 573 148 35 doctor’s
1173 579 183 38 secretary,
1371 574 149 43 through

434 624 58 34 the
502 623 147 40 doctors,
660 623 44 34 he
713 623 28 35 is
752 623 34 35 in
796 623 133 35 critical
939 623 185 35 condition.
1137 625 56 33 He
1203 623 27 34 is
1241 629 59 29 not
1310 623 166 44 expected
1487 629 35 29 to

433 673 43 34 be
490 673 180 40 available,
685 678 60 29 out
759 673 39 34 of
809 673 166 35 intensive
989 684 80 24 care
1082 673 54 34 for
1149 674 59 33 the
1222 678 81 29 next
1317 679 67 29 two
1398 674 122 40 weeks,

432 723 68 34 due
512 727 35 29 to
560 723 58 34 the
630 727 124 30 nature
765 723 40 34 of
814 722 59 34 the
884 733 142 32 surgery
1039 723 68 34 and
1120 723 51 34 his
1184 728 138 38 present
1333 722 186 35 condition.

315 285 62 34 168

522 798 75 34 The
618 798 100 34 State
740 798 146 34 submits
908 798 76 34 that
1005 799 71 33 Mr.
1100 798 174 34 Stuecken
1296 799 27 33 is
1346 810 20 23 a
1388 798 132 35 critical

432 847 137 34 witness
582 846 69 36 and
665 847 77 34 that
755 847 200 43 everything
968 848 77 34 that
1058 848 93 34 flows
1165 848 91 34 from
1269 848 53 34 his
1336 848 185 43 testimony

432 896 68 36 and
524 907 89 24 were
637 896 43 35 he
704 902 59 29 not
787 897 91 40 here,
904 897 76 35 that
1004 897 59 34 the
1086 897 128 35 State’s
1238 908 80 24 case
1341 897 112 35 would
1478 898 42 34 be

432 946 235 35 emasculated
708 946 109 36 under
858 947 59 34 the
958 947 146 44 hearsay
1144 947 74 35 rule
1259 947 148 35 because
1448 948 70 34 Mr.

432 997 203 35 Stuecken’s
660 997 186 44 testimony
871 997 73 44 lays
971 1009 19 23 a
1017 997 205 36 foundation
1248 997 54 35 for
1327 998 59 35 the
1411 998 110 35 entire

432 1048 217 44 prosecution
669 1047 40 35 of
726 1048 70 35 Mr.
818 1048 113 35 Jones.

521 1119 199 47 Therefore,
746 1125 59 35 the
830 1124 99 35 State
954 1135 116 25 moves
1095 1125 54 35 for
1174 1125 59 35 the
1258 1125 261 45 extraordinary

431 1174 141 43 remedy
592 1174 39 35 of
648 1174 146 35 mistrial
814 1179 36 30 at
870 1175 68 34 this
958 1175 96 44 point
1074 1175 35 34 in
1129 1176 94 34 time.

522 1250 87 34 MR.
624 1250 166 34 ADAIR:
806 1250 74 34 The
893 1250 142 35 defense
1048 1251 113 34 would
1176 1251 147 43 respond
1338 1252 76 34 that
1428 1251 91 35 from

430 1299 59 35 the
510 1299 177 43 discovery
708 1299 26 35 it
756 1299 112 35 would
890 1305 59 29 not
971 1310 129 34 appear
1122 1301 76 34 that
1221 1301 70 34 Mr.
1315 1301 203 34 Stuecken’s

431 1348 185 44 testimony
625 1359 69 24 was
705 1349 169 35 material.
886 1350 91 34 That
987 1349 98 35 other
1094 1350 176 34 witnesses
1280 1361 59 23 are
1349 1350 170 35 available

430 1397 76 35 who
520 1398 87 34 have
620 1408 116 24 access
751 1404 35 29 to
801 1398 58 35 the
873 1398 134 43 alleged
1021 1399 160 34 material
1195 1399 77 34 that
1287 1400 70 34 Mr.
1373 1400 102 33 Jones
1490 1400 28 33 is

430 1447 133 42 alleged
579 1452 36 29 to
630 1448 87 33 have
733 1447 205 44 wrongfully
954 1448 174 40 obtained,
1145 1447 224 35 information
1386 1459 131 32 wrong-

430 1496 86 43 fully
534 1496 163 34 obtained
716 1496 90 35 from
825 1496 59 35 the
901 1502 197 39 computers
1117 1497 69 34 and
1205 1497 77 34 that
1300 1498 59 34 the
1378 1508 139 32 persons

430 1546 203 43 apparently
649 1550 36 29 to
700 1546 114 34 whom
831 1546 58 34 the
905 1546 224 35 information
1145 1557 70 24 was
1232 1546 171 44 allegedly
1418 1547 99 42 given

429 1605 59 24 are
504 1595 172 43 presently
691 1595 34 34 in
741 1595 59 35 the
814 1601 207 29 courtroom.
1038 1596 199 41 Therefore,
1253 1596 68 35 this
1337 1596 137 35 witness
1489 1597 28 34 is

429 1649 59 30 not
502 1655 20 24 a
537 1645 159 35 material
711 1645 136 35 witness
863 1646 68 34 and
946 1646 59 35 the
1018 1646 131 34 motion
1164 1646 54 35 for
1232 1646 147 35 mistrial
1394 1646 122 35 should

428 1695 44 34 be
492 1694 133 36 denied.

519 1772 97 34 THE
646 1771 176 36 COURT:
853 1772 74 35 The
956 1773 132 34 motion
1117 1773 54 35 for
1200 1773 147 35 mistrial
1376 1773 68 35 will
1474 1774 43 35 be

428 1822 155 43 granted.

520 1897 86 34 MR.
617 1897 166 35 ADAIR:
795 1898 15 33 I
821 1898 113 34 would
944 1898 68 34 like
1022 1897 53 35 for
1085 1898 59 34 the
1154 1898 113 43 Judge
1276 1904 35 29 to
1321 1899 196 34 reconsider

427 1945 52 35 his
498 1946 122 43 ruling.
640 1946 158 35 Without
816 1957 21 23 a
855 1947 128 43 proffer
1000 1946 40 35 of
1054 1947 109 43 proof,
1182 1948 93 34 what
1293 1948 67 34 this
1379 1948 136 35 witness

427 1995 112 34 would
559 1995 118 44 testify
697 2001 46 36 to,
764 2001 36 30 to
820 2007 57 23 see
897 1996 30 35 if
943 1997 35 34 in
998 1996 73 35 fact
1091 1997 44 34 he
1154 1998 28 34 is
1202 1998 170 34 material.

517 2071 97 34 THE
629 2070 176 36 COURT:
823 2072 14 33 I
852 2072 113 34 would
980 2072 68 34 like
1062 2077 35 29 to
1111 2083 43 33 go
1169 2072 112 35 ahead
1296 2073 68 34 and
1379 2072 136 36 dismiss

427 2120 58 34 the
501 2120 81 43 jury
602 2120 118 35 before
740 2121 59 34 the
819 2121 138 43 proffer.

517 2196 87 34 MR.
615 2196 166 35 ADAIR:
794 2197 14 34 I
819 2194 113 37 would
943 2197 68 35 like
1020 2196 53 35 for
1083 2198 59 34 the
1152 2197 113 44 Judge
1274 2203 35 29 to
1319 2198 195 35 reconsider

426 2245 52 34 his
488 2245 112 43 ruling
610 2244 91 36 after
710 2246 59 34 the
777 2246 129 44 proffer
915 2247 39 34 of
960 2247 109 43 proof.
1080 2248 40 33 In
1130 2248 98 34 other
1237 2248 122 41 words,
1369 2247 94 35 what
1471 2248 44 34 he

426 2305 81 33 may
527 2295 127 43 proffer
675 2306 80 33 may
775 2296 94 34 show
889 2296 44 34 he
952 2296 28 34 is
1000 2301 60 29 not
1080 2307 20 24 a
1121 2297 159 34 material
1301 2298 147 34 witness.

515 2371 97 34 THE
625 2370 177 36 COURT:
815 2371 74 35 The
901 2383 122 24 reason
1035 2372 59 34 the
1106 2372 111 35 Court
1229 2372 27 34 is
1269 2378 59 29 not
1340 2373 174 43 inquiring

425 2420 35 34 in
474 2430 67 33 any
554 2431 96 24 more
663 2420 117 42 detail,
794 2422 16 34 I
823 2421 88 34 have
924 2421 141 44 already
1078 2422 108 34 heard
1199 2433 21 23 a
1233 2423 123 43 couple
1369 2422 38 34 of
1417 2423 98 34 these
