1664 2690
297 264 67 34 624

394 1386 76 33 Tim
490 1386 41 32 D.
557 1384 184 40 Williams,
762 1384 53 34 for
836 1384 186 42 appellant.

393 1464 123 42 Young
537 1464 30 32 &
589 1462 132 43 Finley,
743 1463 54 43 by:
818 1464 123 33 James
960 1464 41 32 K.
1027 1463 131 42 Young,
1179 1462 54 34 for
1254 1462 165 43 appellee.

390 1542 139 34 Steele
551 1543 115 39 Hays,
687 1542 141 34 Justice.

850 1541 74 34 The
945 1542 91 34 issue
1056 1541 82 34 here
1157 1541 28 34 is
1205 1540 154 35 whether
1380 1551 20 23 a
1421 1540 92 35 lease

298 1597 200 38 agreement
519 1591 153 35 between
692 1592 88 34 Jack
799 1591 84 40 Hill,
904 1591 187 44 appellant,
1112 1590 69 35 and
1202 1591 130 34 Bentco
1352 1591 159 42 Leasing,

299 1641 165 44 appellee,
477 1652 69 24 was
559 1641 35 35 in
606 1641 73 35 fact
691 1652 20 23 a
724 1641 71 35 sale
807 1640 80 41 and,
900 1640 183 41 therefore,
1097 1640 134 44 subject
1243 1645 36 30 to
1291 1652 20 23 a
1323 1639 142 36 defense
1476 1640 40 36 of

299 1702 115 33 usury.

390 1772 72 34 Hill
476 1772 119 43 signed
608 1783 20 23 a
642 1772 92 34 lease
746 1771 82 35 with
842 1772 131 34 Bentco
986 1771 53 35 for
1052 1782 20 23 a
1085 1771 183 44 telephone
1280 1776 129 39 system
1421 1775 36 31 to
1470 1771 43 34 be

299 1822 159 35 installed
477 1822 34 34 in
531 1821 101 35 Hill’s
649 1822 216 34 Townhouse
883 1821 116 35 motel.
1018 1821 75 34 The
1110 1826 211 38 agreement,
1340 1821 120 42 signed
1477 1821 35 34 in

299 1871 153 35 October
466 1871 39 35 of
521 1872 98 40 1982,
635 1870 111 35 called
761 1871 53 35 for
828 1871 89 43 sixty
931 1871 158 43 monthly
1103 1876 182 39 payments
1299 1870 39 35 of
1350 1871 161 37 $412.26.

299 1921 73 34 Hill
383 1921 69 35 had
463 1921 103 35 made
576 1921 81 44 only
667 1921 58 34 the
735 1921 73 35 first
820 1926 67 29 two
897 1925 181 39 payments
1090 1921 99 34 when
1199 1920 44 34 he
1253 1920 74 35 sold
1338 1920 59 34 the
1406 1920 106 35 motel

299 1977 35 29 to
346 1972 78 43 Ray
436 1971 183 44 Krayecki.
633 1971 73 34 Hill
718 1970 161 36 assumed
891 1970 173 44 Krayecki
1076 1970 113 35 would
1201 1970 81 35 take
1293 1981 47 33 up
1351 1970 59 34 the
1421 1969 93 35 lease

299 2026 181 39 payments
491 2026 36 29 to
538 2021 130 34 Bentco
678 2020 68 35 and
757 2020 173 44 Krayecki
941 2020 102 35 could
1053 2026 60 29 not
1123 2031 104 32 agree
1236 2030 44 24 on
1291 2025 106 29 terms
1407 2030 37 24 so
1454 2020 60 34 the

299 2076 129 38 system
440 2081 69 24 was
522 2070 215 43 repossessed
749 2071 45 43 by
807 2071 130 34 Bentco
949 2070 34 34 in
996 2071 165 42 January,
1178 2070 99 34 1983.
1292 2071 130 33 Bentco
1433 2069 80 35 filed

299 2120 68 34 suit
381 2121 136 42 against
532 2120 73 34 Hill
619 2120 35 34 in
669 2120 138 40 March,
826 2120 87 34 1983
929 2120 53 34 for
997 2120 162 40 $15,269,
1174 2119 59 34 the
1247 2124 144 30 amount
1404 2119 39 34 of
1454 2119 59 34 the

299 2169 170 44 purchase
484 2169 94 44 price
592 2169 69 35 had
677 2169 73 35 Hill
765 2169 127 35 chosen
907 2174 35 30 to
958 2169 69 43 buy
1042 2169 60 35 the
1116 2174 128 38 system
1259 2168 164 43 outright.
1439 2169 75 34 The

299 2219 104 34 claim
414 2230 69 23 was
495 2218 198 35 non-suited
704 2219 34 33 in
750 2219 90 43 July,
856 2219 99 40 1984,
968 2218 68 35 and
1048 2219 130 34 Bentco
1189 2218 118 35 refiled
1318 2218 35 34 in
1364 2219 148 42 August,

304 2270 87 33 1984
409 2269 54 34 for
480 2269 138 41 $8,245,
638 2269 58 34 the
713 2279 76 24 sum
807 2268 40 35 of
861 2268 58 34 the
936 2268 92 35 lease
1045 2273 181 39 payments
1244 2268 68 34 due
1329 2278 38 24 as
1384 2267 40 34 of
1438 2267 75 35 that

299 2319 91 34 date.

390 2399 75 34 The
475 2409 80 24 case
566 2410 69 23 was
647 2398 88 35 tried
747 2399 34 34 in
792 2399 211 40 November,
1020 2399 99 34 1984.
1133 2398 72 34 Hill
1217 2397 172 35 defended
1400 2408 43 24 on
1455 2398 60 34 the
