1664 2697
1271 263 65 33 441

218 403 75 34 The
302 402 224 35 chancellor’s
537 402 134 40 decree,
682 403 140 34 entered
833 402 92 44 prior
935 408 35 29 to
980 403 60 34 the
1049 403 144 42 hearing
1203 412 43 25 on
1257 402 83 42 fees,

126 452 158 35 contains
298 452 148 43 findings
460 452 172 44 pertinent
645 458 36 29 to
695 462 62 24 our
771 452 122 35 review
906 452 40 34 of
956 453 60 34 the
1028 451 56 35 fee
1097 451 127 36 award.
1241 452 99 42 First,

126 501 60 36 the
197 502 196 34 chancellor
404 501 108 35 found
524 502 76 34 that
611 502 60 34 the
682 502 113 34 Lanes
806 501 69 35 and
887 502 85 41 LPI,
984 502 77 34 who
1072 502 44 34 he
1126 502 215 35 determined

126 557 37 29 to
175 551 44 35 be
230 562 66 24 one
308 551 68 35 and
388 552 59 34 the
458 562 108 30 same,
578 551 174 35 breached
764 552 89 34 their
866 556 201 38 agreement
1077 557 37 29 to
1125 552 136 34 finance
1272 552 69 35 and

127 602 174 34 breached
315 601 88 34 their
416 601 168 44 fiduciary
597 601 114 35 duties
724 612 37 24 as
775 601 132 35 officers
921 602 69 34 and
1003 601 166 35 directors
1181 601 40 35 of
1232 602 108 35 MPF.

127 651 84 34 This
224 651 103 35 latter
340 651 126 35 breach
478 651 167 35 occurred
657 651 99 35 when
769 651 59 35 the
840 652 112 34 Lanes
965 651 194 45 purchased
1171 651 59 35 the
1243 650 99 36 MPF

127 706 109 30 assets
255 702 242 43 substantially
514 701 109 35 below
642 701 89 35 their
748 702 110 34 value.
879 702 56 34 He
952 701 108 35 found
1078 702 77 34 that
1172 701 59 35 the
1248 701 92 42 land,

128 751 157 43 building
316 751 69 34 and
416 751 201 44 equipment
647 750 40 36 of
714 751 60 35 the
803 751 97 45 plant
930 762 91 25 were
1051 752 152 43 actually
1233 752 109 35 worth

128 802 210 40 $3,042,923
364 802 116 34 rather
504 801 86 35 than
614 802 60 34 the
698 802 209 41 $1,000,000
932 802 59 35 the
1015 802 113 35 Lanes
1152 801 91 46 paid.
1268 802 75 35 The

127 851 198 35 chancellor
348 851 161 35 awarded
532 851 167 44 damages
723 851 54 35 for
799 852 60 35 the
882 852 165 35 breaches
1071 863 38 24 as
1133 852 141 35 follows:
1299 853 44 34 he

128 900 109 36 found
261 902 78 34 that
363 902 98 34 MPF
485 902 177 35 sustained
686 901 165 45 damages
875 902 39 34 of
936 903 210 40 $2,082,542
1171 901 90 36 from
1283 903 61 37 the

129 951 124 35 Lanes’
276 952 169 43 purchase
466 956 36 31 at
523 951 221 35 foreclosure.
766 952 91 35 That
878 957 145 30 amount
1044 952 219 44 represented
1284 953 59 35 the

128 1001 117 34 actual
258 1002 101 34 value
372 1001 39 34 of
422 1002 99 34 MPF
534 1002 76 43 plus
625 1001 150 41 $39,717
789 1002 211 35 foreclosure
1012 1007 102 36 costs,
1128 1003 65 34 less
1207 1002 59 35 the
1278 1013 65 24 one

128 1050 133 35 million
277 1050 80 44 paid
372 1051 45 43 by
431 1051 59 35 the
504 1051 124 35 Lanes.
644 1051 92 34 That
747 1051 184 44 judgment
946 1062 70 24 was
1031 1051 161 35 awarded
1207 1052 136 43 against

128 1099 60 35 the
199 1100 113 35 Lanes
323 1100 68 34 and
402 1101 74 34 LPI
483 1100 126 44 jointly
620 1100 69 35 and
699 1100 166 44 severally
875 1101 69 34 and
955 1111 70 25 was
1036 1106 36 29 to
1083 1101 43 35 be
1136 1101 152 35 satisfied
1299 1102 45 43 by

128 1149 60 35 the
202 1150 103 34 offset
318 1149 40 34 of
368 1150 59 34 the
441 1151 211 40 $3,000,000
666 1156 81 29 note
760 1150 96 35 owed
871 1155 35 30 to
920 1151 74 34 LPI
1009 1150 46 44 by
1069 1151 100 34 MPF
1182 1150 39 35 of
1231 1151 112 35 which

128 1199 60 35 the
199 1200 168 43 principal
378 1211 77 23 sum
466 1199 40 35 of
515 1200 210 41 $2,316,392
737 1211 69 24 was
817 1200 69 35 still
897 1201 123 43 owing.
1033 1200 92 35 Over
1136 1211 65 24 one
1212 1201 131 35 million

129 1248 128 36 dollars
282 1250 33 34 in
339 1249 141 35 interest
503 1260 44 24 on
571 1250 59 34 the
653 1255 81 29 note
755 1261 70 24 was
848 1250 188 35 cancelled.
1059 1250 76 35 The
1157 1250 102 36 offset
1281 1250 63 36 left

130 1300 176 40 $233,850
322 1299 68 34 still
406 1300 112 42 owing
534 1310 44 24 on
595 1300 59 34 the
670 1305 90 29 note.
777 1300 75 35 The
867 1300 197 35 chancellor
1080 1300 79 35 held
1176 1300 76 35 that
1268 1301 76 35 that

129 1355 145 29 amount
294 1360 69 24 was
382 1349 96 35 owed
498 1354 36 30 to
553 1349 60 35 the
632 1351 113 33 Lanes
765 1350 67 35 and
853 1350 74 35 LPI
947 1349 69 36 and
1035 1350 90 35 their
1144 1350 200 44 contingent

129 1399 105 35 claim
248 1399 53 35 for
315 1399 76 35 that
405 1410 125 33 money
543 1400 114 35 would
672 1400 43 34 be
728 1400 134 44 subject
875 1405 36 30 to
925 1401 46 34 all
985 1400 136 35 further
1131 1400 212 45 judgments,

129 1454 91 30 costs
241 1449 69 35 and
331 1449 70 35 fees
422 1450 34 34 in
477 1449 60 35 the
556 1449 218 45 proceeding.

220 1528 75 35 The
312 1534 218 38 controversy
547 1529 35 34 in
599 1529 68 35 this
685 1539 79 25 case
781 1529 27 35 is
825 1529 120 35 rooted
962 1530 35 34 in
1014 1529 60 35 the
1089 1529 202 45 disposition
1308 1530 40 35 of

130 1578 175 41 $400,000
320 1577 39 35 of
371 1579 99 34 MPF
483 1584 121 30 assets.
620 1580 49 34 At
682 1579 60 35 the
755 1579 123 35 earlier
893 1579 210 36 foreclosure
1116 1580 155 43 hearing,
1285 1580 61 35 the

129 1628 199 35 chancellor
342 1628 79 35 held
437 1629 77 35 that
530 1629 100 35 MPF
644 1629 113 35 would
773 1629 111 36 retain
899 1640 20 25 a
935 1629 68 36 lien
1018 1640 45 24 on
1079 1630 174 42 $400,000
1268 1630 76 45 plus

130 1679 143 35 interest
286 1678 39 36 of
335 1679 42 35 its
390 1685 119 30 assets.
524 1680 83 34 This
620 1685 145 30 amount
777 1691 70 24 was
860 1679 172 36 sheltered
1044 1680 92 35 from
1148 1681 60 34 the
1221 1680 123 36 Lanes’

130 1729 219 44 bankruptcy
360 1729 223 44 proceedings
596 1730 34 34 in
642 1730 117 35 North
771 1730 164 35 Carolina
948 1729 69 36 and
1028 1730 63 35 has
1103 1730 87 35 been
1201 1731 143 43 earning

130 1779 144 34 interest
302 1779 94 34 since
425 1779 194 35 December
648 1780 56 40 29,
739 1781 98 33 1980.
867 1780 75 34 The
971 1781 79 39 lien,
1080 1780 83 35 with
1192 1780 152 42 interest,

130 1834 162 29 amounts
313 1833 35 29 to
368 1839 79 24 over
467 1829 176 40 $540,000
663 1829 69 34 and
752 1829 28 34 is
800 1829 35 35 in
855 1829 60 34 the
934 1829 80 35 trial
1034 1830 127 34 court’s
1182 1830 154 44 registry.

220 1907 76 34 The
305 1911 175 40 attorneys
491 1906 54 35 for
556 1908 100 34 MPF
665 1907 69 35 and
744 1908 60 34 the
814 1908 162 44 Millsaps
986 1908 150 44 brought
1146 1919 20 24 a
1176 1908 104 35 claim
1291 1908 54 35 for

129 1957 189 43 attorneys’
331 1955 71 36 fees
413 1956 40 35 of
462 1957 234 41 $422,977.50
708 1957 53 35 for
773 1957 144 35 services
929 1957 168 36 rendered
1108 1959 81 44 only
1199 1963 36 30 to
1247 1958 99 35 MPF

130 2006 54 34 for
195 2006 59 34 the
265 2006 186 35 derivative
462 2006 126 36 action.
600 2008 75 34 The
686 2007 104 35 claim
801 2007 220 44 represented
1033 2008 104 41 6,512
1148 2008 103 35 hours
1262 2008 83 35 with

129 2056 124 44 hourly
271 2056 72 35 fees
362 2057 145 43 ranging
526 2056 91 35 from
636 2058 151 37 $112.50
805 2063 36 29 to
860 2058 138 37 $30.00.
1017 2058 75 34 The
1110 2062 98 31 court
1226 2057 80 36 held
1324 2069 21 24 a

129 2106 146 43 hearing
286 2117 44 24 on
339 2106 60 35 the
409 2107 104 34 claim
523 2107 69 34 and
603 2107 152 35 detailed
764 2107 186 44 testimony
961 2108 39 34 of
1006 2107 61 35 the
1076 2108 105 35 hours
1191 2113 100 39 spent
1299 2108 46 44 by

129 2161 59 30 ten
199 2161 177 38 attorneys
386 2167 44 24 on
441 2157 59 34 the
510 2167 80 24 case
600 2167 70 25 was
681 2157 190 35 submitted
881 2157 158 44 together
1049 2158 83 34 with
1143 2158 116 35 actual
1270 2163 75 30 out-

129 2205 179 44 of-pocket
324 2212 100 29 costs.
442 2207 117 34 James
577 2207 37 34 B.
633 2207 94 34 Blair
743 2207 69 35 and
828 2207 39 35 E.
884 2208 30 33 J.
933 2207 87 41 Ball,
1037 2212 68 30 two
1120 2208 225 44 experienced

130 2260 188 39 attorneys,
336 2256 181 43 presented
534 2256 89 35 their
640 2262 119 38 expert
775 2257 139 44 opinion
931 2256 40 36 of
984 2258 221 43 appropriate
1222 2257 71 35 fees
1310 2258 35 34 in

130 2316 97 24 cases
240 2306 85 35 such
337 2317 38 23 as
387 2306 67 35 this
466 2317 75 24 one.
555 2307 97 44 They
663 2307 150 35 testified
825 2312 36 30 at
873 2307 119 44 length
1004 2307 69 34 and
1085 2304 191 39 concluded
1287 2307 59 35 the

131 2356 188 44 attorneys’
331 2356 72 35 fees
415 2356 148 36 claimed
575 2368 90 24 were
676 2357 213 36 reasonable.
902 2358 140 43 Among
1053 2357 60 35 the
1124 2357 128 36 factors
1265 2358 82 44 they

130 2406 203 35 considered
356 2406 34 35 in
412 2407 89 35 their
523 2406 268 36 determination
814 2417 89 25 were
925 2407 59 35 the
1006 2408 202 43 experience
1229 2407 40 35 of
1287 2408 60 35 the
