1672 2706
141 395 223 34 Handleman
393 396 168 33 National
592 395 95 34 Book
716 396 193 43 Company,
938 395 73 34 also
1039 396 123 33 known
1191 406 37 23 as
1258 396 95 33 Han-

140 444 152 41 dleman,
309 445 70 34 Inc.
397 444 223 35 Handleman
636 444 191 44 responded
842 456 44 23 on
902 445 90 34 June
1008 446 31 39 5,
1060 445 86 34 1985
1164 445 45 43 by
1224 444 95 43 filing
1335 456 20 23 a

139 494 142 35 verified
305 494 216 35 “Garnishee
544 494 221 35 Disclosure”
788 495 129 43 stating
940 494 77 35 that
1040 494 222 35 Handleman
1285 506 70 23 was

141 544 164 35 indebted
324 549 35 29 to
377 544 160 35 Rebecca
557 545 69 33 Lee
645 544 114 34 Bohra
778 544 34 34 in
830 544 59 34 the
908 550 144 29 amount
1070 544 39 35 of
1125 545 137 36 $77.02.
1281 544 75 35 The

141 604 163 33 response
320 605 70 24 was
408 594 159 43 stamped
585 593 35 35 in
638 594 60 34 the
715 594 122 34 clerk’s
855 594 99 34 office
970 594 84 34 with
1071 594 60 35 the
1147 594 94 35 word
1260 594 95 34 “An-

141 644 121 41 swer”,
280 644 62 34 but
359 655 42 23 no
418 644 126 34 “filed”
562 650 115 37 stamp
694 655 69 24 was
780 644 117 34 shown
913 654 44 24 on
974 644 60 34 the
1050 655 161 32 response
1227 644 68 35 and
1312 655 43 24 no

141 704 88 33 copy
249 693 39 35 of
305 694 59 34 the
383 704 161 33 response
564 704 70 24 was
655 699 75 29 sent
750 699 36 29 to
806 694 213 43 Travelodge
1039 705 38 23 or
1097 694 43 34 its
1161 699 168 38 attorney.

1333 254 20 34 On

1310 254 19 34 VO

1288 255 16 33 CO

234 770 57 34 On
307 770 88 34 June
411 771 55 39 21,
486 771 101 40 1985,
604 770 158 44 thinking
778 770 76 35 that
870 782 44 23 no
929 781 133 24 answer
1077 770 69 35 had
1162 771 86 34 been
1264 770 92 41 filed,

141 819 215 44 Travelodge
379 820 82 35 took
484 831 20 23 a
530 820 135 35 default
685 820 185 44 judgment
894 820 137 43 against
1056 820 222 35 Handleman
1302 820 54 35 for

143 870 221 41 $14,366.96.
380 870 104 35 Some
498 876 68 29 two
580 871 112 34 weeks
707 871 87 34 later
809 870 223 35 Handleman
1047 871 122 34 moved
1183 876 36 30 to
1233 876 51 30 set
1298 871 59 35 the

139 920 186 44 judgment
345 921 95 34 aside
459 920 69 35 and
547 921 216 43 Travelodge
781 920 169 44 objected.
972 921 102 35 After
1095 932 20 23 a
1135 921 143 44 hearing
1297 921 61 35 the

143 971 197 35 chancellor
360 971 176 35 sustained
556 972 60 34 the
636 971 130 35 motion
787 971 68 35 and
875 971 146 35 vacated
1041 972 60 34 the
1116 972 194 43 judgment.

234 1048 213 43 Travelodge
463 1058 125 33 argues
605 1048 77 34 that
698 1048 130 34 several
845 1048 188 44 provisions
1051 1048 39 35 of
1104 1049 59 34 the
1179 1050 178 33 Arkansas

144 1098 108 34 Rules
262 1097 39 34 of
309 1097 89 34 Civil
407 1097 195 35 Procedure
612 1108 89 24 were
710 1098 160 34 violated:
881 1098 92 34 Rule
984 1098 88 43 5(c),
1083 1098 112 34 which
1205 1098 152 43 requires

144 1147 76 34 that
230 1147 45 34 all
285 1157 122 33 papers
417 1146 90 35 after
516 1147 60 35 the
584 1148 190 43 complaint
783 1147 159 44 required
950 1152 36 30 to
996 1148 43 34 be
1047 1148 119 34 served
1175 1159 44 23 on
1228 1159 20 23 a
1257 1153 100 38 party

143 1207 38 23 or
191 1197 52 34 his
254 1201 158 39 attorney
421 1196 88 35 shall
519 1197 43 34 be
571 1196 81 35 filed
662 1197 82 34 with
754 1197 59 34 the
822 1197 94 35 clerk
925 1197 119 34 before
1054 1197 128 35 service
1191 1209 38 23 or
1238 1197 119 35 within

144 1257 21 23 a
177 1246 204 34 reasonable
392 1247 85 33 time
488 1246 202 41 thereafter,
703 1247 143 42 bearing
858 1247 60 34 the
929 1246 83 35 date
1024 1246 69 35 and
1105 1247 85 34 time
1201 1247 40 34 of
1250 1247 108 43 filing;

143 1296 131 34 ARCP
294 1295 110 43 10(a),
423 1296 175 43 requiring
615 1307 20 23 a
652 1296 162 43 pleading
830 1301 36 29 to
882 1296 140 35 contain
1039 1308 20 23 a
1076 1297 139 43 caption
1232 1297 126 43 setting

143 1344 94 35 forth
249 1345 59 35 the
318 1356 103 24 name
430 1344 39 35 of
477 1346 59 33 the
547 1350 109 36 court,
668 1346 59 34 the
737 1345 76 35 title
822 1345 39 35 of
868 1346 60 34 the
938 1346 126 41 action,
1076 1346 59 34 the
1145 1346 57 34 file
1212 1346 146 35 number

143 1394 70 35 and
222 1406 20 23 a
251 1394 216 44 designation
477 1406 38 23 as
524 1395 35 34 in
568 1395 129 34 ARCP
706 1395 91 35 Rule
806 1395 90 43 7(a);
907 1395 68 35 and
985 1396 91 34 Rule
1085 1395 88 43 5(e),
1183 1396 174 44 requiring

144 1445 77 34 that
235 1456 20 23 a
270 1445 160 43 pleading
444 1445 88 34 shall
545 1445 140 35 contain
700 1457 20 23 a
734 1450 186 30 statement
933 1445 77 35 that
1024 1446 26 34 it
1063 1446 63 34 has
1140 1446 86 34 been
1240 1446 118 35 served

144 1505 92 33 upon
257 1494 60 35 the
336 1495 165 44 opposing
522 1499 101 40 party
643 1506 38 23 or
701 1495 52 35 his
774 1500 168 40 attorney.

376 1571 57 34 On
444 1571 136 44 appeal,
591 1582 52 23 we
654 1571 115 35 affirm
779 1571 59 35 the
849 1572 208 34 chancellor.
1069 1571 250 36 Garnishment
1330 1572 29 34 is

145 1631 21 24 a
188 1620 128 45 special
337 1625 171 40 statutory
529 1621 200 44 procedure.
752 1622 51 34 To
824 1622 59 34 the
903 1627 118 30 extent
1042 1622 59 35 the
1121 1623 238 42 garnishment

145 1670 206 44 procedures
365 1671 195 44 prescribed
574 1672 35 34 in
621 1672 86 34 Ark.
722 1672 89 35 Stat.
825 1673 92 34 Ann.
934 1672 184 43 §§31-501
1135 1672 150 44 through
1299 1674 59 33 31-­

146 1722 68 33 524
228 1721 116 44 (Repl.
362 1722 87 34 1962
462 1721 68 35 and
543 1722 108 43 Supp.
669 1721 104 43 1985)
788 1722 102 35 differ
902 1722 91 35 from
1005 1723 99 34 those
1115 1722 196 44 prescribed
1324 1723 34 34 in

145 1771 60 34 the
227 1771 178 35 Arkansas
430 1772 106 34 Rules
560 1771 40 35 of
621 1772 90 34 Civil
735 1772 203 41 Procedure,
963 1773 60 34 the
1045 1777 147 30 statutes
1216 1773 142 35 control.

144 1821 131 34 ARCP
296 1821 100 43 81(a)
418 1821 167 44 provides:

271 1897 53 43 (a)
338 1897 250 45 Applicability
600 1898 36 34 in
648 1898 162 35 General.
822 1899 112 34 These
947 1899 90 34 rules
1050 1899 89 34 shall
1150 1900 103 43 apply
1265 1904 35 29 to
1312 1899 47 34 all

270 1947 77 34 civil
363 1947 223 44 proceedings
602 1948 203 43 cognizable
819 1948 35 34 in
869 1949 59 34 the
943 1949 133 41 circuit,
1093 1949 181 44 chancery,
1291 1949 68 34 and

270 1997 144 43 probate
423 2003 115 28 courts
548 1998 39 34 of
594 1998 68 33 this
672 1998 100 34 State
782 2004 120 37 except
912 1999 35 33 in
957 1998 98 34 those
1065 1999 172 33 instances
1247 1998 113 34 where

270 2057 20 23 a
314 2051 129 30 statute
465 2047 113 34 which
601 2052 134 29 creates
758 2058 20 23 a
802 2047 102 43 right,
928 2048 142 43 remedy
1093 2058 38 23 or
1153 2047 206 44 proceeding

270 2096 209 43 specifically
494 2096 157 44 provides
667 2107 20 23 a
703 2096 161 35 different
879 2097 190 44 procedure
1084 2096 35 35 in
1134 2097 112 34 which
1261 2102 99 29 event

270 2145 59 34 the
349 2142 189 47 procedure
558 2157 37 24 so
615 2145 163 44 specified
798 2146 88 35 shall
906 2147 114 43 apply.

144 2221 75 34 The
232 2221 205 44 procedures
451 2221 159 35 followed
623 2221 45 44 by
680 2222 60 34 the
752 2221 389 44 defendant-garnishee
1153 2222 35 34 in
1200 2223 68 34 this
1280 2233 80 24 case

145 2281 90 24 were
255 2271 187 34 consistent
462 2271 83 34 with
565 2272 60 34 the
645 2271 238 43 garnishment
903 2276 158 37 statutes,
1083 2271 69 35 and
1172 2283 89 23 were
1281 2272 79 34 thus

145 2320 232 44 appropriate.

330 2397 74 34 The
420 2397 176 44 authority
611 2396 40 35 of
664 2408 21 23 a
701 2397 196 35 chancellor
912 2402 36 29 to
964 2402 53 30 set
1032 2397 97 35 aside
1144 2409 21 23 a
1177 2397 185 44 judgment
