1648 2696
1233 262 67 34 447

184 400 38 34 In
232 400 220 43 conjunction
461 400 82 35 with
553 401 77 34 that
639 407 193 37 argument,
843 402 171 35 Williams
1024 407 126 30 asserts
1159 403 76 34 that
1243 403 59 34 the

91 449 79 34 trial
183 455 99 29 court
294 450 137 43 applied
443 450 59 35 the
514 461 116 33 wrong
643 451 165 35 standard
820 452 34 34 in
867 452 169 43 releasing
1048 452 132 35 certain
1188 452 114 44 jurors

91 499 77 34 who
184 499 69 35 had
269 500 151 43 scruples
437 501 135 42 against
588 501 59 34 the
662 501 105 35 death
783 502 149 44 penalty.
950 502 172 34 Williams
1138 503 164 34 contends

92 549 59 34 the
162 549 80 35 trial
254 555 98 29 court
363 550 122 34 should
498 550 86 35 have
596 551 157 44 inquired
765 551 30 35 if
802 552 97 34 these
906 552 114 43 jurors
1032 552 102 34 could
1146 558 51 29 set
1208 552 95 35 aside

92 599 90 34 their
199 600 210 34 convictions
426 600 35 34 in
478 600 231 44 determining
726 601 59 34 the
802 601 86 43 guilt
905 612 38 24 or
961 602 187 34 innocence
1165 602 39 34 of
1218 603 84 34 Wil-

92 649 101 34 liams
215 649 119 34 before
355 660 20 24 a
396 655 161 30 sentence
577 650 113 35 would
712 651 43 34 be
775 651 210 35 considered.
1009 651 35 35 If
1062 662 47 31 so,
1132 650 170 37 Williams

92 709 136 33 argues,
249 699 59 34 the
325 699 113 43 jurors
458 700 122 34 should
602 700 87 35 have
709 700 86 35 been
815 701 128 35 seated.

279 776 39 34 In
347 776 221 44 Wainwright
592 788 31 23 v.
654 778 92 40 Witt,
775 778 62 34 105
864 778 96 34 S.Ct.
988 779 68 33 844
1083 778 137 43 (1985),
1245 779 58 34 the

93 825 132 35 United
240 825 116 35 States
371 826 169 44 Supreme
555 827 111 34 Court
680 827 153 35 clarified
848 828 59 34 the
921 828 166 35 standard
1102 833 35 30 to
1152 828 43 35 be
1208 829 95 41 used,

92 875 114 34 which
220 886 70 24 was
305 876 219 43 pronounced
538 877 35 34 in
591 877 241 44 Witherspoon
844 889 31 23 v.
889 877 150 42 Illinois,
1055 879 63 34 391
1137 879 83 34 U.S.
1237 880 66 33 510

95 925 138 43 (1968).
249 925 75 35 The
338 936 122 34 proper
475 926 166 35 standard
657 927 27 34 is
699 927 152 35 whether
865 928 60 34 the
935 928 127 43 juror’s
1075 928 102 34 views
1191 928 113 35 would

93 980 142 38 prevent
246 986 38 23 or
294 975 242 45 substantially
547 976 126 44 impair
683 977 59 34 the
753 977 239 44 performance
1002 978 40 34 of
1049 978 53 34 his
1112 977 112 35 duties
1235 989 37 24 as
1284 989 20 24 a

89 1025 99 42 juror
208 1025 34 34 in
263 1025 213 35 accordance
495 1026 83 35 with
598 1026 53 35 his
671 1026 220 36 instructions
912 1027 69 35 and
1001 1028 93 34 oath.

279 1102 103 35 Since
393 1103 179 34 Arkansas
585 1103 197 43 recognizes
794 1104 59 34 the
864 1104 106 35 death
983 1104 151 44 penalty,
1144 1104 113 44 jurors
1270 1105 34 34 in

93 1162 21 24 a
127 1151 130 44 capital
270 1152 139 35 murder
422 1163 79 24 case
514 1158 93 29 must
620 1153 43 35 be
676 1153 78 35 able
766 1159 35 29 to
814 1154 156 34 consider
983 1154 171 44 imposing
1167 1166 20 23 a
1200 1154 104 35 death

94 1206 162 30 sentence
268 1201 30 35 if
307 1202 81 44 they
401 1213 59 24 are
471 1208 36 29 to
519 1202 154 45 perform
685 1203 89 35 their
786 1203 156 35 function
955 1215 38 23 as
1002 1204 125 43 jurors.
1140 1204 74 35 The
1225 1205 79 34 trial

93 1256 100 30 court
219 1252 167 43 correctly
412 1252 144 35 decided
582 1252 78 35 that
686 1253 97 35 those
808 1253 148 35 excused
978 1254 115 43 jurors
1119 1254 101 35 could
1246 1260 59 29 not

94 1300 154 44 perform
260 1301 89 35 their
360 1301 122 42 duties,
496 1302 149 35 because
657 1303 82 43 they
750 1303 100 34 could
862 1309 60 29 not
933 1303 158 35 consider
1103 1304 169 44 imposing
1284 1315 20 24 a

94 1350 106 35 death
220 1356 171 29 sentence.

186 1427 173 34 Williams
371 1428 117 43 finally
500 1439 124 32 argues
637 1429 76 34 that
725 1429 59 34 the
794 1430 79 34 trial
885 1435 99 29 court
995 1430 99 34 erred
1106 1430 35 34 in
1153 1430 152 43 refusing

94 1481 36 29 to
143 1476 102 34 order
259 1477 120 43 Bobby
392 1477 151 44 Tippett,
558 1478 59 34 the
630 1478 241 42 codefendant,
886 1484 36 29 to
935 1490 133 24 answer
1081 1480 174 43 questions
1270 1485 36 29 at

94 1525 60 35 the
163 1525 203 44 deposition.
378 1527 172 35 Williams
560 1528 182 43 requested
752 1528 58 34 the
820 1529 119 43 taking
948 1528 40 35 of
994 1529 169 44 Tippett’s
1172 1529 132 44 deposi-

94 1575 83 35 tion.
189 1576 75 34 The
273 1581 198 39 prosecutor
481 1576 59 35 did
551 1582 59 30 not
620 1577 115 44 object
745 1583 35 29 to
790 1578 58 35 the
858 1578 120 44 taking
988 1578 39 35 of
1034 1578 60 35 the
1103 1578 201 45 deposition,

94 1625 69 35 and
177 1626 60 35 the
250 1626 79 35 trial
343 1632 97 29 court
453 1627 146 43 granted
613 1628 60 34 the
685 1628 142 41 motion,
841 1628 164 44 provided
1018 1628 140 45 Tippett
1172 1629 68 35 and
1253 1629 52 35 his

94 1681 160 39 attorney
264 1677 136 43 agreed.
411 1679 49 33 At
470 1678 59 34 the
538 1677 204 45 deposition,
753 1678 139 44 Tippett
902 1678 139 35 refused
1051 1684 36 30 to
1097 1690 131 24 answer
1238 1691 68 32 any

93 1726 188 43 questions,
305 1727 160 43 invoking
486 1728 60 34 the
569 1727 94 35 Fifth
685 1728 246 35 Amendment.
956 1729 172 34 Williams
1150 1729 82 34 then
1254 1741 51 23 re-

93 1776 145 43 quested
252 1776 60 34 the
325 1776 79 34 trial
418 1782 98 29 court
530 1782 36 29 to
579 1777 101 35 order
694 1778 140 43 Tippett
847 1783 35 29 to
896 1789 133 24 answer
1042 1778 60 35 the
1115 1778 190 44 deposition

93 1825 188 44 questions.
295 1826 75 34 The
382 1826 79 34 trial
474 1832 99 29 court
586 1826 59 35 did
659 1832 60 29 not
731 1828 74 34 rule
817 1838 44 24 on
874 1828 60 34 the
946 1828 143 41 motion,
1103 1828 147 35 because
1263 1829 43 34 he

94 1875 70 34 had
184 1875 106 34 taken
309 1876 169 43 Tippett’s
498 1876 110 44 guilty
628 1877 78 44 plea
726 1877 108 35 under
854 1877 224 35 advisement.

185 1951 142 45 Tippett
343 1952 68 35 had
428 1953 140 35 entered
584 1953 78 44 plea
678 1954 229 43 negotiations
923 1955 83 34 with
1022 1955 59 34 the
1097 1961 207 38 prosecutor.

94 2002 50 34 As
162 2007 78 39 part
257 2002 39 35 of
309 2002 59 35 the
384 2003 240 43 negotiations,
641 2004 60 34 the
717 2010 198 38 prosecutor
931 2004 127 44 agreed
1074 2005 76 34 that
1167 2016 88 23 none
1270 2005 39 35 of

94 2051 170 44 Tippett’s
276 2052 185 44 testimony
471 2058 37 29 at
519 2053 184 35 Williams’
714 2054 80 34 trial
804 2054 113 34 would
927 2054 44 34 be
981 2054 84 35 used
1076 2055 136 42 against
1223 2055 82 34 him.

95 2101 114 34 When
223 2101 60 35 the
296 2102 130 34 motion
440 2102 54 34 for
506 2103 60 34 the
579 2103 142 43 pretrial
734 2103 192 44 deposition
938 2114 70 24 was
1022 2104 212 41 considered,
1247 2104 60 35 the

95 2156 201 37 prosecutor
306 2151 124 43 agreed
440 2152 77 34 that
527 2163 67 32 any
603 2157 187 29 statement
800 2153 102 34 made
911 2153 46 43 by
965 2153 141 43 Tippett
1115 2153 124 43 during
1248 2154 59 33 the

94 2199 194 44 deposition
301 2200 112 34 would
425 2206 60 28 not
497 2201 44 34 be
552 2201 84 34 used
649 2201 136 43 against
797 2202 83 33 him.
895 2203 178 39 However,
1086 2202 140 43 Tippett
1238 2203 66 33 still

94 2248 140 35 refused
246 2254 37 29 to
294 2260 131 23 answer
437 2250 59 34 the
507 2249 193 44 deposition
712 2251 185 43 questions.
911 2251 172 34 Williams
1095 2262 123 32 argues
1230 2251 76 35 that

94 2298 60 35 the
170 2298 79 35 trial
266 2304 98 29 court
380 2299 98 35 erred
494 2299 45 44 by
555 2300 120 43 taking
691 2300 168 44 Tippett’s
875 2301 78 43 plea
969 2300 109 35 under
1094 2300 213 36 advisement

95 2348 136 35 instead
243 2348 40 35 of
293 2349 199 44 sentencing
505 2350 72 34 him
591 2355 36 29 at
640 2350 77 35 that
730 2350 93 35 time.
838 2351 172 34 Williams
1024 2361 123 33 argues
1160 2351 76 34 that
1248 2351 59 34 the

95 2398 79 34 trial
193 2404 100 29 court
310 2410 69 23 was
398 2399 207 44 attempting
624 2405 36 29 to
678 2400 115 34 insure
810 2400 169 44 Tippett’s
997 2401 186 43 testimony
1201 2406 36 29 at
1254 2401 52 34 his
