1658 2702
136 396 137 43 writing
298 396 45 44 by
367 397 58 34 the
450 396 149 41 insured,
627 397 17 42 §
672 397 164 34 66-4015.
862 397 75 34 The
961 401 130 29 statute
1115 396 151 44 requires
1292 396 59 34 the

137 452 182 38 payments
331 446 43 35 be
385 446 102 35 made
498 457 43 23 on
553 457 20 23 a
585 446 157 43 monthly
753 446 102 41 basis,
870 446 17 43 §
901 446 166 40 66-4021,
1080 446 61 34 but
1153 446 25 34 it
1189 445 91 44 gives
1292 445 59 34 the

137 496 134 34 insurer
286 506 19 24 a
321 496 91 43 right
426 495 39 35 of
477 496 288 34 reimbursement
779 496 34 34 in
828 496 59 34 the
901 501 100 29 event
1015 495 59 34 the
1089 495 138 35 insured
1241 500 74 38 gets
1331 506 20 23 a

133 545 186 44 judgment
337 546 135 42 against
489 556 37 23 or
543 546 198 34 settlement
757 546 82 33 with
856 546 60 34 the
932 545 196 41 tortfeasor,
1148 546 17 42 §
1185 545 164 35 66-4019.

137 595 141 35 Section
300 596 152 34 66-4019
474 595 167 43 provides:

1281 255 64 33 401

477 672 165 34 Insurers’
665 671 108 43 rights
793 671 39 35 of
849 672 288 34 reimbursement

354 748 193 34 Whenever
562 759 20 23 a
598 747 166 45 recipient
778 748 40 34 of
829 748 140 35 Section
989 747 74 44 1(a)
1080 748 69 35 and
1166 748 53 43 (b)
1241 748 33 43 [§
1292 749 59 33 66-

263 798 148 42 4014(a)
425 797 68 35 and
507 797 70 43 (b)]
594 798 145 35 benefits
750 809 154 24 recovers
916 799 34 34 in
962 803 69 29 tort
1042 798 54 34 for
1107 799 124 43 injury,
1243 798 109 35 either

263 847 45 44 by
322 848 196 34 settlement
532 859 38 23 or
580 848 196 43 judgment,
791 848 59 34 the
863 849 133 34 insurer
1011 849 127 43 paying
1152 848 83 35 such
1250 848 101 34 bene-

263 898 55 34 fits
332 898 61 34 has
406 909 19 23 a
438 898 92 42 right
542 897 39 35 of
591 898 287 35 reimbursement
891 898 68 35 and
972 898 110 34 credit
1093 904 61 29 out
1166 899 39 34 of
1213 898 59 35 the
1284 903 69 30 tort

264 958 159 34 recovery
451 958 37 24 or
515 948 210 40 settlement,
752 948 66 34 less
845 948 60 35 the
932 953 74 30 cost
1033 948 38 34 of
1096 948 191 41 collection,
1315 959 38 24 as

265 998 209 35 hereinafter
486 998 147 35 defined.
648 998 58 35 All
719 1003 90 30 costs
821 998 39 35 of
869 998 182 35 collection
1064 998 138 35 thereof
1210 998 87 35 shall
1311 998 43 35 be

264 1048 154 35 assessed
429 1048 136 43 against
575 1048 133 35 insurer
718 1048 69 35 and
797 1048 138 35 insured
946 1049 34 34 in
991 1048 59 35 the
1059 1049 198 44 proportion
1267 1049 85 35 each

265 1098 143 35 benefits
422 1098 90 35 from
525 1099 85 34 such
623 1109 171 33 recovery.
808 1098 84 35 Said
906 1099 133 35 insurer
1052 1099 88 34 shall
1153 1099 86 35 have
1251 1110 20 23 a
1285 1098 67 35 lien

264 1158 91 33 upon
386 1148 74 35 said
490 1159 161 33 recovery
682 1154 35 29 to
746 1148 60 34 the
835 1154 117 29 extent
982 1148 39 34 of
1048 1149 43 34 its
1121 1149 74 34 said
1226 1148 127 35 benefit

264 1204 192 37 payments.

141 1274 70 34 Ms.
223 1273 204 35 Carnathan
436 1273 167 35 contends
613 1274 59 34 the
681 1279 130 29 statute
819 1275 129 43 clearly
957 1273 106 35 limits
1074 1275 104 34 Farm
1187 1275 166 34 Bureau’s

140 1333 162 33 recovery
321 1328 36 29 to
377 1324 58 34 the
455 1334 77 23 sum
553 1324 26 34 it
599 1324 81 43 paid
701 1323 65 35 less
787 1329 73 29 cost
879 1324 40 34 of
936 1324 191 35 collection.

231 1399 75 34 The
327 1410 138 24 essence
486 1399 39 34 of
545 1400 103 34 Farm
671 1400 166 34 Bureau’s
859 1406 143 29 counter
1024 1406 183 37 argument
1228 1400 28 34 is
1277 1400 77 35 that

140 1449 150 34 because
304 1449 69 34 Ms.
389 1449 205 35 Carnathan
607 1449 60 35 did
680 1454 60 30 not
753 1449 179 35 introduce
946 1449 59 35 the
1018 1450 113 43 policy
1144 1450 35 34 in
1192 1449 162 35 evidence

140 1509 52 24 we
205 1498 45 34 do
265 1503 59 29 not
339 1499 97 34 know
451 1499 154 34 whether
619 1499 61 34 she
694 1499 150 42 rejected
858 1500 60 34 the
932 1510 44 24 no
990 1499 90 34 fault
1094 1510 176 32 coverage,
1286 1499 68 35 and

140 1548 81 34 thus
241 1559 52 23 we
312 1554 126 29 cannot
458 1559 61 32 say
539 1549 59 34 the
618 1553 130 30 statute
768 1549 27 34 is
816 1549 58 34 the
894 1548 92 35 basis
1006 1548 40 35 of
1064 1550 104 33 Farm
1188 1549 166 34 Bureau’s

140 1597 225 43 subrogation
385 1597 113 36 claim.

233 1674 104 34 Farm
358 1675 136 35 Bureau
515 1674 28 35 is
564 1680 143 29 correct.
731 1675 65 34 We
816 1681 127 29 cannot
963 1675 59 35 tell
1043 1675 91 35 from
1155 1676 59 35 the
1234 1675 119 35 record

140 1723 121 36 before
275 1735 41 24 us
331 1725 153 34 whether
498 1725 27 34 it
540 1725 70 35 had
627 1736 20 24 a
663 1725 92 35 basis
770 1725 54 35 for
839 1726 43 34 its
898 1726 224 43 subrogation
1138 1726 104 35 claim
1257 1726 98 35 other

140 1775 85 34 than
241 1774 59 35 the
314 1780 171 39 statutory
500 1786 65 24 one
579 1775 113 35 which
707 1775 113 35 would
835 1776 136 44 require
985 1776 26 34 it
1026 1781 36 29 to
1076 1787 68 33 pay
1158 1777 59 34 the
1231 1781 73 30 cost
1318 1776 40 35 of

140 1824 192 35 collection.
357 1825 74 35 The
454 1836 121 24 reason
599 1837 51 23 we
672 1826 88 34 have
782 1837 44 23 no
849 1826 85 35 such
957 1826 120 35 record
1101 1826 27 35 is
1151 1827 77 34 that
1252 1827 103 34 Farm

141 1875 139 34 Bureau
292 1885 69 24 was
375 1880 59 29 not
446 1886 20 23 a
479 1880 101 39 party
592 1880 35 30 to
640 1876 60 34 the
711 1875 182 43 litigation.
908 1877 31 33 It
951 1876 63 34 has
1027 1876 80 34 filed
1120 1887 44 23 no
1176 1876 178 44 pleadings

139 1924 131 43 stating
291 1924 42 34 its
354 1925 113 34 claim.
488 1925 69 34 See
576 1925 85 34 Ark.
684 1926 42 33 R.
749 1925 74 34 Civ.
845 1926 35 33 P.
904 1924 90 44 8(a).

326 2000 113 34 When
447 2000 60 33 the
511 2000 186 42 judgment
705 2011 70 23 was
785 2001 140 33 entered
933 2000 198 43 dismissing
1140 2001 59 34 the
1207 2000 104 35 claim
1319 2000 39 34 of

141 2049 70 34 Ms.
228 2048 204 35 Carnathan
446 2049 137 43 against
597 2049 59 35 the
669 2049 98 35 other
781 2049 122 42 driver,
918 2050 77 34 who
1008 2061 70 23 was
1092 2050 59 35 the
1164 2051 80 42 only
1257 2050 98 34 other

140 2103 102 39 party
257 2103 36 29 to
308 2099 59 34 the
382 2099 78 40 suit,
477 2099 60 34 the
552 2110 80 24 case
647 2110 70 24 was
733 2110 89 24 over.
838 2101 129 34 Austin
981 2111 31 23 v.
1028 2101 139 40 Austin,
1185 2100 63 34 241
1268 2100 85 35 Ark.

140 2149 161 40 634, 409
314 2148 143 35 S.W.2d
469 2150 66 33 833
551 2149 138 43 (1966);
701 2149 148 35 Mutual
859 2150 77 44 Life
946 2151 190 33 Insurance
1149 2151 59 34 Co.
1222 2149 46 44 of
1270 2151 86 33 New

143 2198 134 35 York v.
289 2198 161 44 Phillips,
462 2200 66 33 205
540 2199 85 34 Ark.
638 2199 313 40 432, 169 S.W.2d
966 2201 65 32 132
1043 2199 137 43 (1943).
1192 2199 74 35 The
1276 2200 79 34 trial

140 2252 100 30 court
250 2248 123 34 lacked
380 2248 219 43 jurisdiction
609 2254 36 29 to
655 2249 45 35 do
711 2249 166 43 anything
889 2249 135 35 further
1034 2249 35 34 in
1079 2250 60 34 the
1149 2260 89 24 case.
1249 2249 108 44 Haft-­

142 2298 130 34 Gaines
295 2298 59 34 Co.
377 2310 30 23 v.
428 2298 173 41 Reddick,
625 2300 67 33 350
713 2298 58 34 So.
794 2299 44 34 2d
861 2300 65 34 818
951 2298 89 43 (Fla.
1066 2299 118 43 1977);
1207 2299 151 35 General

140 2349 143 33 Motors
301 2349 218 43 Acceptance
541 2349 234 43 Corporation
793 2360 30 23 v.
847 2350 201 43 Carpenter,
1071 2350 66 34 576
1158 2348 85 36 P.2d
1267 2350 88 34 1166

143 2397 119 43 (Okla.
289 2398 116 42 1978).
