1648 2688
120 429 52 23 we
181 423 128 29 cannot
320 417 101 45 fairly
431 429 61 32 say
502 418 77 34 that
589 418 166 34 Russell’s
766 418 146 34 election
923 423 59 29 not
992 423 35 29 to
1037 418 119 43 testify
1166 429 69 23 was
1246 423 60 29 not
1316 429 20 23 a

121 467 113 35 factor
245 467 34 35 in
289 468 60 34 the
354 468 136 43 judge’s
501 467 268 35 determination
779 468 39 34 of
825 468 97 43 guilt.
935 468 66 34 We
1010 468 137 41 realize,
1158 468 39 34 of
1204 479 132 30 course,

120 517 78 35 that
207 517 115 43 jurors
337 517 68 35 and
418 518 79 34 trial
507 517 125 44 judges
646 517 69 35 and
729 518 173 44 appellate
911 518 126 43 judges
1050 518 45 34 do
1108 518 156 34 consider
1278 518 59 34 the

120 567 129 35 silence
259 567 40 35 of
307 578 44 24 an
363 567 148 35 accused
511 567 44 35 —
555 567 80 35 that
647 567 28 35 is
686 568 195 43 something
892 579 45 23 no
947 579 66 23 one
1023 568 102 34 could
1137 568 97 44 expel
1246 568 91 34 from

121 617 53 34 his
199 617 98 35 mind
297 617 44 35 —
341 617 65 35 but
429 618 98 34 when
551 618 77 34 that
651 617 254 35 consideration
929 618 28 34 is
980 618 104 34 made
1107 629 20 23 a
1151 623 127 30 matter
1301 618 39 34 of

121 667 133 41 record,
275 667 27 35 it
321 672 127 30 cannot
468 667 43 35 be
530 667 234 44 disregarded.

1267 278 67 33 257

213 746 75 34 The
301 746 100 35 State
415 756 123 33 argues
552 746 77 35 that
643 757 44 24 no
701 746 172 44 objection
887 758 71 23 was
972 746 104 35 made
1089 752 35 29 to
1138 747 59 34 the
1210 747 127 35 court’s

122 796 167 41 remarks,
300 796 62 34 but
370 796 177 44 obviously
556 807 45 24 an
610 796 172 44 objection
792 797 113 34 would
914 797 88 34 have
1010 797 88 34 been
1107 797 110 35 futile.
1227 798 34 33 A
1270 797 67 35 bell

122 851 128 29 cannot
260 846 43 34 be
312 857 146 32 unrung,
468 857 61 24 nor
539 846 60 35 ink
607 846 121 35 erased
738 846 90 35 from
837 847 59 34 the
905 858 103 23 snow.
1020 848 66 34 For
1095 847 77 35 that
1181 858 121 24 reason
1312 847 26 35 it

122 906 82 33 goes
230 896 125 35 almost
380 896 145 35 without
550 897 121 43 saying
697 897 76 34 that
798 908 20 23 a
844 897 118 35 retrial
988 903 93 29 must
1106 898 43 34 be
1174 897 118 35 before
1317 909 20 23 a

122 945 164 35 different
302 946 117 43 judge.

215 1024 173 35 Reversed
409 1025 68 34 and
498 1025 200 35 remanded.

215 1103 160 40 Purtle,
396 1104 42 40 J.,
459 1108 60 29 not
539 1103 257 44 participating.

258 1383 131 34 Dennis
410 1384 75 34 Rex
505 1384 162 34 STORY
688 1395 28 23 v.
738 1384 268 35 AMERICAN
1027 1384 178 35 STATES

452 1434 292 35 INSURANCE
764 1434 248 35 COMPANY

124 1512 130 34 85-277

1018 1515 68 33 704
1106 1514 143 35 S.W.2d
1274 1516 64 33 162

453 1590 171 44 Supreme
644 1591 111 34 Court
775 1590 39 35 of
830 1592 179 34 Arkansas

366 1640 151 44 Opinion
537 1640 173 35 delivered
732 1641 175 43 February
928 1642 55 40 24,
1009 1642 88 34 1986
