1656 2693
298 274 66 34 276

387 414 75 33 The
477 419 98 29 court
592 412 156 35 declined
765 417 35 29 to
817 412 100 34 order
934 423 67 32 any
1018 411 133 35 further
1168 411 178 42 screening
1363 410 68 35 and
1448 410 59 34 the

292 464 82 42 jury
383 462 107 35 found
500 463 126 43 Phillip
636 463 118 33 Vance
763 462 120 43 guilty,
894 462 166 42 rejecting
1070 461 185 43 testimony
1265 461 45 43 by
1319 471 20 23 a
1349 459 156 44 psychia-

296 513 77 34 trist
394 513 76 33 who
491 512 182 35 examined
695 512 118 33 Vance
833 517 36 29 at
890 511 59 34 the
969 511 178 34 Arkansas
1168 511 100 34 State
1290 509 160 45 Hospital
1472 509 34 34 in

297 563 164 42 January,
487 563 98 39 1985,
607 561 68 35 and
696 560 68 35 had
784 560 188 44 diagnosed
992 560 73 34 him
1085 571 37 23 as
1143 559 125 44 having
1289 571 20 23 a
1330 559 177 44 psychotic

297 611 119 36 illness
416 611 43 36 —
459 611 142 36 chronic
609 611 271 44 schizophrenia,
890 610 167 45 paranoid
1066 615 91 39 type,
1167 610 82 34 with
1258 614 102 30 acute
1369 619 136 24 exacer-

297 662 129 34 bation.
454 661 216 35 Concurrent
696 666 177 29 sentences
898 660 40 35 of
960 660 106 43 thirty
1092 670 98 33 years
1216 659 54 35 for
1295 658 211 44 aggravated

298 712 145 42 robbery
463 712 68 33 and
551 716 128 38 twenty
698 721 97 33 years
816 710 53 35 for
889 710 89 34 theft
997 710 39 34 of
1052 715 161 38 property
1232 720 89 23 were
1340 708 165 44 imposed.

388 792 119 34 Vance
528 792 61 33 has
611 790 167 44 appealed
799 801 44 24 on
864 791 59 34 the
944 790 147 44 premise
1112 790 76 34 that
1209 790 52 34 his
1282 789 68 34 due
1370 799 136 34 process

297 842 108 42 rights
416 851 89 24 were
515 840 149 35 violated
677 840 44 44 by
733 840 58 34 the
803 840 78 35 trial
893 840 126 34 court’s
1032 839 124 35 failure
1167 845 35 29 to
1213 839 100 35 order
1325 850 21 23 a
1358 838 148 35 forensic

297 891 253 44 psychological
580 890 206 35 evaluation.
818 890 65 35 We
912 890 99 34 think
1040 889 59 35 the
1129 894 183 38 argument
1341 893 92 30 must
1463 888 43 34 be

297 940 186 35 sustained.

480 1022 84 34 Ark.
579 1022 88 34 Stat.
682 1022 91 33 Ann.
790 1021 17 42 §
823 1022 129 33 41-605
967 1019 155 45 provides
1136 1019 76 36 that
1225 1020 99 34 when
1337 1019 59 35 the
1409 1024 98 29 court

298 1072 61 33 has
376 1081 121 25 reason
514 1077 35 28 to
565 1071 130 34 believe
711 1071 129 34 mental
857 1070 133 35 disease
1005 1080 38 24 or
1059 1069 115 35 defect
1190 1070 39 34 of
1242 1070 59 34 the
1317 1068 190 35 defendant

297 1121 68 34 will
379 1121 142 34 become
535 1132 43 23 an
592 1121 101 40 issue,
707 1131 38 23 or
759 1120 96 34 there
869 1120 27 34 is
910 1130 121 24 reason
1045 1124 35 30 to
1094 1119 108 35 doubt
1216 1120 59 34 the
1287 1118 219 35 defendant’s

296 1171 117 33 fitness
440 1175 35 29 to
501 1170 156 44 proceed,
684 1170 58 34 the
767 1175 98 29 court
891 1170 87 34 shall
1004 1169 100 34 order
1130 1168 76 36 that
1232 1169 59 34 the
1316 1168 189 35 defendant

297 1220 153 43 undergo
464 1220 233 35 examination
711 1219 45 44 by
769 1230 64 23 one
846 1230 38 24 or
898 1230 95 24 more
1005 1218 164 44 qualified
1183 1218 238 45 psychiatrists
1435 1223 36 29 at
1484 1228 21 24 a

297 1270 87 34 local
400 1269 152 43 regional
568 1269 130 35 mental
713 1269 117 35 health
845 1274 116 30 center
976 1279 38 24 or
1029 1268 111 41 clinic,
1156 1279 38 24 or
1209 1269 88 34 shall
1312 1268 142 44 appoint
1470 1272 36 30 at

297 1320 86 34 least
407 1330 64 24 one
494 1319 163 45 qualified
682 1319 220 44 psychiatrist
925 1324 36 29 to
985 1319 101 34 make
1110 1329 43 24 an
1178 1318 234 35 examination
1437 1317 68 35 and

297 1374 114 39 report
426 1380 43 23 on
484 1370 59 34 the
557 1369 217 34 defendant’s
790 1369 129 34 mental
934 1368 185 41 condition,
1135 1378 37 24 or
1187 1369 87 33 shall
1289 1368 143 34 commit
1447 1367 59 35 the

297 1418 189 35 defendant
509 1424 36 29 to
569 1419 59 34 the
651 1419 178 34 Arkansas
854 1419 99 34 State
978 1418 171 43 Hospital,
1173 1429 38 23 or
1235 1418 98 34 other
1357 1417 149 34 suitable

297 1468 143 43 facility,
453 1467 54 35 for
519 1479 44 23 an
575 1468 233 34 examination
821 1468 53 34 for
886 1468 107 42 thirty
1004 1467 96 43 days,
1112 1477 38 24 or
1161 1467 84 34 such
1257 1467 118 43 longer
1387 1466 118 44 period

296 1528 37 24 as
357 1517 59 35 the
438 1523 99 29 court
559 1517 117 35 deems
700 1527 190 34 necessary.
915 1517 74 34 The
1012 1521 130 30 statute
1165 1516 154 45 provides
1343 1516 54 34 for
1420 1516 85 35 such

297 1567 133 34 further
450 1567 233 35 examination
704 1566 68 35 and
792 1566 217 35 observation
1030 1577 37 23 as
1088 1577 80 32 may
1188 1567 43 34 be
1250 1565 204 35 warranted.

479 1649 74 34 The
570 1653 115 38 report
702 1647 158 44 required
879 1648 44 43 by
940 1647 60 35 the
1017 1652 130 29 statute
1164 1647 111 35 “shall
1293 1646 136 35 include
1446 1646 59 35 the

297 1698 184 42 following:
494 1698 52 42 (a)
557 1709 20 23 a
587 1697 207 43 description
804 1697 39 34 of
849 1698 59 33 the
917 1702 123 29 nature
1049 1696 39 35 of
1094 1696 59 34 the
1162 1697 244 40 examination;
1418 1696 54 42 (b)
1484 1707 20 23 a

297 1747 172 43 diagnosis
480 1747 39 35 of
526 1747 58 34 the
594 1747 130 34 mental
734 1746 176 35 condition
920 1746 39 35 of
966 1747 59 34 the
1035 1745 199 42 defendant;
1247 1745 50 44 (c)
1310 1757 44 23 an
1365 1746 139 44 opinion

297 1808 38 23 as
347 1802 35 29 to
394 1796 51 35 his
457 1797 158 44 capacity
627 1802 35 29 to
674 1796 212 35 understand
898 1797 59 34 the
969 1795 222 45 proceedings
1203 1796 136 43 against
1350 1796 73 34 him
1435 1795 69 35 and

296 1852 35 28 to
347 1846 100 34 assist
463 1847 191 43 effectively
671 1846 34 34 in
722 1846 51 34 his
789 1856 76 24 own
882 1846 152 40 defense;
1053 1845 53 43 (d)
1125 1856 44 24 an
1185 1846 138 44 opinion
1339 1857 38 23 as
1394 1850 34 30 to
1445 1845 59 34 the

296 1901 126 35 extent,
436 1895 30 34 if
475 1906 77 33 any,
566 1901 35 29 to
613 1896 112 34 which
739 1895 58 34 the
809 1896 160 43 capacity
981 1895 39 34 of
1030 1895 59 34 the
1100 1894 188 36 defendant
1300 1900 36 29 to
1348 1895 155 43 appreci­

296 1951 56 28 ate
363 1945 58 34 the
430 1945 209 43 criminality
649 1945 39 34 of
696 1945 51 34 his
758 1945 149 35 conduct
917 1956 38 24 or
966 1950 35 29 to
1011 1944 157 35 conform
1178 1945 51 34 his
1240 1944 148 35 conduct
1399 1950 35 29 to
1444 1944 59 35 the

296 1995 247 43 requirements
556 1995 39 34 of
605 1995 58 34 the
676 1995 65 34 law
754 2005 70 24 was
838 1994 168 44 impaired
1020 1999 36 30 at
1069 1994 58 35 the
1140 1994 82 35 time
1234 1994 40 35 of
1284 1994 58 35 the
1354 1993 150 35 conduct

296 2044 133 43 alleged
436 2044 64 43 [.]”

386 2125 74 35 The
475 2131 114 38 report
603 2126 34 34 in
653 2125 67 35 this
736 2136 79 23 case
829 2125 72 36 told
917 2126 59 34 the
990 2130 98 30 court
1102 2125 160 44 virtually
1277 2125 143 43 nothing
1435 2124 69 35 and

296 2186 68 23 was
381 2175 163 43 palpably
559 2175 34 34 in
609 2175 284 43 noncompliance
908 2175 82 34 with
1007 2175 59 34 the
1080 2179 138 30 statute.
1237 2175 38 34 In
1291 2175 87 42 light
1393 2174 40 34 of
1445 2174 60 34 the

296 2224 205 35 insufficient
511 2230 125 38 report,
647 2224 145 44 coupled
802 2225 82 34 with
895 2224 147 35 Vance’s
1052 2224 130 43 history
1191 2224 39 35 of
1236 2224 130 35 mental
1376 2224 126 40 illness,

296 2274 133 34 further
452 2274 216 35 observation
691 2274 68 34 and
782 2274 234 35 examination
1039 2285 38 23 as
1100 2273 254 45 contemplated
1377 2273 45 44 by
1444 2273 60 35 the

295 2329 130 29 statute
444 2324 122 34 should
587 2324 87 34 have
694 2324 86 34 been
800 2324 154 34 ordered.

387 2405 172 34 Reversed
580 2404 68 35 and
668 2404 198 35 remanded.
