<?xml version='1.0' encoding='utf-8'?>
<alto xmlns="http://www.loc.gov/standards/alto/ns-v3#">
  <!--Created by Innodata R.E.D. RLI tool: 2017-04-25 06:27:41.626030-->
  <Description>
    <MeasurementUnit>pixel</MeasurementUnit>
    <sourceImageInformation>
      <fileName>32044078577194_00333_1.tif</fileName>
    </sourceImageInformation>
    <OCRProcessing ID="OP_1">
      <ocrProcessingStep>
        <processingStepDescription>Alto coordinates refer to the deskewed TIFF file. 
		To convert point (x, y) to original image (TIFF or JP2) apply transformation matrix T=(m00, m01, m10, m11, b0, b1) using the rule:
			T * (x,y) = (m00 * x + m01 * y + b0), (m10 * x + m11 * y + b1)</processingStepDescription>
        <processingStepSettings>RED.transform=(0.9999875000260416, 0.004999979166692708, -0.004999979166692708, 0.9999875000260416, -13.199999999999955, 0.11999999999989086)</processingStepSettings>
      </ocrProcessingStep>
    </OCRProcessing>
  </Description>
  <Styles>
    <TextStyle FONTFAMILY="Times New Roman" FONTSIZE="10.50" FONTTYPE="serif" FONTWIDTH="proportional" ID="Style_2"/>
    <TextStyle FONTFAMILY="Times New Roman" FONTSIZE="11.00" FONTSTYLE="italics" FONTTYPE="serif" FONTWIDTH="proportional" ID="Style_4"/>
    </Styles>
  <Tags>
    <StructureTag ID="b665-8" LABEL="p"/>
    <StructureTag ID="b666-1" LABEL="pagelabel"/>
    <StructureTag ID="b666-6" LABEL="p"/>
    <StructureTag ID="b666-7" LABEL="p"/>
    </Tags>
  <Layout>
    <Page HEIGHT="2688" ID="PG_666" PHYSICAL_IMG_NR="666" WIDTH="1661">
      <PrintSpace HEIGHT="2688" HPOS="0" ID="PS_666" VPOS="0" WIDTH="1661">
        <TextBlock HEIGHT="642.0" HPOS="293.0" ID="BL_666.1" TAGREFS="b665-8" VPOS="414.0" WIDTH="1214.0">
          <TextLine HEIGHT="45" HPOS="293" ID="TL_666.1.1" VPOS="414" WIDTH="1213">
            <String CONTENT="that" HEIGHT="35" HPOS="293" ID="ST_666.1.1.1" STYLEREFS="Style_2" VPOS="416" WIDTH="76" WC="0.92" CC="0000" TAGREFS=""/>
            <SP HPOS="369" ID="SP_666.1.1.2" VPOS="416" WIDTH="18"/>
            <String CONTENT="the" HEIGHT="34" HPOS="387" ID="ST_666.1.1.3" STYLEREFS="Style_2" VPOS="416" WIDTH="59" WC="1.00" CC="000" TAGREFS=""/>
            <SP HPOS="446" ID="SP_666.1.1.4" VPOS="416" WIDTH="19"/>
            <String CONTENT="lessor" HEIGHT="34" HPOS="465" ID="ST_666.1.1.5" STYLEREFS="Style_2" VPOS="416" WIDTH="104" WC="0.99" CC="000000" TAGREFS=""/>
            <SP HPOS="569" ID="SP_666.1.1.6" VPOS="416" WIDTH="18"/>
            <String CONTENT="will" HEIGHT="33" HPOS="587" ID="ST_666.1.1.7" STYLEREFS="Style_2" VPOS="416" WIDTH="67" WC="0.91" CC="0000" TAGREFS=""/>
            <SP HPOS="654" ID="SP_666.1.1.8" VPOS="416" WIDTH="20"/>
            <String CONTENT="have" HEIGHT="34" HPOS="674" ID="ST_666.1.1.9" STYLEREFS="Style_2" VPOS="416" WIDTH="87" WC="0.94" CC="0000" TAGREFS=""/>
            <SP HPOS="761" ID="SP_666.1.1.10" VPOS="415" WIDTH="17"/>
            <String CONTENT="anything" HEIGHT="44" HPOS="778" ID="ST_666.1.1.11" STYLEREFS="Style_2" VPOS="415" WIDTH="168" WC="1.00" CC="00000000" TAGREFS=""/>
            <SP HPOS="946" ID="SP_666.1.1.12" VPOS="415" WIDTH="18"/>
            <String CONTENT="significant" HEIGHT="43" HPOS="964" ID="ST_666.1.1.13" STYLEREFS="Style_2" VPOS="415" WIDTH="196" WC="0.92" CC="00000000000" TAGREFS=""/>
            <SP HPOS="1160" ID="SP_666.1.1.14" VPOS="420" WIDTH="19"/>
            <String CONTENT="at" HEIGHT="29" HPOS="1179" ID="ST_666.1.1.15" STYLEREFS="Style_2" VPOS="420" WIDTH="36" WC="1.00" CC="00" TAGREFS=""/>
            <SP HPOS="1215" ID="SP_666.1.1.16" VPOS="415" WIDTH="17"/>
            <String CONTENT="the" HEIGHT="34" HPOS="1232" ID="ST_666.1.1.17" STYLEREFS="Style_2" VPOS="415" WIDTH="59" WC="0.83" CC="000" TAGREFS=""/>
            <SP HPOS="1291" ID="SP_666.1.1.18" VPOS="414" WIDTH="19"/>
            <String CONTENT="end" HEIGHT="35" HPOS="1310" ID="ST_666.1.1.19" STYLEREFS="Style_2" VPOS="414" WIDTH="65" WC="0.90" CC="000" TAGREFS=""/>
            <SP HPOS="1375" ID="SP_666.1.1.20" VPOS="414" WIDTH="18"/>
            <String CONTENT="of" HEIGHT="34" HPOS="1393" ID="ST_666.1.1.21" STYLEREFS="Style_2" VPOS="414" WIDTH="39" WC="1.00" CC="00" TAGREFS=""/>
            <SP HPOS="1432" ID="SP_666.1.1.22" VPOS="414" WIDTH="15"/>
            <String CONTENT="the" HEIGHT="34" HPOS="1447" ID="ST_666.1.1.23" STYLEREFS="Style_2" VPOS="414" WIDTH="59" WC="1.00" CC="000" TAGREFS=""/>
          </TextLine>
          <TextLine HEIGHT="44" HPOS="293" ID="TL_666.1.2" VPOS="464" WIDTH="1212">
            <String CONTENT="term;" HEIGHT="35" HPOS="293" ID="ST_666.1.2.1" STYLEREFS="Style_2" VPOS="471" WIDTH="100" WC="1.00" CC="00000" TAGREFS=""/>
            <SP HPOS="393" ID="SP_666.1.2.2" VPOS="465" WIDTH="14"/>
            <String CONTENT="2)" HEIGHT="43" HPOS="407" ID="ST_666.1.2.3" STYLEREFS="Style_2" VPOS="465" WIDTH="36" WC="0.81" CC="00" TAGREFS=""/>
            <SP HPOS="443" ID="SP_666.1.2.4" VPOS="466" WIDTH="15"/>
            <String CONTENT="the" HEIGHT="33" HPOS="458" ID="ST_666.1.2.5" STYLEREFS="Style_2" VPOS="466" WIDTH="59" WC="1.00" CC="000" TAGREFS=""/>
            <SP HPOS="517" ID="SP_666.1.2.6" VPOS="470" WIDTH="11"/>
            <String CONTENT="term" HEIGHT="30" HPOS="528" ID="ST_666.1.2.7" STYLEREFS="Style_2" VPOS="470" WIDTH="89" WC="1.00" CC="0000" TAGREFS=""/>
            <SP HPOS="617" ID="SP_666.1.2.8" VPOS="476" WIDTH="13"/>
            <String CONTENT="may" HEIGHT="32" HPOS="630" ID="ST_666.1.2.9" STYLEREFS="Style_2" VPOS="476" WIDTH="80" WC="0.88" CC="000" TAGREFS=""/>
            <SP HPOS="710" ID="SP_666.1.2.10" VPOS="465" WIDTH="13"/>
            <String CONTENT="be" HEIGHT="34" HPOS="723" ID="ST_666.1.2.11" STYLEREFS="Style_2" VPOS="465" WIDTH="42" WC="1.00" CC="00" TAGREFS=""/>
            <SP HPOS="765" ID="SP_666.1.2.12" VPOS="466" WIDTH="12"/>
            <String CONTENT="less" HEIGHT="33" HPOS="777" ID="ST_666.1.2.13" STYLEREFS="Style_2" VPOS="466" WIDTH="65" WC="1.00" CC="0000" TAGREFS=""/>
            <SP HPOS="842" ID="SP_666.1.2.14" VPOS="465" WIDTH="13"/>
            <String CONTENT="than" HEIGHT="34" HPOS="855" ID="ST_666.1.2.15" STYLEREFS="Style_2" VPOS="465" WIDTH="84" WC="0.94" CC="0000" TAGREFS=""/>
            <SP HPOS="939" ID="SP_666.1.2.16" VPOS="465" WIDTH="13"/>
            <String CONTENT="the" HEIGHT="34" HPOS="952" ID="ST_666.1.2.17" STYLEREFS="Style_2" VPOS="465" WIDTH="59" WC="1.00" CC="000" TAGREFS=""/>
            <SP HPOS="1011" ID="SP_666.1.2.18" VPOS="465" WIDTH="11"/>
            <String CONTENT="economic" HEIGHT="34" HPOS="1022" ID="ST_666.1.2.19" STYLEREFS="Style_2" VPOS="465" WIDTH="178" WC="0.99" CC="00000000" TAGREFS=""/>
            <SP HPOS="1200" ID="SP_666.1.2.20" VPOS="464" WIDTH="12"/>
            <String CONTENT="life" HEIGHT="34" HPOS="1212" ID="ST_666.1.2.21" STYLEREFS="Style_2" VPOS="464" WIDTH="60" WC="1.00" CC="0000" TAGREFS=""/>
            <SP HPOS="1272" ID="SP_666.1.2.22" VPOS="469" WIDTH="12"/>
            <String CONTENT="expectancy," HEIGHT="39" HPOS="1284" ID="ST_666.1.2.23" STYLEREFS="Style_2" VPOS="469" WIDTH="221" WC="0.90" CC="00000000000" TAGREFS=""/>
          </TextLine>
          <TextLine HEIGHT="44" HPOS="294" ID="TL_666.1.3" VPOS="514" WIDTH="1212">
            <String CONTENT="but" HEIGHT="33" HPOS="294" ID="ST_666.1.3.1" STYLEREFS="Style_2" VPOS="516" WIDTH="61" WC="1.00" CC="000" TAGREFS=""/>
            <SP HPOS="355" ID="SP_666.1.3.2" VPOS="516" WIDTH="16"/>
            <String CONTENT="the" HEIGHT="33" HPOS="371" ID="ST_666.1.3.3" STYLEREFS="Style_2" VPOS="516" WIDTH="59" WC="1.00" CC="000" TAGREFS=""/>
            <SP HPOS="430" ID="SP_666.1.3.4" VPOS="515" WIDTH="16"/>
            <String CONTENT="lessor’s" HEIGHT="34" HPOS="446" ID="ST_666.1.3.5" STYLEREFS="Style_2" VPOS="515" WIDTH="133" WC="0.83" CC="00000090" TAGREFS=""/>
            <SP HPOS="579" ID="SP_666.1.3.6" VPOS="515" WIDTH="16"/>
            <String CONTENT="known" HEIGHT="33" HPOS="595" ID="ST_666.1.3.7" STYLEREFS="Style_2" VPOS="515" WIDTH="122" WC="1.00" CC="00000" TAGREFS=""/>
            <SP HPOS="717" ID="SP_666.1.3.8" VPOS="515" WIDTH="16"/>
            <String CONTENT="practice" HEIGHT="43" HPOS="733" ID="ST_666.1.3.9" STYLEREFS="Style_2" VPOS="515" WIDTH="153" WC="0.92" CC="00000000" TAGREFS=""/>
            <SP HPOS="886" ID="SP_666.1.3.10" VPOS="514" WIDTH="15"/>
            <String CONTENT="is" HEIGHT="34" HPOS="901" ID="ST_666.1.3.11" STYLEREFS="Style_2" VPOS="514" WIDTH="27" WC="1.00" CC="00" TAGREFS=""/>
            <SP HPOS="928" ID="SP_666.1.3.12" VPOS="520" WIDTH="16"/>
            <String CONTENT="not" HEIGHT="28" HPOS="944" ID="ST_666.1.3.13" STYLEREFS="Style_2" VPOS="520" WIDTH="59" WC="0.96" CC="000" TAGREFS=""/>
            <SP HPOS="1003" ID="SP_666.1.3.14" VPOS="519" WIDTH="16"/>
            <String CONTENT="to" HEIGHT="29" HPOS="1019" ID="ST_666.1.3.15" STYLEREFS="Style_2" VPOS="519" WIDTH="35" WC="0.97" CC="00" TAGREFS=""/>
            <SP HPOS="1054" ID="SP_666.1.3.16" VPOS="514" WIDTH="15"/>
            <String CONTENT="bother" HEIGHT="34" HPOS="1069" ID="ST_666.1.3.17" STYLEREFS="Style_2" VPOS="514" WIDTH="122" WC="0.99" CC="000000" TAGREFS=""/>
            <SP HPOS="1191" ID="SP_666.1.3.18" VPOS="514" WIDTH="15"/>
            <String CONTENT="with" HEIGHT="33" HPOS="1206" ID="ST_666.1.3.19" STYLEREFS="Style_2" VPOS="514" WIDTH="83" WC="1.00" CC="0000" TAGREFS=""/>
            <SP HPOS="1289" ID="SP_666.1.3.20" VPOS="514" WIDTH="16"/>
            <String CONTENT="reclaiming" HEIGHT="41" HPOS="1305" ID="ST_666.1.3.21" STYLEREFS="Style_2" VPOS="514" WIDTH="201" WC="0.94" CC="0000000000" TAGREFS=""/>
          </TextLine>
          <TextLine HEIGHT="44" HPOS="293" ID="TL_666.1.4" VPOS="562" WIDTH="1212">
            <String CONTENT="the" HEIGHT="34" HPOS="293" ID="ST_666.1.4.1" STYLEREFS="Style_2" VPOS="564" WIDTH="59" WC="0.90" CC="000" TAGREFS=""/>
            <SP HPOS="352" ID="SP_666.1.4.2" VPOS="564" WIDTH="28"/>
            <String CONTENT="used" HEIGHT="34" HPOS="380" ID="ST_666.1.4.3" STYLEREFS="Style_2" VPOS="564" WIDTH="83" WC="1.00" CC="0000" TAGREFS=""/>
            <SP HPOS="463" ID="SP_666.1.4.4" VPOS="564" WIDTH="29"/>
            <String CONTENT="goods;" HEIGHT="42" HPOS="492" ID="ST_666.1.4.5" STYLEREFS="Style_2" VPOS="564" WIDTH="117" WC="1.00" CC="000000" TAGREFS=""/>
            <SP HPOS="609" ID="SP_666.1.4.6" VPOS="563" WIDTH="31"/>
            <String CONTENT="3)" HEIGHT="42" HPOS="640" ID="ST_666.1.4.7" STYLEREFS="Style_2" VPOS="563" WIDTH="36" WC="0.90" CC="00" TAGREFS=""/>
            <SP HPOS="676" ID="SP_666.1.4.8" VPOS="564" WIDTH="31"/>
            <String CONTENT="the" HEIGHT="33" HPOS="707" ID="ST_666.1.4.9" STYLEREFS="Style_2" VPOS="564" WIDTH="58" WC="1.00" CC="000" TAGREFS=""/>
            <SP HPOS="765" ID="SP_666.1.4.10" VPOS="564" WIDTH="29"/>
            <String CONTENT="lease" HEIGHT="33" HPOS="794" ID="ST_666.1.4.11" STYLEREFS="Style_2" VPOS="564" WIDTH="92" WC="0.95" CC="00000" TAGREFS=""/>
            <SP HPOS="886" ID="SP_666.1.4.12" VPOS="563" WIDTH="27"/>
            <String CONTENT="contains" HEIGHT="34" HPOS="913" ID="ST_666.1.4.13" STYLEREFS="Style_2" VPOS="563" WIDTH="156" WC="0.96" CC="00000000" TAGREFS=""/>
            <SP HPOS="1069" ID="SP_666.1.4.14" VPOS="573" WIDTH="30"/>
            <String CONTENT="a" HEIGHT="23" HPOS="1099" ID="ST_666.1.4.15" STYLEREFS="Style_2" VPOS="573" WIDTH="20" WC="1.00" CC="0" TAGREFS=""/>
            <SP HPOS="1119" ID="SP_666.1.4.16" VPOS="563" WIDTH="29"/>
            <String CONTENT="provision" HEIGHT="43" HPOS="1148" ID="ST_666.1.4.17" STYLEREFS="Style_2" VPOS="563" WIDTH="170" WC="0.94" CC="000000000" TAGREFS=""/>
            <SP HPOS="1318" ID="SP_666.1.4.18" VPOS="562" WIDTH="28"/>
            <String CONTENT="whereby" HEIGHT="43" HPOS="1346" ID="ST_666.1.4.19" STYLEREFS="Style_2" VPOS="562" WIDTH="159" WC="0.92" CC="0000000" TAGREFS=""/>
          </TextLine>
          <TextLine HEIGHT="44" HPOS="293" ID="TL_666.1.5" VPOS="611" WIDTH="1213">
            <String CONTENT="substantially" HEIGHT="42" HPOS="293" ID="ST_666.1.5.1" STYLEREFS="Style_2" VPOS="613" WIDTH="243" WC="0.96" CC="0000000000000" TAGREFS=""/>
            <SP HPOS="536" ID="SP_666.1.5.2" VPOS="613" WIDTH="16"/>
            <String CONTENT="all" HEIGHT="34" HPOS="552" ID="ST_666.1.5.3" STYLEREFS="Style_2" VPOS="613" WIDTH="46" WC="0.89" CC="000" TAGREFS=""/>
            <SP HPOS="598" ID="SP_666.1.5.4" VPOS="613" WIDTH="17"/>
            <String CONTENT="the" HEIGHT="33" HPOS="615" ID="ST_666.1.5.5" STYLEREFS="Style_2" VPOS="613" WIDTH="59" WC="1.00" CC="000" TAGREFS=""/>
            <SP HPOS="674" ID="SP_666.1.5.6" VPOS="612" WIDTH="16"/>
            <String CONTENT="risk" HEIGHT="34" HPOS="690" ID="ST_666.1.5.7" STYLEREFS="Style_2" VPOS="612" WIDTH="70" WC="0.89" CC="0000" TAGREFS=""/>
            <SP HPOS="760" ID="SP_666.1.5.8" VPOS="612" WIDTH="15"/>
            <String CONTENT="of" HEIGHT="34" HPOS="775" ID="ST_666.1.5.9" STYLEREFS="Style_2" VPOS="612" WIDTH="39" WC="1.00" CC="00" TAGREFS=""/>
            <SP HPOS="814" ID="SP_666.1.5.10" VPOS="612" WIDTH="13"/>
            <String CONTENT="increase" HEIGHT="34" HPOS="827" ID="ST_666.1.5.11" STYLEREFS="Style_2" VPOS="612" WIDTH="155" WC="0.93" CC="00000000" TAGREFS=""/>
            <SP HPOS="982" ID="SP_666.1.5.12" VPOS="622" WIDTH="15"/>
            <String CONTENT="or" HEIGHT="24" HPOS="997" ID="ST_666.1.5.13" STYLEREFS="Style_2" VPOS="622" WIDTH="38" WC="0.90" CC="00" TAGREFS=""/>
            <SP HPOS="1035" ID="SP_666.1.5.14" VPOS="611" WIDTH="16"/>
            <String CONTENT="decrease" HEIGHT="35" HPOS="1051" ID="ST_666.1.5.15" STYLEREFS="Style_2" VPOS="611" WIDTH="163" WC="0.98" CC="00000000" TAGREFS=""/>
            <SP HPOS="1214" ID="SP_666.1.5.16" VPOS="612" WIDTH="15"/>
            <String CONTENT="in" HEIGHT="33" HPOS="1229" ID="ST_666.1.5.17" STYLEREFS="Style_2" VPOS="612" WIDTH="35" WC="0.88" CC="00" TAGREFS=""/>
            <SP HPOS="1264" ID="SP_666.1.5.18" VPOS="611" WIDTH="16"/>
            <String CONTENT="value" HEIGHT="34" HPOS="1280" ID="ST_666.1.5.19" STYLEREFS="Style_2" VPOS="611" WIDTH="100" WC="0.92" CC="00000" TAGREFS=""/>
            <SP HPOS="1380" ID="SP_666.1.5.20" VPOS="611" WIDTH="15"/>
            <String CONTENT="of" HEIGHT="34" HPOS="1395" ID="ST_666.1.5.21" STYLEREFS="Style_2" VPOS="611" WIDTH="39" WC="1.00" CC="00" TAGREFS=""/>
            <SP HPOS="1434" ID="SP_666.1.5.22" VPOS="611" WIDTH="13"/>
            <String CONTENT="the" HEIGHT="34" HPOS="1447" ID="ST_666.1.5.23" STYLEREFS="Style_2" VPOS="611" WIDTH="59" WC="0.86" CC="000" TAGREFS=""/>
          </TextLine>
          <TextLine HEIGHT="44" HPOS="294" ID="TL_666.1.6" VPOS="661" WIDTH="1212">
            <String CONTENT="residual" HEIGHT="34" HPOS="294" ID="ST_666.1.6.1" STYLEREFS="Style_2" VPOS="663" WIDTH="149" WC="0.88" CC="00000000" TAGREFS=""/>
            <SP HPOS="443" ID="SP_666.1.6.2" VPOS="663" WIDTH="13"/>
            <String CONTENT="is" HEIGHT="33" HPOS="456" ID="ST_666.1.6.3" STYLEREFS="Style_2" VPOS="663" WIDTH="26" WC="0.92" CC="00" TAGREFS=""/>
            <SP HPOS="482" ID="SP_666.1.6.4" VPOS="662" WIDTH="12"/>
            <String CONTENT="borne" HEIGHT="34" HPOS="494" ID="ST_666.1.6.5" STYLEREFS="Style_2" VPOS="662" WIDTH="106" WC="1.00" CC="00000" TAGREFS=""/>
            <SP HPOS="600" ID="SP_666.1.6.6" VPOS="662" WIDTH="10"/>
            <String CONTENT="by" HEIGHT="43" HPOS="610" ID="ST_666.1.6.7" STYLEREFS="Style_2" VPOS="662" WIDTH="45" WC="1.00" CC="00" TAGREFS=""/>
            <SP HPOS="655" ID="SP_666.1.6.8" VPOS="662" WIDTH="11"/>
            <String CONTENT="the" HEIGHT="34" HPOS="666" ID="ST_666.1.6.9" STYLEREFS="Style_2" VPOS="662" WIDTH="59" WC="1.00" CC="000" TAGREFS=""/>
            <SP HPOS="725" ID="SP_666.1.6.10" VPOS="663" WIDTH="11"/>
            <String CONTENT="lessee" HEIGHT="33" HPOS="736" ID="ST_666.1.6.11" STYLEREFS="Style_2" VPOS="663" WIDTH="106" WC="0.88" CC="000000" TAGREFS=""/>
            <SP HPOS="842" ID="SP_666.1.6.12" VPOS="661" WIDTH="11"/>
            <String CONTENT="and" HEIGHT="34" HPOS="853" ID="ST_666.1.6.13" STYLEREFS="Style_2" VPOS="661" WIDTH="68" WC="0.81" CC="000" TAGREFS=""/>
            <SP HPOS="921" ID="SP_666.1.6.14" VPOS="662" WIDTH="11"/>
            <String CONTENT="the" HEIGHT="34" HPOS="932" ID="ST_666.1.6.15" STYLEREFS="Style_2" VPOS="662" WIDTH="59" WC="1.00" CC="000" TAGREFS=""/>
            <SP HPOS="991" ID="SP_666.1.6.16" VPOS="661" WIDTH="10"/>
            <String CONTENT="lessor" HEIGHT="34" HPOS="1001" ID="ST_666.1.6.17" STYLEREFS="Style_2" VPOS="661" WIDTH="106" WC="0.91" CC="000000" TAGREFS=""/>
            <SP HPOS="1107" ID="SP_666.1.6.18" VPOS="661" WIDTH="11"/>
            <String CONTENT="retains" HEIGHT="34" HPOS="1118" ID="ST_666.1.6.19" STYLEREFS="Style_2" VPOS="661" WIDTH="127" WC="1.00" CC="0000000" TAGREFS=""/>
            <SP HPOS="1245" ID="SP_666.1.6.20" VPOS="671" WIDTH="12"/>
            <String CONTENT="no" HEIGHT="23" HPOS="1257" ID="ST_666.1.6.21" STYLEREFS="Style_2" VPOS="671" WIDTH="44" WC="1.00" CC="00" TAGREFS=""/>
            <SP HPOS="1301" ID="SP_666.1.6.22" VPOS="661" WIDTH="10"/>
            <String CONTENT="significant" HEIGHT="42" HPOS="1311" ID="ST_666.1.6.23" STYLEREFS="Style_2" VPOS="661" WIDTH="195" WC="1.00" CC="00000000000" TAGREFS=""/>
          </TextLine>
          <TextLine HEIGHT="43" HPOS="294" ID="TL_666.1.7" VPOS="710" WIDTH="1213">
            <String CONTENT="economic" HEIGHT="35" HPOS="294" ID="ST_666.1.7.1" STYLEREFS="Style_2" VPOS="712" WIDTH="178" WC="0.98" CC="00000000" TAGREFS=""/>
            <SP HPOS="472" ID="SP_666.1.7.2" VPOS="712" WIDTH="9"/>
            <String CONTENT="interest," HEIGHT="40" HPOS="481" ID="ST_666.1.7.3" STYLEREFS="Style_2" VPOS="712" WIDTH="152" WC="0.96" CC="000000000" TAGREFS=""/>
            <SP HPOS="633" ID="SP_666.1.7.4" VPOS="722" WIDTH="10"/>
            <String CONTENT="as" HEIGHT="24" HPOS="643" ID="ST_666.1.7.5" STYLEREFS="Style_2" VPOS="722" WIDTH="37" WC="1.00" CC="00" TAGREFS=""/>
            <SP HPOS="680" ID="SP_666.1.7.6" VPOS="711" WIDTH="10"/>
            <String CONTENT="where" HEIGHT="35" HPOS="690" ID="ST_666.1.7.7" STYLEREFS="Style_2" VPOS="711" WIDTH="114" WC="0.82" CC="00000" TAGREFS=""/>
            <SP HPOS="804" ID="SP_666.1.7.8" VPOS="711" WIDTH="8"/>
            <String CONTENT="the" HEIGHT="34" HPOS="812" ID="ST_666.1.7.9" STYLEREFS="Style_2" VPOS="711" WIDTH="59" WC="1.00" CC="000" TAGREFS=""/>
            <SP HPOS="871" ID="SP_666.1.7.10" VPOS="711" WIDTH="9"/>
            <String CONTENT="lessor" HEIGHT="35" HPOS="880" ID="ST_666.1.7.11" STYLEREFS="Style_2" VPOS="711" WIDTH="105" WC="0.98" CC="000000" TAGREFS=""/>
            <SP HPOS="985" ID="SP_666.1.7.12" VPOS="711" WIDTH="9"/>
            <String CONTENT="is" HEIGHT="34" HPOS="994" ID="ST_666.1.7.13" STYLEREFS="Style_2" VPOS="711" WIDTH="27" WC="1.00" CC="00" TAGREFS=""/>
            <SP HPOS="1021" ID="SP_666.1.7.14" VPOS="710" WIDTH="10"/>
            <String CONTENT="obligated" HEIGHT="43" HPOS="1031" ID="ST_666.1.7.15" STYLEREFS="Style_2" VPOS="710" WIDTH="175" WC="1.00" CC="000000000" TAGREFS=""/>
            <SP HPOS="1206" ID="SP_666.1.7.16" VPOS="716" WIDTH="9"/>
            <String CONTENT="to" HEIGHT="29" HPOS="1215" ID="ST_666.1.7.17" STYLEREFS="Style_2" VPOS="716" WIDTH="36" WC="0.96" CC="00" TAGREFS=""/>
            <SP HPOS="1251" ID="SP_666.1.7.18" VPOS="710" WIDTH="9"/>
            <String CONTENT="dispose" HEIGHT="43" HPOS="1260" ID="ST_666.1.7.19" STYLEREFS="Style_2" VPOS="710" WIDTH="136" WC="0.97" CC="0000000" TAGREFS=""/>
            <SP HPOS="1396" ID="SP_666.1.7.20" VPOS="710" WIDTH="8"/>
            <String CONTENT="of" HEIGHT="34" HPOS="1404" ID="ST_666.1.7.21" STYLEREFS="Style_2" VPOS="710" WIDTH="39" WC="1.00" CC="00" TAGREFS=""/>
            <SP HPOS="1443" ID="SP_666.1.7.22" VPOS="710" WIDTH="5"/>
            <String CONTENT="the" HEIGHT="34" HPOS="1448" ID="ST_666.1.7.23" STYLEREFS="Style_2" VPOS="710" WIDTH="59" WC="0.94" CC="000" TAGREFS=""/>
          </TextLine>
          <TextLine HEIGHT="46" HPOS="294" ID="TL_666.1.8" VPOS="760" WIDTH="1212">
            <String CONTENT="property" HEIGHT="39" HPOS="294" ID="ST_666.1.8.1" STYLEREFS="Style_2" VPOS="767" WIDTH="160" WC="0.98" CC="00000000" TAGREFS=""/>
            <SP HPOS="454" ID="SP_666.1.8.2" VPOS="767" WIDTH="9"/>
            <String CONTENT="at" HEIGHT="29" HPOS="463" ID="ST_666.1.8.3" STYLEREFS="Style_2" VPOS="767" WIDTH="37" WC="1.00" CC="00" TAGREFS=""/>
            <SP HPOS="500" ID="SP_666.1.8.4" VPOS="762" WIDTH="9"/>
            <String CONTENT="the" HEIGHT="35" HPOS="509" ID="ST_666.1.8.5" STYLEREFS="Style_2" VPOS="762" WIDTH="59" WC="1.00" CC="000" TAGREFS=""/>
            <SP HPOS="568" ID="SP_666.1.8.6" VPOS="761" WIDTH="8"/>
            <String CONTENT="termination" HEIGHT="36" HPOS="576" ID="ST_666.1.8.7" STYLEREFS="Style_2" VPOS="761" WIDTH="222" WC="0.97" CC="00000000000" TAGREFS=""/>
            <SP HPOS="798" ID="SP_666.1.8.8" VPOS="761" WIDTH="9"/>
            <String CONTENT="of" HEIGHT="35" HPOS="807" ID="ST_666.1.8.9" STYLEREFS="Style_2" VPOS="761" WIDTH="39" WC="1.00" CC="00" TAGREFS=""/>
            <SP HPOS="846" ID="SP_666.1.8.10" VPOS="761" WIDTH="7"/>
            <String CONTENT="the" HEIGHT="35" HPOS="853" ID="ST_666.1.8.11" STYLEREFS="Style_2" VPOS="761" WIDTH="59" WC="1.00" CC="000" TAGREFS=""/>
            <SP HPOS="912" ID="SP_666.1.8.12" VPOS="761" WIDTH="8"/>
            <String CONTENT="lease" HEIGHT="35" HPOS="920" ID="ST_666.1.8.13" STYLEREFS="Style_2" VPOS="761" WIDTH="92" WC="0.97" CC="00000" TAGREFS=""/>
            <SP HPOS="1012" ID="SP_666.1.8.14" VPOS="760" WIDTH="9"/>
            <String CONTENT="and" HEIGHT="36" HPOS="1021" ID="ST_666.1.8.15" STYLEREFS="Style_2" VPOS="760" WIDTH="68" WC="0.80" CC="000" TAGREFS=""/>
            <SP HPOS="1089" ID="SP_666.1.8.16" VPOS="760" WIDTH="10"/>
            <String CONTENT="the" HEIGHT="35" HPOS="1099" ID="ST_666.1.8.17" STYLEREFS="Style_2" VPOS="760" WIDTH="59" WC="0.87" CC="000" TAGREFS=""/>
            <SP HPOS="1158" ID="SP_666.1.8.18" VPOS="761" WIDTH="8"/>
            <String CONTENT="lessee" HEIGHT="34" HPOS="1166" ID="ST_666.1.8.19" STYLEREFS="Style_2" VPOS="761" WIDTH="107" WC="0.98" CC="000000" TAGREFS=""/>
            <SP HPOS="1273" ID="SP_666.1.8.20" VPOS="760" WIDTH="10"/>
            <String CONTENT="is" HEIGHT="34" HPOS="1283" ID="ST_666.1.8.21" STYLEREFS="Style_2" VPOS="760" WIDTH="27" WC="0.80" CC="00" TAGREFS=""/>
            <SP HPOS="1310" ID="SP_666.1.8.22" VPOS="760" WIDTH="9"/>
            <String CONTENT="entitled" HEIGHT="35" HPOS="1319" ID="ST_666.1.8.23" STYLEREFS="Style_2" VPOS="760" WIDTH="143" WC="0.90" CC="00000000" TAGREFS=""/>
            <SP HPOS="1462" ID="SP_666.1.8.24" VPOS="765" WIDTH="9"/>
            <String CONTENT="to" HEIGHT="29" HPOS="1471" ID="ST_666.1.8.25" STYLEREFS="Style_2" VPOS="765" WIDTH="35" WC="0.88" CC="00" TAGREFS=""/>
          </TextLine>
          <TextLine HEIGHT="47" HPOS="294" ID="TL_666.1.9" VPOS="810" WIDTH="1211">
            <String CONTENT="any" HEIGHT="33" HPOS="294" ID="ST_666.1.9.1" STYLEREFS="Style_2" VPOS="824" WIDTH="67" WC="0.76" CC="000" TAGREFS=""/>
            <SP HPOS="361" ID="SP_666.1.9.2" VPOS="813" WIDTH="10"/>
            <String CONTENT="surplus" HEIGHT="44" HPOS="371" ID="ST_666.1.9.3" STYLEREFS="Style_2" VPOS="813" WIDTH="135" WC="0.99" CC="0000000" TAGREFS=""/>
            <SP HPOS="506" ID="SP_666.1.9.4" VPOS="812" WIDTH="11"/>
            <String CONTENT="and" HEIGHT="35" HPOS="517" ID="ST_666.1.9.5" STYLEREFS="Style_2" VPOS="812" WIDTH="68" WC="1.00" CC="000" TAGREFS=""/>
            <SP HPOS="585" ID="SP_666.1.9.6" VPOS="812" WIDTH="11"/>
            <String CONTENT="bears" HEIGHT="35" HPOS="596" ID="ST_666.1.9.7" STYLEREFS="Style_2" VPOS="812" WIDTH="99" WC="0.95" CC="00000" TAGREFS=""/>
            <SP HPOS="695" ID="SP_666.1.9.8" VPOS="823" WIDTH="11"/>
            <String CONTENT="any" HEIGHT="33" HPOS="706" ID="ST_666.1.9.9" STYLEREFS="Style_2" VPOS="823" WIDTH="67" WC="0.89" CC="000" TAGREFS=""/>
            <SP HPOS="773" ID="SP_666.1.9.10" VPOS="812" WIDTH="11"/>
            <String CONTENT="loss" HEIGHT="35" HPOS="784" ID="ST_666.1.9.11" STYLEREFS="Style_2" VPOS="812" WIDTH="66" WC="0.88" CC="0000" TAGREFS=""/>
            <SP HPOS="850" ID="SP_666.1.9.12" VPOS="812" WIDTH="11"/>
            <String CONTENT="resulting" HEIGHT="43" HPOS="861" ID="ST_666.1.9.13" STYLEREFS="Style_2" VPOS="812" WIDTH="165" WC="1.00" CC="000000000" TAGREFS=""/>
            <SP HPOS="1026" ID="SP_666.1.9.14" VPOS="811" WIDTH="11"/>
            <String CONTENT="from" HEIGHT="35" HPOS="1037" ID="ST_666.1.9.15" STYLEREFS="Style_2" VPOS="811" WIDTH="90" WC="1.00" CC="0000" TAGREFS=""/>
            <SP HPOS="1127" ID="SP_666.1.9.16" VPOS="812" WIDTH="10"/>
            <String CONTENT="the" HEIGHT="34" HPOS="1137" ID="ST_666.1.9.17" STYLEREFS="Style_2" VPOS="812" WIDTH="59" WC="1.00" CC="000" TAGREFS=""/>
            <SP HPOS="1196" ID="SP_666.1.9.18" VPOS="810" WIDTH="9"/>
            <String CONTENT="disposition." HEIGHT="45" HPOS="1205" ID="ST_666.1.9.19" STYLEREFS="Style_2" VPOS="810" WIDTH="212" WC="0.96" CC="000000000000" TAGREFS=""/>
            <SP HPOS="1417" ID="SP_666.1.9.20" VPOS="810" WIDTH="12"/>
            <String CONTENT="See," HEIGHT="42" HPOS="1429" ID="ST_666.1.9.21" STYLEREFS="Style_2" VPOS="810" WIDTH="76" WC="0.90" CC="0000" TAGREFS=""/>
          </TextLine>
          <TextLine HEIGHT="43" HPOS="295" ID="TL_666.1.10" VPOS="861" WIDTH="1212">
            <String CONTENT="B." HEIGHT="33" HPOS="295" ID="ST_666.1.10.1" STYLEREFS="Style_2" VPOS="864" WIDTH="37" WC="0.94" CC="00" TAGREFS=""/>
            <SP HPOS="332" ID="SP_666.1.10.2" VPOS="863" WIDTH="16"/>
            <String CONTENT="Clark," HEIGHT="41" HPOS="348" ID="ST_666.1.10.3" STYLEREFS="Style_2" VPOS="863" WIDTH="118" WC="0.98" CC="000000" TAGREFS=""/>
            <SP HPOS="466" ID="SP_666.1.10.4" VPOS="863" WIDTH="14"/>
            <String CONTENT="The" HEIGHT="35" HPOS="480" ID="ST_666.1.10.5" STYLEREFS="Style_2" VPOS="863" WIDTH="75" WC="1.00" CC="000" TAGREFS=""/>
            <SP HPOS="555" ID="SP_666.1.10.6" VPOS="864" WIDTH="13"/>
            <String CONTENT="Law" HEIGHT="33" HPOS="568" ID="ST_666.1.10.7" STYLEREFS="Style_2" VPOS="864" WIDTH="82" WC="0.96" CC="000" TAGREFS=""/>
            <SP HPOS="650" ID="SP_666.1.10.8" VPOS="862" WIDTH="13"/>
            <String CONTENT="of" HEIGHT="35" HPOS="663" ID="ST_666.1.10.9" STYLEREFS="Style_2" VPOS="862" WIDTH="40" WC="1.00" CC="00" TAGREFS=""/>
            <SP HPOS="703" ID="SP_666.1.10.10" VPOS="862" WIDTH="10"/>
            <String CONTENT="Secured" HEIGHT="35" HPOS="713" ID="ST_666.1.10.11" STYLEREFS="Style_2" VPOS="862" WIDTH="152" WC="1.00" CC="0000000" TAGREFS=""/>
            <SP HPOS="865" ID="SP_666.1.10.12" VPOS="862" WIDTH="13"/>
            <String CONTENT="Transactions" HEIGHT="35" HPOS="878" ID="ST_666.1.10.13" STYLEREFS="Style_2" VPOS="862" WIDTH="245" WC="0.96" CC="000000000000" TAGREFS=""/>
            <SP HPOS="1123" ID="SP_666.1.10.14" VPOS="861" WIDTH="14"/>
            <String CONTENT="Under" HEIGHT="36" HPOS="1137" ID="ST_666.1.10.15" STYLEREFS="Style_2" VPOS="861" WIDTH="121" WC="0.96" CC="00000" TAGREFS=""/>
            <SP HPOS="1258" ID="SP_666.1.10.16" VPOS="861" WIDTH="14"/>
            <String CONTENT="the" HEIGHT="35" HPOS="1272" ID="ST_666.1.10.17" STYLEREFS="Style_2" VPOS="861" WIDTH="59" WC="0.85" CC="000" TAGREFS=""/>
            <SP HPOS="1331" ID="SP_666.1.10.18" VPOS="861" WIDTH="12"/>
            <String CONTENT="Uniform" HEIGHT="36" HPOS="1343" ID="ST_666.1.10.19" STYLEREFS="Style_2" VPOS="861" WIDTH="164" WC="0.97" CC="0000000" TAGREFS=""/>
          </TextLine>
          <TextLine HEIGHT="45" HPOS="295" ID="TL_666.1.11" VPOS="911" WIDTH="1212">
            <String CONTENT="Commercial" HEIGHT="35" HPOS="295" ID="ST_666.1.11.1" STYLEREFS="Style_2" VPOS="913" WIDTH="232" WC="0.83" CC="0000000000" TAGREFS=""/>
            <SP HPOS="527" ID="SP_666.1.11.2" VPOS="913" WIDTH="18"/>
            <String CONTENT="Code," HEIGHT="41" HPOS="545" ID="ST_666.1.11.3" STYLEREFS="Style_2" VPOS="913" WIDTH="107" WC="1.00" CC="00000" TAGREFS=""/>
            <SP HPOS="652" ID="SP_666.1.11.4" VPOS="913" WIDTH="20"/>
            <String CONTENT="§" HEIGHT="42" HPOS="672" ID="ST_666.1.11.5" STYLEREFS="Style_2" VPOS="913" WIDTH="17" WC="1.00" CC="0" TAGREFS=""/>
            <SP HPOS="689" ID="SP_666.1.11.6" VPOS="913" WIDTH="22"/>
            <String CONTENT="1.5[3]" HEIGHT="43" HPOS="711" ID="ST_666.1.11.7" STYLEREFS="Style_2" VPOS="913" WIDTH="108" WC="0.82" CC="099900" TAGREFS=""/>
            <SP HPOS="819" ID="SP_666.1.11.8" VPOS="912" WIDTH="23"/>
            <String CONTENT="(1980);" HEIGHT="43" HPOS="842" ID="ST_666.1.11.9" STYLEREFS="Style_2" VPOS="912" WIDTH="138" WC="0.87" CC="9900000" TAGREFS=""/>
            <SP HPOS="980" ID="SP_666.1.11.10" VPOS="914" WIDTH="16"/>
            <String CONTENT="In" HEIGHT="33" HPOS="996" ID="ST_666.1.11.11" STYLEREFS="Style_4" VPOS="914" WIDTH="40" WC="1.00" CC="00" TAGREFS=""/>
            <SP HPOS="1036" ID="SP_666.1.11.12" VPOS="914" WIDTH="15"/>
            <String CONTENT="Re" HEIGHT="32" HPOS="1051" ID="ST_666.1.11.13" STYLEREFS="Style_4" VPOS="914" WIDTH="53" WC="1.00" CC="00" TAGREFS=""/>
            <SP HPOS="1104" ID="SP_666.1.11.14" VPOS="911" WIDTH="15"/>
            <String CONTENT="Peacock," HEIGHT="40" HPOS="1119" ID="ST_666.1.11.15" STYLEREFS="Style_4" VPOS="911" WIDTH="168" WC="0.92" CC="00000000" TAGREFS=""/>
            <SP HPOS="1287" ID="SP_666.1.11.16" VPOS="923" WIDTH="18"/>
            <String CONTENT="supra." HEIGHT="33" HPOS="1305" ID="ST_666.1.11.17" STYLEREFS="Style_4" VPOS="923" WIDTH="118" WC="0.88" CC="000000" TAGREFS=""/>
            <SP HPOS="1423" ID="SP_666.1.11.18" VPOS="911" WIDTH="18"/>
            <String CONTENT="See" HEIGHT="35" HPOS="1441" ID="ST_666.1.11.19" STYLEREFS="Style_2" VPOS="911" WIDTH="66" WC="1.00" CC="000" TAGREFS=""/>
          </TextLine>
          <TextLine HEIGHT="45" HPOS="294" ID="TL_666.1.12" VPOS="961" WIDTH="1210">
            <String CONTENT="also," HEIGHT="41" HPOS="294" ID="ST_666.1.12.1" STYLEREFS="Style_2" VPOS="963" WIDTH="83" WC="0.84" CC="00000" TAGREFS=""/>
            <SP HPOS="377" ID="SP_666.1.12.2" VPOS="965" WIDTH="19"/>
            <String CONTENT="In" HEIGHT="33" HPOS="396" ID="ST_666.1.12.3" STYLEREFS="Style_4" VPOS="965" WIDTH="41" WC="1.00" CC="00" TAGREFS=""/>
            <SP HPOS="437" ID="SP_666.1.12.4" VPOS="965" WIDTH="18"/>
            <String CONTENT="Re" HEIGHT="32" HPOS="455" ID="ST_666.1.12.5" STYLEREFS="Style_4" VPOS="965" WIDTH="53" WC="1.00" CC="00" TAGREFS=""/>
            <SP HPOS="508" ID="SP_666.1.12.6" VPOS="963" WIDTH="19"/>
            <String CONTENT="Gehrke," HEIGHT="39" HPOS="527" ID="ST_666.1.12.7" STYLEREFS="Style_4" VPOS="963" WIDTH="148" WC="1.00" CC="0000000" TAGREFS=""/>
            <SP HPOS="675" ID="SP_666.1.12.8" VPOS="973" WIDTH="21"/>
            <String CONTENT="supra;" HEIGHT="33" HPOS="696" ID="ST_666.1.12.9" STYLEREFS="Style_4" VPOS="973" WIDTH="122" WC="0.96" CC="000000" TAGREFS=""/>
            <SP HPOS="818" ID="SP_666.1.12.10" VPOS="964" WIDTH="16"/>
            <String CONTENT="In" HEIGHT="32" HPOS="834" ID="ST_666.1.12.11" STYLEREFS="Style_4" VPOS="964" WIDTH="41" WC="1.00" CC="00" TAGREFS=""/>
            <SP HPOS="875" ID="SP_666.1.12.12" VPOS="964" WIDTH="17"/>
            <String CONTENT="Re" HEIGHT="33" HPOS="892" ID="ST_666.1.12.13" STYLEREFS="Style_4" VPOS="964" WIDTH="54" WC="0.88" CC="00" TAGREFS=""/>
            <SP HPOS="946" ID="SP_666.1.12.14" VPOS="962" WIDTH="22"/>
            <String CONTENT="Tulsa" HEIGHT="35" HPOS="968" ID="ST_666.1.12.15" STYLEREFS="Style_4" VPOS="962" WIDTH="108" WC="0.95" CC="00000" TAGREFS=""/>
            <SP HPOS="1076" ID="SP_666.1.12.16" VPOS="964" WIDTH="18"/>
            <String CONTENT="Port" HEIGHT="33" HPOS="1094" ID="ST_666.1.12.17" STYLEREFS="Style_4" VPOS="964" WIDTH="84" WC="0.91" CC="0000" TAGREFS=""/>
            <SP HPOS="1178" ID="SP_666.1.12.18" VPOS="961" WIDTH="23"/>
            <String CONTENT="Warehouse" HEIGHT="35" HPOS="1201" ID="ST_666.1.12.19" STYLEREFS="Style_4" VPOS="961" WIDTH="211" WC="0.95" CC="000000000" TAGREFS=""/>
            <SP HPOS="1412" ID="SP_666.1.12.20" VPOS="962" WIDTH="21"/>
            <String CONTENT="Co.," HEIGHT="38" HPOS="1433" ID="ST_666.1.12.21" STYLEREFS="Style_4" VPOS="962" WIDTH="71" WC="0.88" CC="0099" TAGREFS=""/>
          </TextLine>
          <TextLine HEIGHT="45" HPOS="293" ID="TL_666.1.13" VPOS="1011" WIDTH="930">
            <String CONTENT="supra;" HEIGHT="32" HPOS="293" ID="ST_666.1.13.1" STYLEREFS="Style_4" VPOS="1024" WIDTH="123" WC="0.95" CC="000000" TAGREFS=""/>
            <SP HPOS="416" ID="SP_666.1.13.2" VPOS="1014" WIDTH="18"/>
            <String CONTENT="Matter" HEIGHT="33" HPOS="434" ID="ST_666.1.13.3" STYLEREFS="Style_4" VPOS="1014" WIDTH="136" WC="0.94" CC="000000" TAGREFS=""/>
            <SP HPOS="570" ID="SP_666.1.13.4" VPOS="1012" WIDTH="19"/>
            <String CONTENT="of" HEIGHT="43" HPOS="589" ID="ST_666.1.13.5" STYLEREFS="Style_4" VPOS="1012" WIDTH="45" WC="1.00" CC="00" TAGREFS=""/>
            <SP HPOS="634" ID="SP_666.1.13.6" VPOS="1012" WIDTH="12"/>
            <String CONTENT="Fashion" HEIGHT="34" HPOS="646" ID="ST_666.1.13.7" STYLEREFS="Style_4" VPOS="1012" WIDTH="155" WC="0.89" CC="0000000" TAGREFS=""/>
            <SP HPOS="801" ID="SP_666.1.13.8" VPOS="1012" WIDTH="21"/>
            <String CONTENT="Optical," HEIGHT="43" HPOS="822" ID="ST_666.1.13.9" STYLEREFS="Style_4" VPOS="1012" WIDTH="150" WC="0.95" CC="00000000" TAGREFS=""/>
            <SP HPOS="972" ID="SP_666.1.13.10" VPOS="1011" WIDTH="22"/>
            <String CONTENT="Ltd.," HEIGHT="39" HPOS="994" ID="ST_666.1.13.11" STYLEREFS="Style_4" VPOS="1011" WIDTH="88" WC="0.88" CC="00099" TAGREFS=""/>
            <SP HPOS="1082" ID="SP_666.1.13.12" VPOS="1022" WIDTH="22"/>
            <String CONTENT="supra." HEIGHT="33" HPOS="1104" ID="ST_666.1.13.13" STYLEREFS="Style_4" VPOS="1022" WIDTH="119" WC="0.94" CC="000000" TAGREFS=""/>
          </TextLine>
        </TextBlock>
        <TextBlock HEIGHT="34.0" HPOS="293.0" ID="BL_666.2" TAGREFS="b666-1" VPOS="276.0" WIDTH="66.0">
          <TextLine HEIGHT="34" HPOS="293" ID="TL_666.2.1" VPOS="276" WIDTH="66">
            <String CONTENT="628" HEIGHT="34" HPOS="293" ID="ST_666.2.1.1" STYLEREFS="Style_2" VPOS="276" WIDTH="66" WC="0.80" CC="000" TAGREFS=""/>
          </TextLine>
        </TextBlock>
        <TextBlock HEIGHT="689.0" HPOS="293.0" ID="BL_666.4" TAGREFS="b666-6" VPOS="1089.0" WIDTH="1218.0">
          <TextLine HEIGHT="44" HPOS="386" ID="TL_666.4.1" VPOS="1089" WIDTH="1122">
            <String CONTENT="Weighing" HEIGHT="43" HPOS="386" ID="ST_666.4.1.1" STYLEREFS="Style_2" VPOS="1090" WIDTH="184" WC="0.97" CC="00000000" TAGREFS=""/>
            <SP HPOS="570" ID="SP_666.4.1.2" VPOS="1090" WIDTH="13"/>
            <String CONTENT="the" HEIGHT="34" HPOS="583" ID="ST_666.4.1.3" STYLEREFS="Style_2" VPOS="1090" WIDTH="59" WC="1.00" CC="000" TAGREFS=""/>
            <SP HPOS="642" ID="SP_666.4.1.4" VPOS="1090" WIDTH="11"/>
            <String CONTENT="three" HEIGHT="34" HPOS="653" ID="ST_666.4.1.5" STYLEREFS="Style_2" VPOS="1090" WIDTH="98" WC="1.00" CC="00000" TAGREFS=""/>
            <SP HPOS="751" ID="SP_666.4.1.6" VPOS="1089" WIDTH="11"/>
            <String CONTENT="factors" HEIGHT="35" HPOS="762" ID="ST_666.4.1.7" STYLEREFS="Style_2" VPOS="1089" WIDTH="128" WC="1.00" CC="0000000" TAGREFS=""/>
            <SP HPOS="890" ID="SP_666.4.1.8" VPOS="1089" WIDTH="12"/>
            <String CONTENT="discussed" HEIGHT="35" HPOS="902" ID="ST_666.4.1.9" STYLEREFS="Style_2" VPOS="1089" WIDTH="177" WC="0.94" CC="000000000" TAGREFS=""/>
            <SP HPOS="1079" ID="SP_666.4.1.10" VPOS="1089" WIDTH="12"/>
            <String CONTENT="by" HEIGHT="43" HPOS="1091" ID="ST_666.4.1.11" STYLEREFS="Style_2" VPOS="1089" WIDTH="45" WC="1.00" CC="00" TAGREFS=""/>
            <SP HPOS="1136" ID="SP_666.4.1.12" VPOS="1090" WIDTH="14"/>
            <String CONTENT="Coogan," HEIGHT="42" HPOS="1150" ID="ST_666.4.1.13" STYLEREFS="Style_4" VPOS="1090" WIDTH="153" WC="0.94" CC="0009000" TAGREFS=""/>
            <SP HPOS="1303" ID="SP_666.4.1.14" VPOS="1099" WIDTH="14"/>
            <String CONTENT="supra," HEIGHT="33" HPOS="1317" ID="ST_666.4.1.15" STYLEREFS="Style_4" VPOS="1099" WIDTH="119" WC="0.92" CC="000000" TAGREFS=""/>
            <SP HPOS="1436" ID="SP_666.4.1.16" VPOS="1089" WIDTH="13"/>
            <String CONTENT="the" HEIGHT="33" HPOS="1449" ID="ST_666.4.1.17" STYLEREFS="Style_2" VPOS="1089" WIDTH="59" WC="0.90" CC="000" TAGREFS=""/>
          </TextLine>
          <TextLine HEIGHT="45" HPOS="294" ID="TL_666.4.2" VPOS="1138" WIDTH="1212">
            <String CONTENT="third" HEIGHT="34" HPOS="294" ID="ST_666.4.2.1" STYLEREFS="Style_2" VPOS="1140" WIDTH="92" WC="0.93" CC="00000" TAGREFS=""/>
            <SP HPOS="386" ID="SP_666.4.2.2" VPOS="1140" WIDTH="17"/>
            <String CONTENT="is" HEIGHT="33" HPOS="403" ID="ST_666.4.2.3" STYLEREFS="Style_2" VPOS="1140" WIDTH="26" WC="0.88" CC="00" TAGREFS=""/>
            <SP HPOS="429" ID="SP_666.4.2.4" VPOS="1139" WIDTH="17"/>
            <String CONTENT="inapplicable." HEIGHT="44" HPOS="446" ID="ST_666.4.2.5" STYLEREFS="Style_2" VPOS="1139" WIDTH="240" WC="0.96" CC="0000000000000" TAGREFS=""/>
            <SP HPOS="686" ID="SP_666.4.2.6" VPOS="1139" WIDTH="17"/>
            <String CONTENT="Although" HEIGHT="43" HPOS="703" ID="ST_666.4.2.7" STYLEREFS="Style_2" VPOS="1139" WIDTH="179" WC="0.87" CC="00000000" TAGREFS=""/>
            <SP HPOS="882" ID="SP_666.4.2.8" VPOS="1138" WIDTH="16"/>
            <String CONTENT="the" HEIGHT="35" HPOS="898" ID="ST_666.4.2.9" STYLEREFS="Style_2" VPOS="1138" WIDTH="59" WC="0.77" CC="000" TAGREFS=""/>
            <SP HPOS="957" ID="SP_666.4.2.10" VPOS="1144" WIDTH="16"/>
            <String CONTENT="agreement" HEIGHT="37" HPOS="973" ID="ST_666.4.2.11" STYLEREFS="Style_2" VPOS="1144" WIDTH="200" WC="0.91" CC="000000000" TAGREFS=""/>
            <SP HPOS="1173" ID="SP_666.4.2.12" VPOS="1138" WIDTH="15"/>
            <String CONTENT="contains" HEIGHT="35" HPOS="1188" ID="ST_666.4.2.13" STYLEREFS="Style_2" VPOS="1138" WIDTH="157" WC="0.81" CC="00000000" TAGREFS=""/>
            <SP HPOS="1345" ID="SP_666.4.2.14" VPOS="1149" WIDTH="16"/>
            <String CONTENT="a" HEIGHT="23" HPOS="1361" ID="ST_666.4.2.15" STYLEREFS="Style_2" VPOS="1149" WIDTH="20" WC="1.00" CC="0" TAGREFS=""/>
            <SP HPOS="1381" ID="SP_666.4.2.16" VPOS="1138" WIDTH="16"/>
            <String CONTENT="provi-" HEIGHT="43" HPOS="1397" ID="ST_666.4.2.17" STYLEREFS="Style_2" VPOS="1138" WIDTH="109" WC="0.84" CC="000000" TAGREFS=""/>
          </TextLine>
          <TextLine HEIGHT="44" HPOS="294" ID="TL_666.4.3" VPOS="1188" WIDTH="1213">
            <String CONTENT="sion" HEIGHT="34" HPOS="294" ID="ST_666.4.3.1" STYLEREFS="Style_2" VPOS="1189" WIDTH="73" WC="0.83" CC="0000" TAGREFS=""/>
            <SP HPOS="367" ID="SP_666.4.3.2" VPOS="1189" WIDTH="15"/>
            <String CONTENT="that" HEIGHT="34" HPOS="382" ID="ST_666.4.3.3" STYLEREFS="Style_2" VPOS="1189" WIDTH="77" WC="0.86" CC="0000" TAGREFS=""/>
            <SP HPOS="459" ID="SP_666.4.3.4" VPOS="1199" WIDTH="15"/>
            <String CONTENT="upon" HEIGHT="33" HPOS="474" ID="ST_666.4.3.5" STYLEREFS="Style_2" VPOS="1199" WIDTH="91" WC="0.98" CC="0000" TAGREFS=""/>
            <SP HPOS="565" ID="SP_666.4.3.6" VPOS="1189" WIDTH="16"/>
            <String CONTENT="the" HEIGHT="34" HPOS="581" ID="ST_666.4.3.7" STYLEREFS="Style_2" VPOS="1189" WIDTH="59" WC="0.88" CC="000" TAGREFS=""/>
            <SP HPOS="640" ID="SP_666.4.3.8" VPOS="1189" WIDTH="15"/>
            <String CONTENT="lessee’s" HEIGHT="34" HPOS="655" ID="ST_666.4.3.9" STYLEREFS="Style_2" VPOS="1189" WIDTH="134" WC="0.94" CC="00000000" TAGREFS=""/>
            <SP HPOS="789" ID="SP_666.4.3.10" VPOS="1188" WIDTH="15"/>
            <String CONTENT="termination" HEIGHT="35" HPOS="804" ID="ST_666.4.3.11" STYLEREFS="Style_2" VPOS="1188" WIDTH="222" WC="0.94" CC="00000000000" TAGREFS=""/>
            <SP HPOS="1026" ID="SP_666.4.3.12" VPOS="1188" WIDTH="16"/>
            <String CONTENT="of" HEIGHT="34" HPOS="1042" ID="ST_666.4.3.13" STYLEREFS="Style_2" VPOS="1188" WIDTH="39" WC="1.00" CC="00" TAGREFS=""/>
            <SP HPOS="1081" ID="SP_666.4.3.14" VPOS="1188" WIDTH="12"/>
            <String CONTENT="the" HEIGHT="34" HPOS="1093" ID="ST_666.4.3.15" STYLEREFS="Style_2" VPOS="1188" WIDTH="59" WC="0.81" CC="000" TAGREFS=""/>
            <SP HPOS="1152" ID="SP_666.4.3.16" VPOS="1188" WIDTH="14"/>
            <String CONTENT="lease" HEIGHT="34" HPOS="1166" ID="ST_666.4.3.17" STYLEREFS="Style_2" VPOS="1188" WIDTH="93" WC="0.92" CC="00000" TAGREFS=""/>
            <SP HPOS="1259" ID="SP_666.4.3.18" VPOS="1188" WIDTH="14"/>
            <String CONTENT="the" HEIGHT="34" HPOS="1273" ID="ST_666.4.3.19" STYLEREFS="Style_2" VPOS="1188" WIDTH="59" WC="0.95" CC="000" TAGREFS=""/>
            <SP HPOS="1332" ID="SP_666.4.3.20" VPOS="1192" WIDTH="15"/>
            <String CONTENT="property" HEIGHT="40" HPOS="1347" ID="ST_666.4.3.21" STYLEREFS="Style_2" VPOS="1192" WIDTH="160" WC="0.99" CC="00000000" TAGREFS=""/>
          </TextLine>
          <TextLine HEIGHT="45" HPOS="295" ID="TL_666.4.4" VPOS="1237" WIDTH="1212">
            <String CONTENT="may" HEIGHT="32" HPOS="295" ID="ST_666.4.4.1" STYLEREFS="Style_2" VPOS="1250" WIDTH="80" WC="1.00" CC="000" TAGREFS=""/>
            <SP HPOS="375" ID="SP_666.4.4.2" VPOS="1239" WIDTH="9"/>
            <String CONTENT="be" HEIGHT="33" HPOS="384" ID="ST_666.4.4.3" STYLEREFS="Style_2" VPOS="1239" WIDTH="43" WC="1.00" CC="00" TAGREFS=""/>
            <SP HPOS="427" ID="SP_666.4.4.4" VPOS="1238" WIDTH="9"/>
            <String CONTENT="sold" HEIGHT="34" HPOS="436" ID="ST_666.4.4.5" STYLEREFS="Style_2" VPOS="1238" WIDTH="74" WC="1.00" CC="0000" TAGREFS=""/>
            <SP HPOS="510" ID="SP_666.4.4.6" VPOS="1239" WIDTH="9"/>
            <String CONTENT="with" HEIGHT="34" HPOS="519" ID="ST_666.4.4.7" STYLEREFS="Style_2" VPOS="1239" WIDTH="82" WC="0.80" CC="0000" TAGREFS=""/>
            <SP HPOS="601" ID="SP_666.4.4.8" VPOS="1239" WIDTH="10"/>
            <String CONTENT="the" HEIGHT="33" HPOS="611" ID="ST_666.4.4.9" STYLEREFS="Style_2" VPOS="1239" WIDTH="59" WC="0.97" CC="000" TAGREFS=""/>
            <SP HPOS="670" ID="SP_666.4.4.10" VPOS="1239" WIDTH="10"/>
            <String CONTENT="surplus" HEIGHT="43" HPOS="680" ID="ST_666.4.4.11" STYLEREFS="Style_2" VPOS="1239" WIDTH="134" WC="0.95" CC="0000000" TAGREFS=""/>
            <SP HPOS="814" ID="SP_666.4.4.12" VPOS="1249" WIDTH="10"/>
            <String CONTENT="or" HEIGHT="23" HPOS="824" ID="ST_666.4.4.13" STYLEREFS="Style_2" VPOS="1249" WIDTH="38" WC="1.00" CC="00" TAGREFS=""/>
            <SP HPOS="862" ID="SP_666.4.4.14" VPOS="1238" WIDTH="9"/>
            <String CONTENT="deficiency" HEIGHT="43" HPOS="871" ID="ST_666.4.4.15" STYLEREFS="Style_2" VPOS="1238" WIDTH="189" WC="0.90" CC="0000000000" TAGREFS=""/>
            <SP HPOS="1060" ID="SP_666.4.4.16" VPOS="1237" WIDTH="9"/>
            <String CONTENT="going" HEIGHT="43" HPOS="1069" ID="ST_666.4.4.17" STYLEREFS="Style_2" VPOS="1237" WIDTH="103" WC="0.88" CC="00000" TAGREFS=""/>
            <SP HPOS="1172" ID="SP_666.4.4.18" VPOS="1243" WIDTH="10"/>
            <String CONTENT="to" HEIGHT="29" HPOS="1182" ID="ST_666.4.4.19" STYLEREFS="Style_2" VPOS="1243" WIDTH="36" WC="0.84" CC="00" TAGREFS=""/>
            <SP HPOS="1218" ID="SP_666.4.4.20" VPOS="1237" WIDTH="9"/>
            <String CONTENT="the" HEIGHT="34" HPOS="1227" ID="ST_666.4.4.21" STYLEREFS="Style_2" VPOS="1237" WIDTH="59" WC="0.90" CC="000" TAGREFS=""/>
            <SP HPOS="1286" ID="SP_666.4.4.22" VPOS="1237" WIDTH="9"/>
            <String CONTENT="lessee," HEIGHT="41" HPOS="1295" ID="ST_666.4.4.23" STYLEREFS="Style_2" VPOS="1237" WIDTH="117" WC="0.98" CC="0000000" TAGREFS=""/>
            <SP HPOS="1412" ID="SP_666.4.4.24" VPOS="1237" WIDTH="11"/>
            <String CONTENT="such" HEIGHT="34" HPOS="1423" ID="ST_666.4.4.25" STYLEREFS="Style_2" VPOS="1237" WIDTH="84" WC="0.85" CC="0000" TAGREFS=""/>
          </TextLine>
          <TextLine HEIGHT="45" HPOS="294" ID="TL_666.4.5" VPOS="1286" WIDTH="1214">
            <String CONTENT="a" HEIGHT="22" HPOS="294" ID="ST_666.4.5.1" STYLEREFS="Style_2" VPOS="1299" WIDTH="20" WC="1.00" CC="0" TAGREFS=""/>
            <SP HPOS="314" ID="SP_666.4.5.2" VPOS="1288" WIDTH="14"/>
            <String CONTENT="disposition" HEIGHT="43" HPOS="328" ID="ST_666.4.5.3" STYLEREFS="Style_2" VPOS="1288" WIDTH="201" WC="0.97" CC="00000000000" TAGREFS=""/>
            <SP HPOS="529" ID="SP_666.4.5.4" VPOS="1288" WIDTH="14"/>
            <String CONTENT="is" HEIGHT="34" HPOS="543" ID="ST_666.4.5.5" STYLEREFS="Style_2" VPOS="1288" WIDTH="27" WC="1.00" CC="00" TAGREFS=""/>
            <SP HPOS="570" ID="SP_666.4.5.6" VPOS="1293" WIDTH="14"/>
            <String CONTENT="not" HEIGHT="29" HPOS="584" ID="ST_666.4.5.7" STYLEREFS="Style_2" VPOS="1293" WIDTH="60" WC="0.83" CC="000" TAGREFS=""/>
            <SP HPOS="644" ID="SP_666.4.5.8" VPOS="1287" WIDTH="12"/>
            <String CONTENT="obligatory" HEIGHT="44" HPOS="656" ID="ST_666.4.5.9" STYLEREFS="Style_4" VPOS="1287" WIDTH="199" WC="0.88" CC="0000000000" TAGREFS=""/>
            <SP HPOS="855" ID="SP_666.4.5.10" VPOS="1298" WIDTH="13"/>
            <String CONTENT="on" HEIGHT="23" HPOS="868" ID="ST_666.4.5.11" STYLEREFS="Style_2" VPOS="1298" WIDTH="44" WC="0.82" CC="00" TAGREFS=""/>
            <SP HPOS="912" ID="SP_666.4.5.12" VPOS="1288" WIDTH="13"/>
            <String CONTENT="the" HEIGHT="34" HPOS="925" ID="ST_666.4.5.13" STYLEREFS="Style_2" VPOS="1288" WIDTH="60" WC="0.98" CC="000" TAGREFS=""/>
            <SP HPOS="985" ID="SP_666.4.5.14" VPOS="1292" WIDTH="12"/>
            <String CONTENT="part" HEIGHT="38" HPOS="997" ID="ST_666.4.5.15" STYLEREFS="Style_2" VPOS="1292" WIDTH="78" WC="1.00" CC="0000" TAGREFS=""/>
            <SP HPOS="1075" ID="SP_666.4.5.16" VPOS="1286" WIDTH="13"/>
            <String CONTENT="of" HEIGHT="34" HPOS="1088" ID="ST_666.4.5.17" STYLEREFS="Style_2" VPOS="1286" WIDTH="39" WC="1.00" CC="00" TAGREFS=""/>
            <SP HPOS="1127" ID="SP_666.4.5.18" VPOS="1287" WIDTH="10"/>
            <String CONTENT="the" HEIGHT="34" HPOS="1137" ID="ST_666.4.5.19" STYLEREFS="Style_2" VPOS="1287" WIDTH="59" WC="0.94" CC="000" TAGREFS=""/>
            <SP HPOS="1196" ID="SP_666.4.5.20" VPOS="1287" WIDTH="13"/>
            <String CONTENT="lessor" HEIGHT="33" HPOS="1209" ID="ST_666.4.5.21" STYLEREFS="Style_2" VPOS="1287" WIDTH="106" WC="0.99" CC="000000" TAGREFS=""/>
            <SP HPOS="1315" ID="SP_666.4.5.22" VPOS="1287" WIDTH="12"/>
            <String CONTENT="under" HEIGHT="34" HPOS="1327" ID="ST_666.4.5.23" STYLEREFS="Style_2" VPOS="1287" WIDTH="109" WC="0.95" CC="00000" TAGREFS=""/>
            <SP HPOS="1436" ID="SP_666.4.5.24" VPOS="1286" WIDTH="13"/>
            <String CONTENT="the" HEIGHT="34" HPOS="1449" ID="ST_666.4.5.25" STYLEREFS="Style_2" VPOS="1286" WIDTH="59" WC="1.00" CC="000" TAGREFS=""/>
          </TextLine>
          <TextLine HEIGHT="44" HPOS="293" ID="TL_666.4.6" VPOS="1335" WIDTH="1212">
            <String CONTENT="terms" HEIGHT="29" HPOS="293" ID="ST_666.4.6.1" STYLEREFS="Style_2" VPOS="1342" WIDTH="106" WC="1.00" CC="00000" TAGREFS=""/>
            <SP HPOS="399" ID="SP_666.4.6.2" VPOS="1337" WIDTH="13"/>
            <String CONTENT="of" HEIGHT="34" HPOS="412" ID="ST_666.4.6.3" STYLEREFS="Style_2" VPOS="1337" WIDTH="40" WC="0.80" CC="00" TAGREFS=""/>
            <SP HPOS="452" ID="SP_666.4.6.4" VPOS="1337" WIDTH="8"/>
            <String CONTENT="this" HEIGHT="34" HPOS="460" ID="ST_666.4.6.5" STYLEREFS="Style_2" VPOS="1337" WIDTH="68" WC="0.89" CC="0000" TAGREFS=""/>
            <SP HPOS="528" ID="SP_666.4.6.6" VPOS="1342" WIDTH="13"/>
            <String CONTENT="contract." HEIGHT="29" HPOS="541" ID="ST_666.4.6.7" STYLEREFS="Style_2" VPOS="1342" WIDTH="166" WC="0.96" CC="000000000" TAGREFS=""/>
            <SP HPOS="707" ID="SP_666.4.6.8" VPOS="1337" WIDTH="14"/>
            <String CONTENT="See," HEIGHT="40" HPOS="721" ID="ST_666.4.6.9" STYLEREFS="Style_2" VPOS="1337" WIDTH="76" WC="1.00" CC="0000" TAGREFS=""/>
            <SP HPOS="797" ID="SP_666.4.6.10" VPOS="1338" WIDTH="14"/>
            <String CONTENT="In" HEIGHT="32" HPOS="811" ID="ST_666.4.6.11" STYLEREFS="Style_4" VPOS="1338" WIDTH="40" WC="1.00" CC="00" TAGREFS=""/>
            <SP HPOS="851" ID="SP_666.4.6.12" VPOS="1338" WIDTH="11"/>
            <String CONTENT="Re" HEIGHT="32" HPOS="862" ID="ST_666.4.6.13" STYLEREFS="Style_4" VPOS="1338" WIDTH="54" WC="1.00" CC="00" TAGREFS=""/>
            <SP HPOS="916" ID="SP_666.4.6.14" VPOS="1336" WIDTH="15"/>
            <String CONTENT="Tulsa" HEIGHT="34" HPOS="931" ID="ST_666.4.6.15" STYLEREFS="Style_4" VPOS="1336" WIDTH="109" WC="0.92" CC="00000" TAGREFS=""/>
            <SP HPOS="1040" ID="SP_666.4.6.16" VPOS="1338" WIDTH="11"/>
            <String CONTENT="Port" HEIGHT="31" HPOS="1051" ID="ST_666.4.6.17" STYLEREFS="Style_4" VPOS="1338" WIDTH="85" WC="0.81" CC="0000" TAGREFS=""/>
            <SP HPOS="1136" ID="SP_666.4.6.18" VPOS="1335" WIDTH="17"/>
            <String CONTENT="Warehouse," HEIGHT="40" HPOS="1153" ID="ST_666.4.6.19" STYLEREFS="Style_4" VPOS="1335" WIDTH="219" WC="0.97" CC="0000000000" TAGREFS=""/>
            <SP HPOS="1372" ID="SP_666.4.6.20" VPOS="1346" WIDTH="15"/>
            <String CONTENT="supra." HEIGHT="33" HPOS="1387" ID="ST_666.4.6.21" STYLEREFS="Style_4" VPOS="1346" WIDTH="118" WC="0.96" CC="000000" TAGREFS=""/>
          </TextLine>
          <TextLine HEIGHT="44" HPOS="293" ID="TL_666.4.7" VPOS="1385" WIDTH="1214">
            <String CONTENT="The" HEIGHT="35" HPOS="293" ID="ST_666.4.7.1" STYLEREFS="Style_2" VPOS="1386" WIDTH="75" WC="1.00" CC="000" TAGREFS=""/>
            <SP HPOS="368" ID="SP_666.4.7.2" VPOS="1387" WIDTH="11"/>
            <String CONTENT="other" HEIGHT="34" HPOS="379" ID="ST_666.4.7.3" STYLEREFS="Style_2" VPOS="1387" WIDTH="98" WC="1.00" CC="00000" TAGREFS=""/>
            <SP HPOS="477" ID="SP_666.4.7.4" VPOS="1392" WIDTH="12"/>
            <String CONTENT="two" HEIGHT="29" HPOS="489" ID="ST_666.4.7.5" STYLEREFS="Style_2" VPOS="1392" WIDTH="67" WC="0.99" CC="000" TAGREFS=""/>
            <SP HPOS="556" ID="SP_666.4.7.6" VPOS="1386" WIDTH="12"/>
            <String CONTENT="situations" HEIGHT="34" HPOS="568" ID="ST_666.4.7.7" STYLEREFS="Style_2" VPOS="1386" WIDTH="182" WC="0.95" CC="0000000000" TAGREFS=""/>
            <SP HPOS="750" ID="SP_666.4.7.8" VPOS="1397" WIDTH="12"/>
            <String CONTENT="may" HEIGHT="32" HPOS="762" ID="ST_666.4.7.9" STYLEREFS="Style_2" VPOS="1397" WIDTH="80" WC="0.96" CC="000" TAGREFS=""/>
            <SP HPOS="842" ID="SP_666.4.7.10" VPOS="1385" WIDTH="12"/>
            <String CONTENT="well" HEIGHT="34" HPOS="854" ID="ST_666.4.7.11" STYLEREFS="Style_2" VPOS="1385" WIDTH="76" WC="0.82" CC="0000" TAGREFS=""/>
            <SP HPOS="930" ID="SP_666.4.7.12" VPOS="1386" WIDTH="12"/>
            <String CONTENT="apply." HEIGHT="43" HPOS="942" ID="ST_666.4.7.13" STYLEREFS="Style_2" VPOS="1386" WIDTH="114" WC="0.94" CC="000000" TAGREFS=""/>
            <SP HPOS="1056" ID="SP_666.4.7.14" VPOS="1386" WIDTH="14"/>
            <String CONTENT="It" HEIGHT="33" HPOS="1070" ID="ST_666.4.7.15" STYLEREFS="Style_2" VPOS="1386" WIDTH="31" WC="0.72" CC="00" TAGREFS=""/>
            <SP HPOS="1101" ID="SP_666.4.7.16" VPOS="1385" WIDTH="11"/>
            <String CONTENT="is" HEIGHT="35" HPOS="1112" ID="ST_666.4.7.17" STYLEREFS="Style_2" VPOS="1385" WIDTH="28" WC="0.98" CC="00" TAGREFS=""/>
            <SP HPOS="1140" ID="SP_666.4.7.18" VPOS="1385" WIDTH="12"/>
            <String CONTENT="conceivable" HEIGHT="34" HPOS="1152" ID="ST_666.4.7.19" STYLEREFS="Style_2" VPOS="1385" WIDTH="220" WC="0.96" CC="00000000000" TAGREFS=""/>
            <SP HPOS="1372" ID="SP_666.4.7.20" VPOS="1385" WIDTH="11"/>
            <String CONTENT="that" HEIGHT="34" HPOS="1383" ID="ST_666.4.7.21" STYLEREFS="Style_2" VPOS="1385" WIDTH="76" WC="1.00" CC="0000" TAGREFS=""/>
            <SP HPOS="1459" ID="SP_666.4.7.22" VPOS="1390" WIDTH="12"/>
            <String CONTENT="at" HEIGHT="29" HPOS="1471" ID="ST_666.4.7.23" STYLEREFS="Style_2" VPOS="1390" WIDTH="36" WC="1.00" CC="00" TAGREFS=""/>
          </TextLine>
          <TextLine HEIGHT="45" HPOS="294" ID="TL_666.4.8" VPOS="1434" WIDTH="1213">
            <String CONTENT="the" HEIGHT="35" HPOS="294" ID="ST_666.4.8.1" STYLEREFS="Style_2" VPOS="1436" WIDTH="59" WC="1.00" CC="000" TAGREFS=""/>
            <SP HPOS="353" ID="SP_666.4.8.2" VPOS="1436" WIDTH="19"/>
            <String CONTENT="end" HEIGHT="34" HPOS="372" ID="ST_666.4.8.3" STYLEREFS="Style_2" VPOS="1436" WIDTH="66" WC="1.00" CC="000" TAGREFS=""/>
            <SP HPOS="438" ID="SP_666.4.8.4" VPOS="1435" WIDTH="19"/>
            <String CONTENT="of" HEIGHT="35" HPOS="457" ID="ST_666.4.8.5" STYLEREFS="Style_2" VPOS="1435" WIDTH="39" WC="0.77" CC="00" TAGREFS=""/>
            <SP HPOS="496" ID="SP_666.4.8.6" VPOS="1437" WIDTH="16"/>
            <String CONTENT="the" HEIGHT="33" HPOS="512" ID="ST_666.4.8.7" STYLEREFS="Style_2" VPOS="1437" WIDTH="59" WC="1.00" CC="000" TAGREFS=""/>
            <SP HPOS="571" ID="SP_666.4.8.8" VPOS="1436" WIDTH="19"/>
            <String CONTENT="lease" HEIGHT="34" HPOS="590" ID="ST_666.4.8.9" STYLEREFS="Style_2" VPOS="1436" WIDTH="91" WC="0.94" CC="00000" TAGREFS=""/>
            <SP HPOS="681" ID="SP_666.4.8.10" VPOS="1435" WIDTH="19"/>
            <String CONTENT="this" HEIGHT="35" HPOS="700" ID="ST_666.4.8.11" STYLEREFS="Style_2" VPOS="1435" WIDTH="68" WC="0.85" CC="0000" TAGREFS=""/>
            <SP HPOS="768" ID="SP_666.4.8.12" VPOS="1435" WIDTH="19"/>
            <String CONTENT="equipment" HEIGHT="44" HPOS="787" ID="ST_666.4.8.13" STYLEREFS="Style_2" VPOS="1435" WIDTH="201" WC="0.96" CC="000000000" TAGREFS=""/>
            <SP HPOS="988" ID="SP_666.4.8.14" VPOS="1434" WIDTH="19"/>
            <String CONTENT="would" HEIGHT="35" HPOS="1007" ID="ST_666.4.8.15" STYLEREFS="Style_2" VPOS="1434" WIDTH="113" WC="1.00" CC="00000" TAGREFS=""/>
            <SP HPOS="1120" ID="SP_666.4.8.16" VPOS="1435" WIDTH="19"/>
            <String CONTENT="have" HEIGHT="34" HPOS="1139" ID="ST_666.4.8.17" STYLEREFS="Style_2" VPOS="1435" WIDTH="88" WC="0.96" CC="0000" TAGREFS=""/>
            <SP HPOS="1227" ID="SP_666.4.8.18" VPOS="1435" WIDTH="18"/>
            <String CONTENT="little" HEIGHT="34" HPOS="1245" ID="ST_666.4.8.19" STYLEREFS="Style_2" VPOS="1435" WIDTH="89" WC="0.94" CC="000000" TAGREFS=""/>
            <SP HPOS="1334" ID="SP_666.4.8.20" VPOS="1435" WIDTH="16"/>
            <String CONTENT="value" HEIGHT="34" HPOS="1350" ID="ST_666.4.8.21" STYLEREFS="Style_2" VPOS="1435" WIDTH="101" WC="0.96" CC="00000" TAGREFS=""/>
            <SP HPOS="1451" ID="SP_666.4.8.22" VPOS="1445" WIDTH="19"/>
            <String CONTENT="or" HEIGHT="24" HPOS="1470" ID="ST_666.4.8.23" STYLEREFS="Style_2" VPOS="1445" WIDTH="37" WC="1.00" CC="00" TAGREFS=""/>
          </TextLine>
          <TextLine HEIGHT="42" HPOS="294" ID="TL_666.4.9" VPOS="1484" WIDTH="1213">
            <String CONTENT="usefulness," HEIGHT="40" HPOS="294" ID="ST_666.4.9.1" STYLEREFS="Style_2" VPOS="1486" WIDTH="204" WC="0.91" CC="00000000000" TAGREFS=""/>
            <SP HPOS="498" ID="SP_666.4.9.2" VPOS="1486" WIDTH="15"/>
            <String CONTENT="in" HEIGHT="34" HPOS="513" ID="ST_666.4.9.3" STYLEREFS="Style_2" VPOS="1486" WIDTH="34" WC="0.77" CC="00" TAGREFS=""/>
            <SP HPOS="547" ID="SP_666.4.9.4" VPOS="1485" WIDTH="14"/>
            <String CONTENT="which" HEIGHT="35" HPOS="561" ID="ST_666.4.9.5" STYLEREFS="Style_2" VPOS="1485" WIDTH="112" WC="0.99" CC="00000" TAGREFS=""/>
            <SP HPOS="673" ID="SP_666.4.9.6" VPOS="1496" WIDTH="14"/>
            <String CONTENT="case" HEIGHT="24" HPOS="687" ID="ST_666.4.9.7" STYLEREFS="Style_2" VPOS="1496" WIDTH="79" WC="1.00" CC="0000" TAGREFS=""/>
            <SP HPOS="766" ID="SP_666.4.9.8" VPOS="1485" WIDTH="14"/>
            <String CONTENT="the" HEIGHT="35" HPOS="780" ID="ST_666.4.9.9" STYLEREFS="Style_2" VPOS="1485" WIDTH="59" WC="0.85" CC="000" TAGREFS=""/>
            <SP HPOS="839" ID="SP_666.4.9.10" VPOS="1485" WIDTH="14"/>
            <String CONTENT="residual" HEIGHT="35" HPOS="853" ID="ST_666.4.9.11" STYLEREFS="Style_2" VPOS="1485" WIDTH="150" WC="0.89" CC="00000000" TAGREFS=""/>
            <SP HPOS="1003" ID="SP_666.4.9.12" VPOS="1485" WIDTH="14"/>
            <String CONTENT="available" HEIGHT="34" HPOS="1017" ID="ST_666.4.9.13" STYLEREFS="Style_2" VPOS="1485" WIDTH="171" WC="0.89" CC="000000000" TAGREFS=""/>
            <SP HPOS="1188" ID="SP_666.4.9.14" VPOS="1490" WIDTH="13"/>
            <String CONTENT="to" HEIGHT="29" HPOS="1201" ID="ST_666.4.9.15" STYLEREFS="Style_2" VPOS="1490" WIDTH="35" WC="1.00" CC="00" TAGREFS=""/>
            <SP HPOS="1236" ID="SP_666.4.9.16" VPOS="1485" WIDTH="15"/>
            <String CONTENT="Bentco" HEIGHT="34" HPOS="1251" ID="ST_666.4.9.17" STYLEREFS="Style_2" VPOS="1485" WIDTH="130" WC="0.90" CC="000000" TAGREFS=""/>
            <SP HPOS="1381" ID="SP_666.4.9.18" VPOS="1484" WIDTH="13"/>
            <String CONTENT="would" HEIGHT="35" HPOS="1394" ID="ST_666.4.9.19" STYLEREFS="Style_2" VPOS="1484" WIDTH="113" WC="0.90" CC="00000" TAGREFS=""/>
          </TextLine>
          <TextLine HEIGHT="46" HPOS="295" ID="TL_666.4.10" VPOS="1533" WIDTH="1216">
            <String CONTENT="be," HEIGHT="41" HPOS="295" ID="ST_666.4.10.1" STYLEREFS="Style_2" VPOS="1536" WIDTH="52" WC="0.92" CC="000" TAGREFS=""/>
            <SP HPOS="347" ID="SP_666.4.10.2" VPOS="1536" WIDTH="11"/>
            <String CONTENT="for" HEIGHT="34" HPOS="358" ID="ST_666.4.10.3" STYLEREFS="Style_2" VPOS="1536" WIDTH="52" WC="1.00" CC="000" TAGREFS=""/>
            <SP HPOS="410" ID="SP_666.4.10.4" VPOS="1536" WIDTH="10"/>
            <String CONTENT="all" HEIGHT="34" HPOS="420" ID="ST_666.4.10.5" STYLEREFS="Style_2" VPOS="1536" WIDTH="45" WC="0.84" CC="000" TAGREFS=""/>
            <SP HPOS="465" ID="SP_666.4.10.6" VPOS="1536" WIDTH="9"/>
            <String CONTENT="practical" HEIGHT="43" HPOS="474" ID="ST_666.4.10.7" STYLEREFS="Style_2" VPOS="1536" WIDTH="166" WC="0.95" CC="000000000" TAGREFS=""/>
            <SP HPOS="640" ID="SP_666.4.10.8" VPOS="1546" WIDTH="10"/>
            <String CONTENT="purposes," HEIGHT="33" HPOS="650" ID="ST_666.4.10.9" STYLEREFS="Style_2" VPOS="1546" WIDTH="175" WC="1.00" CC="000000000" TAGREFS=""/>
            <SP HPOS="825" ID="SP_666.4.10.10" VPOS="1535" WIDTH="9"/>
            <String CONTENT="worthless." HEIGHT="35" HPOS="834" ID="ST_666.4.10.11" STYLEREFS="Style_2" VPOS="1535" WIDTH="188" WC="0.85" CC="0000000000" TAGREFS=""/>
            <SP HPOS="1022" ID="SP_666.4.10.12" VPOS="1535" WIDTH="11"/>
            <String CONTENT="Given" HEIGHT="34" HPOS="1033" ID="ST_666.4.10.13" STYLEREFS="Style_2" VPOS="1535" WIDTH="111" WC="0.79" CC="00000" TAGREFS=""/>
            <SP HPOS="1144" ID="SP_666.4.10.14" VPOS="1535" WIDTH="9"/>
            <String CONTENT="the" HEIGHT="34" HPOS="1153" ID="ST_666.4.10.15" STYLEREFS="Style_2" VPOS="1535" WIDTH="60" WC="0.87" CC="000" TAGREFS=""/>
            <SP HPOS="1213" ID="SP_666.4.10.16" VPOS="1535" WIDTH="8"/>
            <String CONTENT="limited" HEIGHT="34" HPOS="1221" ID="ST_666.4.10.17" STYLEREFS="Style_2" VPOS="1535" WIDTH="133" WC="0.88" CC="0000000" TAGREFS=""/>
            <SP HPOS="1354" ID="SP_666.4.10.18" VPOS="1535" WIDTH="8"/>
            <String CONTENT="value" HEIGHT="34" HPOS="1362" ID="ST_666.4.10.19" STYLEREFS="Style_2" VPOS="1535" WIDTH="101" WC="0.84" CC="00000" TAGREFS=""/>
            <SP HPOS="1463" ID="SP_666.4.10.20" VPOS="1533" WIDTH="8"/>
            <String CONTENT="of" HEIGHT="36" HPOS="1471" ID="ST_666.4.10.21" STYLEREFS="Style_2" VPOS="1533" WIDTH="40" WC="0.98" CC="00" TAGREFS=""/>
          </TextLine>
          <TextLine HEIGHT="46" HPOS="294" ID="TL_666.4.11" VPOS="1584" WIDTH="1212">
            <String CONTENT="the" HEIGHT="35" HPOS="294" ID="ST_666.4.11.1" STYLEREFS="Style_2" VPOS="1586" WIDTH="59" WC="1.00" CC="000" TAGREFS=""/>
            <SP HPOS="353" ID="SP_666.4.11.2" VPOS="1586" WIDTH="19"/>
            <String CONTENT="equipment" HEIGHT="44" HPOS="372" ID="ST_666.4.11.3" STYLEREFS="Style_2" VPOS="1586" WIDTH="200" WC="0.98" CC="000000000" TAGREFS=""/>
            <SP HPOS="572" ID="SP_666.4.11.4" VPOS="1591" WIDTH="19"/>
            <String CONTENT="at" HEIGHT="29" HPOS="591" ID="ST_666.4.11.5" STYLEREFS="Style_2" VPOS="1591" WIDTH="36" WC="1.00" CC="00" TAGREFS=""/>
            <SP HPOS="627" ID="SP_666.4.11.6" VPOS="1585" WIDTH="19"/>
            <String CONTENT="the" HEIGHT="35" HPOS="646" ID="ST_666.4.11.7" STYLEREFS="Style_2" VPOS="1585" WIDTH="59" WC="0.98" CC="000" TAGREFS=""/>
            <SP HPOS="705" ID="SP_666.4.11.8" VPOS="1585" WIDTH="19"/>
            <String CONTENT="end" HEIGHT="36" HPOS="724" ID="ST_666.4.11.9" STYLEREFS="Style_2" VPOS="1585" WIDTH="66" WC="0.76" CC="000" TAGREFS=""/>
            <SP HPOS="790" ID="SP_666.4.11.10" VPOS="1585" WIDTH="19"/>
            <String CONTENT="of" HEIGHT="35" HPOS="809" ID="ST_666.4.11.11" STYLEREFS="Style_2" VPOS="1585" WIDTH="40" WC="1.00" CC="00" TAGREFS=""/>
            <SP HPOS="849" ID="SP_666.4.11.12" VPOS="1585" WIDTH="15"/>
            <String CONTENT="the" HEIGHT="35" HPOS="864" ID="ST_666.4.11.13" STYLEREFS="Style_2" VPOS="1585" WIDTH="60" WC="0.76" CC="000" TAGREFS=""/>
            <SP HPOS="924" ID="SP_666.4.11.14" VPOS="1586" WIDTH="18"/>
            <String CONTENT="lease" HEIGHT="34" HPOS="942" ID="ST_666.4.11.15" STYLEREFS="Style_2" VPOS="1586" WIDTH="92" WC="1.00" CC="00000" TAGREFS=""/>
            <SP HPOS="1034" ID="SP_666.4.11.16" VPOS="1596" WIDTH="20"/>
            <String CONTENT="as" HEIGHT="23" HPOS="1054" ID="ST_666.4.11.17" STYLEREFS="Style_2" VPOS="1596" WIDTH="37" WC="0.93" CC="00" TAGREFS=""/>
            <SP HPOS="1091" ID="SP_666.4.11.18" VPOS="1596" WIDTH="19"/>
            <String CONTENT="we" HEIGHT="24" HPOS="1110" ID="ST_666.4.11.19" STYLEREFS="Style_2" VPOS="1596" WIDTH="51" WC="1.00" CC="00" TAGREFS=""/>
            <SP HPOS="1161" ID="SP_666.4.11.20" VPOS="1584" WIDTH="19"/>
            <String CONTENT="noted" HEIGHT="35" HPOS="1180" ID="ST_666.4.11.21" STYLEREFS="Style_2" VPOS="1584" WIDTH="104" WC="0.94" CC="00000" TAGREFS=""/>
            <SP HPOS="1284" ID="SP_666.4.11.22" VPOS="1585" WIDTH="19"/>
            <String CONTENT="previously," HEIGHT="43" HPOS="1303" ID="ST_666.4.11.23" STYLEREFS="Style_2" VPOS="1585" WIDTH="203" WC="0.83" CC="00000000000" TAGREFS=""/>
          </TextLine>
          <TextLine HEIGHT="45" HPOS="295" ID="TL_666.4.12" VPOS="1634" WIDTH="1213">
            <String CONTENT="evidenced" HEIGHT="35" HPOS="295" ID="ST_666.4.12.1" STYLEREFS="Style_2" VPOS="1635" WIDTH="185" WC="0.97" CC="000000000" TAGREFS=""/>
            <SP HPOS="480" ID="SP_666.4.12.2" VPOS="1636" WIDTH="19"/>
            <String CONTENT="by" HEIGHT="43" HPOS="499" ID="ST_666.4.12.3" STYLEREFS="Style_2" VPOS="1636" WIDTH="44" WC="0.77" CC="00" TAGREFS=""/>
            <SP HPOS="543" ID="SP_666.4.12.4" VPOS="1636" WIDTH="18"/>
            <String CONTENT="the" HEIGHT="34" HPOS="561" ID="ST_666.4.12.5" STYLEREFS="Style_2" VPOS="1636" WIDTH="59" WC="0.92" CC="000" TAGREFS=""/>
            <SP HPOS="620" ID="SP_666.4.12.6" VPOS="1636" WIDTH="18"/>
            <String CONTENT="letter" HEIGHT="34" HPOS="638" ID="ST_666.4.12.7" STYLEREFS="Style_2" VPOS="1636" WIDTH="100" WC="0.91" CC="000000" TAGREFS=""/>
            <SP HPOS="738" ID="SP_666.4.12.8" VPOS="1636" WIDTH="18"/>
            <String CONTENT="from" HEIGHT="34" HPOS="756" ID="ST_666.4.12.9" STYLEREFS="Style_2" VPOS="1636" WIDTH="91" WC="0.98" CC="0000" TAGREFS=""/>
            <SP HPOS="847" ID="SP_666.4.12.10" VPOS="1636" WIDTH="19"/>
            <String CONTENT="Bentco" HEIGHT="34" HPOS="866" ID="ST_666.4.12.11" STYLEREFS="Style_2" VPOS="1636" WIDTH="131" WC="0.92" CC="000000" TAGREFS=""/>
            <SP HPOS="997" ID="SP_666.4.12.12" VPOS="1641" WIDTH="18"/>
            <String CONTENT="to" HEIGHT="29" HPOS="1015" ID="ST_666.4.12.13" STYLEREFS="Style_2" VPOS="1641" WIDTH="35" WC="1.00" CC="00" TAGREFS=""/>
            <SP HPOS="1050" ID="SP_666.4.12.14" VPOS="1635" WIDTH="19"/>
            <String CONTENT="Krayecki," HEIGHT="44" HPOS="1069" ID="ST_666.4.12.15" STYLEREFS="Style_2" VPOS="1635" WIDTH="184" WC="0.99" CC="000000000" TAGREFS=""/>
            <SP HPOS="1253" ID="SP_666.4.12.16" VPOS="1646" WIDTH="19"/>
            <String CONTENT="we" HEIGHT="23" HPOS="1272" ID="ST_666.4.12.17" STYLEREFS="Style_2" VPOS="1646" WIDTH="52" WC="1.00" CC="00" TAGREFS=""/>
            <SP HPOS="1324" ID="SP_666.4.12.18" VPOS="1634" WIDTH="17"/>
            <String CONTENT="conclude" HEIGHT="35" HPOS="1341" ID="ST_666.4.12.19" STYLEREFS="Style_2" VPOS="1634" WIDTH="167" WC="0.98" CC="00000000" TAGREFS=""/>
          </TextLine>
          <TextLine HEIGHT="45" HPOS="294" ID="TL_666.4.13" VPOS="1684" WIDTH="1216">
            <String CONTENT="there" HEIGHT="35" HPOS="294" ID="ST_666.4.13.1" STYLEREFS="Style_2" VPOS="1685" WIDTH="98" WC="1.00" CC="00000" TAGREFS=""/>
            <SP HPOS="392" ID="SP_666.4.13.2" VPOS="1685" WIDTH="11"/>
            <String CONTENT="would" HEIGHT="35" HPOS="403" ID="ST_666.4.13.3" STYLEREFS="Style_2" VPOS="1685" WIDTH="113" WC="0.91" CC="00000" TAGREFS=""/>
            <SP HPOS="516" ID="SP_666.4.13.4" VPOS="1686" WIDTH="13"/>
            <String CONTENT="be" HEIGHT="34" HPOS="529" ID="ST_666.4.13.5" STYLEREFS="Style_2" VPOS="1686" WIDTH="43" WC="1.00" CC="00" TAGREFS=""/>
            <SP HPOS="572" ID="SP_666.4.13.6" VPOS="1696" WIDTH="13"/>
            <String CONTENT="no" HEIGHT="24" HPOS="585" ID="ST_666.4.13.7" STYLEREFS="Style_2" VPOS="1696" WIDTH="43" WC="0.72" CC="00" TAGREFS=""/>
            <SP HPOS="628" ID="SP_666.4.13.8" VPOS="1686" WIDTH="13"/>
            <String CONTENT="appreciable" HEIGHT="43" HPOS="641" ID="ST_666.4.13.9" STYLEREFS="Style_2" VPOS="1686" WIDTH="220" WC="0.96" CC="00000000000" TAGREFS=""/>
            <SP HPOS="861" ID="SP_666.4.13.10" VPOS="1685" WIDTH="12"/>
            <String CONTENT="residual" HEIGHT="35" HPOS="873" ID="ST_666.4.13.11" STYLEREFS="Style_2" VPOS="1685" WIDTH="150" WC="1.00" CC="00000000" TAGREFS=""/>
            <SP HPOS="1023" ID="SP_666.4.13.12" VPOS="1685" WIDTH="13"/>
            <String CONTENT="in" HEIGHT="34" HPOS="1036" ID="ST_666.4.13.13" STYLEREFS="Style_2" VPOS="1685" WIDTH="34" WC="0.84" CC="00" TAGREFS=""/>
            <SP HPOS="1070" ID="SP_666.4.13.14" VPOS="1685" WIDTH="13"/>
            <String CONTENT="the" HEIGHT="35" HPOS="1083" ID="ST_666.4.13.15" STYLEREFS="Style_2" VPOS="1685" WIDTH="59" WC="0.80" CC="000" TAGREFS=""/>
            <SP HPOS="1142" ID="SP_666.4.13.16" VPOS="1684" WIDTH="13"/>
            <String CONTENT="goods" HEIGHT="44" HPOS="1155" ID="ST_666.4.13.17" STYLEREFS="Style_2" VPOS="1684" WIDTH="106" WC="0.97" CC="00000" TAGREFS=""/>
            <SP HPOS="1261" ID="SP_666.4.13.18" VPOS="1690" WIDTH="13"/>
            <String CONTENT="at" HEIGHT="29" HPOS="1274" ID="ST_666.4.13.19" STYLEREFS="Style_2" VPOS="1690" WIDTH="36" WC="1.00" CC="00" TAGREFS=""/>
            <SP HPOS="1310" ID="SP_666.4.13.20" VPOS="1685" WIDTH="12"/>
            <String CONTENT="the" HEIGHT="34" HPOS="1322" ID="ST_666.4.13.21" STYLEREFS="Style_2" VPOS="1685" WIDTH="59" WC="1.00" CC="000" TAGREFS=""/>
            <SP HPOS="1381" ID="SP_666.4.13.22" VPOS="1684" WIDTH="12"/>
            <String CONTENT="end" HEIGHT="35" HPOS="1393" ID="ST_666.4.13.23" STYLEREFS="Style_2" VPOS="1684" WIDTH="66" WC="0.94" CC="000" TAGREFS=""/>
            <SP HPOS="1459" ID="SP_666.4.13.24" VPOS="1684" WIDTH="12"/>
            <String CONTENT="of" HEIGHT="34" HPOS="1471" ID="ST_666.4.13.25" STYLEREFS="Style_2" VPOS="1684" WIDTH="39" WC="1.00" CC="00" TAGREFS=""/>
          </TextLine>
          <TextLine HEIGHT="44" HPOS="294" ID="TL_666.4.14" VPOS="1734" WIDTH="1211">
            <String CONTENT="five" HEIGHT="35" HPOS="294" ID="ST_666.4.14.1" STYLEREFS="Style_2" VPOS="1735" WIDTH="64" WC="0.84" CC="0000" TAGREFS=""/>
            <SP HPOS="358" ID="SP_666.4.14.2" VPOS="1746" WIDTH="18"/>
            <String CONTENT="years" HEIGHT="32" HPOS="376" ID="ST_666.4.14.3" STYLEREFS="Style_2" VPOS="1746" WIDTH="99" WC="1.00" CC="00000" TAGREFS=""/>
            <SP HPOS="475" ID="SP_666.4.14.4" VPOS="1735" WIDTH="19"/>
            <String CONTENT="and" HEIGHT="34" HPOS="494" ID="ST_666.4.14.5" STYLEREFS="Style_2" VPOS="1735" WIDTH="68" WC="1.00" CC="000" TAGREFS=""/>
            <SP HPOS="562" ID="SP_666.4.14.6" VPOS="1735" WIDTH="18"/>
            <String CONTENT="that" HEIGHT="34" HPOS="580" ID="ST_666.4.14.7" STYLEREFS="Style_2" VPOS="1735" WIDTH="76" WC="0.98" CC="0000" TAGREFS=""/>
            <SP HPOS="656" ID="SP_666.4.14.8" VPOS="1734" WIDTH="18"/>
            <String CONTENT="the" HEIGHT="35" HPOS="674" ID="ST_666.4.14.9" STYLEREFS="Style_2" VPOS="1734" WIDTH="60" WC="0.84" CC="000" TAGREFS=""/>
            <SP HPOS="734" ID="SP_666.4.14.10" VPOS="1734" WIDTH="17"/>
            <String CONTENT="transaction" HEIGHT="35" HPOS="751" ID="ST_666.4.14.11" STYLEREFS="Style_2" VPOS="1734" WIDTH="213" WC="0.93" CC="00000000000" TAGREFS=""/>
            <SP HPOS="964" ID="SP_666.4.14.12" VPOS="1745" WIDTH="18"/>
            <String CONTENT="was" HEIGHT="24" HPOS="982" ID="ST_666.4.14.13" STYLEREFS="Style_2" VPOS="1745" WIDTH="71" WC="0.86" CC="000" TAGREFS=""/>
            <SP HPOS="1053" ID="SP_666.4.14.14" VPOS="1745" WIDTH="19"/>
            <String CONTENT="a" HEIGHT="23" HPOS="1072" ID="ST_666.4.14.15" STYLEREFS="Style_2" VPOS="1745" WIDTH="20" WC="0.86" CC="0" TAGREFS=""/>
            <SP HPOS="1092" ID="SP_666.4.14.16" VPOS="1735" WIDTH="18"/>
            <String CONTENT="sale" HEIGHT="34" HPOS="1110" ID="ST_666.4.14.17" STYLEREFS="Style_2" VPOS="1735" WIDTH="72" WC="0.87" CC="0000" TAGREFS=""/>
            <SP HPOS="1182" ID="SP_666.4.14.18" VPOS="1734" WIDTH="18"/>
            <String CONTENT="and" HEIGHT="34" HPOS="1200" ID="ST_666.4.14.19" STYLEREFS="Style_2" VPOS="1734" WIDTH="69" WC="0.85" CC="000" TAGREFS=""/>
            <SP HPOS="1269" ID="SP_666.4.14.20" VPOS="1740" WIDTH="18"/>
            <String CONTENT="not" HEIGHT="29" HPOS="1287" ID="ST_666.4.14.21" STYLEREFS="Style_2" VPOS="1740" WIDTH="60" WC="0.66" CC="000" TAGREFS=""/>
            <SP HPOS="1347" ID="SP_666.4.14.22" VPOS="1745" WIDTH="18"/>
            <String CONTENT="a" HEIGHT="23" HPOS="1365" ID="ST_666.4.14.23" STYLEREFS="Style_2" VPOS="1745" WIDTH="20" WC="1.00" CC="0" TAGREFS=""/>
            <SP HPOS="1385" ID="SP_666.4.14.24" VPOS="1735" WIDTH="19"/>
            <String CONTENT="lease." HEIGHT="33" HPOS="1404" ID="ST_666.4.14.25" STYLEREFS="Style_2" VPOS="1735" WIDTH="101" WC="0.94" CC="000000" TAGREFS=""/>
          </TextLine>
        </TextBlock>
        <TextBlock HEIGHT="640.0" HPOS="293.0" ID="BL_666.5" TAGREFS="b666-7" VPOS="1812.0" WIDTH="1215.0">
          <TextLine HEIGHT="45" HPOS="385" ID="TL_666.5.1" VPOS="1812" WIDTH="1123">
            <String CONTENT="In" HEIGHT="34" HPOS="526" ID="ST_666.5.1.5" STYLEREFS="Style_2" VPOS="1814" WIDTH="38" WC="0.88" CC="00" TAGREFS=""/>
            <SP HPOS="564" ID="SP_666.5.1.6" VPOS="1813" WIDTH="13"/>
            <String CONTENT="this" HEIGHT="35" HPOS="577" ID="ST_666.5.1.7" STYLEREFS="Style_2" VPOS="1813" WIDTH="68" WC="0.88" CC="0000" TAGREFS=""/>
            <SP HPOS="645" ID="SP_666.5.1.8" VPOS="1824" WIDTH="12"/>
            <String CONTENT="case," HEIGHT="30" HPOS="657" ID="ST_666.5.1.9" STYLEREFS="Style_2" VPOS="1824" WIDTH="90" WC="0.92" CC="00000" TAGREFS=""/>
            <SP HPOS="747" ID="SP_666.5.1.10" VPOS="1813" WIDTH="14"/>
            <String CONTENT="the" HEIGHT="35" HPOS="761" ID="ST_666.5.1.11" STYLEREFS="Style_2" VPOS="1813" WIDTH="59" WC="0.90" CC="000" TAGREFS=""/>
            <SP HPOS="820" ID="SP_666.5.1.12" VPOS="1813" WIDTH="13"/>
            <String CONTENT="difference" HEIGHT="35" HPOS="833" ID="ST_666.5.1.13" STYLEREFS="Style_2" VPOS="1813" WIDTH="188" WC="0.78" CC="0090000000" TAGREFS=""/>
            <SP HPOS="1021" ID="SP_666.5.1.14" VPOS="1813" WIDTH="12"/>
            <String CONTENT="in" HEIGHT="34" HPOS="1033" ID="ST_666.5.1.15" STYLEREFS="Style_2" VPOS="1813" WIDTH="35" WC="0.79" CC="00" TAGREFS=""/>
            <SP HPOS="1068" ID="SP_666.5.1.16" VPOS="1812" WIDTH="13"/>
            <String CONTENT="the" HEIGHT="35" HPOS="1081" ID="ST_666.5.1.17" STYLEREFS="Style_2" VPOS="1812" WIDTH="59" WC="1.00" CC="000" TAGREFS=""/>
            <SP HPOS="1140" ID="SP_666.5.1.18" VPOS="1813" WIDTH="13"/>
            <String CONTENT="price" HEIGHT="44" HPOS="1153" ID="ST_666.5.1.19" STYLEREFS="Style_2" VPOS="1813" WIDTH="93" WC="0.89" CC="00000" TAGREFS=""/>
            <SP HPOS="1246" ID="SP_666.5.1.20" VPOS="1812" WIDTH="13"/>
            <String CONTENT="for" HEIGHT="34" HPOS="1259" ID="ST_666.5.1.21" STYLEREFS="Style_2" VPOS="1812" WIDTH="53" WC="0.96" CC="000" TAGREFS=""/>
            <SP HPOS="1312" ID="SP_666.5.1.22" VPOS="1812" WIDTH="12"/>
            <String CONTENT="which" HEIGHT="35" HPOS="1324" ID="ST_666.5.1.23" STYLEREFS="Style_2" VPOS="1812" WIDTH="112" WC="0.96" CC="00000" TAGREFS=""/>
            <SP HPOS="1436" ID="SP_666.5.1.24" VPOS="1812" WIDTH="13"/>
            <String CONTENT="the" HEIGHT="34" HPOS="1449" ID="ST_666.5.1.25" STYLEREFS="Style_2" VPOS="1812" WIDTH="59" WC="1.00" CC="000" TAGREFS=""/>
          </TextLine>
          <TextLine HEIGHT="45" HPOS="294" ID="TL_666.5.2" VPOS="1862" WIDTH="1214">
            <String CONTENT="system" HEIGHT="37" HPOS="294" ID="ST_666.5.2.1" STYLEREFS="Style_2" VPOS="1869" WIDTH="128" WC="0.93" CC="000000" TAGREFS=""/>
            <SP HPOS="422" ID="SP_666.5.2.2" VPOS="1863" WIDTH="22"/>
            <String CONTENT="could" HEIGHT="35" HPOS="444" ID="ST_666.5.2.3" STYLEREFS="Style_2" VPOS="1863" WIDTH="102" WC="0.75" CC="00000" TAGREFS=""/>
            <SP HPOS="546" ID="SP_666.5.2.4" VPOS="1864" WIDTH="22"/>
            <String CONTENT="have" HEIGHT="34" HPOS="568" ID="ST_666.5.2.5" STYLEREFS="Style_2" VPOS="1864" WIDTH="86" WC="0.99" CC="0000" TAGREFS=""/>
            <SP HPOS="654" ID="SP_666.5.2.6" VPOS="1863" WIDTH="21"/>
            <String CONTENT="been" HEIGHT="35" HPOS="675" ID="ST_666.5.2.7" STYLEREFS="Style_2" VPOS="1863" WIDTH="87" WC="0.97" CC="0000" TAGREFS=""/>
            <SP HPOS="762" ID="SP_666.5.2.8" VPOS="1863" WIDTH="21"/>
            <String CONTENT="purchased" HEIGHT="44" HPOS="783" ID="ST_666.5.2.9" STYLEREFS="Style_2" VPOS="1863" WIDTH="194" WC="0.91" CC="000000000" TAGREFS=""/>
            <SP HPOS="977" ID="SP_666.5.2.10" VPOS="1863" WIDTH="22"/>
            <String CONTENT="by" HEIGHT="43" HPOS="999" ID="ST_666.5.2.11" STYLEREFS="Style_2" VPOS="1863" WIDTH="45" WC="1.00" CC="00" TAGREFS=""/>
            <SP HPOS="1044" ID="SP_666.5.2.12" VPOS="1862" WIDTH="22"/>
            <String CONTENT="Hill" HEIGHT="35" HPOS="1066" ID="ST_666.5.2.13" STYLEREFS="Style_2" VPOS="1862" WIDTH="74" WC="0.89" CC="0000" TAGREFS=""/>
            <SP HPOS="1140" ID="SP_666.5.2.14" VPOS="1874" WIDTH="21"/>
            <String CONTENT="as" HEIGHT="23" HPOS="1161" ID="ST_666.5.2.15" STYLEREFS="Style_2" VPOS="1874" WIDTH="37" WC="1.00" CC="00" TAGREFS=""/>
            <SP HPOS="1198" ID="SP_666.5.2.16" VPOS="1862" WIDTH="22"/>
            <String CONTENT="opposed" HEIGHT="44" HPOS="1220" ID="ST_666.5.2.17" STYLEREFS="Style_2" VPOS="1862" WIDTH="151" WC="0.97" CC="0000000" TAGREFS=""/>
            <SP HPOS="1371" ID="SP_666.5.2.18" VPOS="1868" WIDTH="22"/>
            <String CONTENT="to" HEIGHT="28" HPOS="1393" ID="ST_666.5.2.19" STYLEREFS="Style_2" VPOS="1868" WIDTH="35" WC="1.00" CC="00" TAGREFS=""/>
            <SP HPOS="1428" ID="SP_666.5.2.20" VPOS="1862" WIDTH="21"/>
            <String CONTENT="the" HEIGHT="34" HPOS="1449" ID="ST_666.5.2.21" STYLEREFS="Style_2" VPOS="1862" WIDTH="59" WC="1.00" CC="000" TAGREFS=""/>
          </TextLine>
          <TextLine HEIGHT="44" HPOS="294" ID="TL_666.5.3" VPOS="1912" WIDTH="1212">
            <String CONTENT="payments" HEIGHT="38" HPOS="294" ID="ST_666.5.3.1" STYLEREFS="Style_2" VPOS="1918" WIDTH="181" WC="0.73" CC="00000000" TAGREFS=""/>
            <SP HPOS="475" ID="SP_666.5.3.2" VPOS="1918" WIDTH="18"/>
            <String CONTENT="to" HEIGHT="28" HPOS="493" ID="ST_666.5.3.3" STYLEREFS="Style_2" VPOS="1918" WIDTH="35" WC="0.93" CC="00" TAGREFS=""/>
            <SP HPOS="528" ID="SP_666.5.3.4" VPOS="1913" WIDTH="17"/>
            <String CONTENT="be" HEIGHT="34" HPOS="545" ID="ST_666.5.3.5" STYLEREFS="Style_2" VPOS="1913" WIDTH="42" WC="1.00" CC="00" TAGREFS=""/>
            <SP HPOS="587" ID="SP_666.5.3.6" VPOS="1912" WIDTH="16"/>
            <String CONTENT="made" HEIGHT="35" HPOS="603" ID="ST_666.5.3.7" STYLEREFS="Style_2" VPOS="1912" WIDTH="103" WC="0.76" CC="0000" TAGREFS=""/>
            <SP HPOS="706" ID="SP_666.5.3.8" VPOS="1913" WIDTH="16"/>
            <String CONTENT="under" HEIGHT="34" HPOS="722" ID="ST_666.5.3.9" STYLEREFS="Style_2" VPOS="1913" WIDTH="109" WC="0.66" CC="00000" TAGREFS=""/>
            <SP HPOS="831" ID="SP_666.5.3.10" VPOS="1913" WIDTH="17"/>
            <String CONTENT="the" HEIGHT="33" HPOS="848" ID="ST_666.5.3.11" STYLEREFS="Style_2" VPOS="1913" WIDTH="59" WC="1.00" CC="000" TAGREFS=""/>
            <SP HPOS="907" ID="SP_666.5.3.12" VPOS="1913" WIDTH="17"/>
            <String CONTENT="“lease,”" HEIGHT="40" HPOS="924" ID="ST_666.5.3.13" STYLEREFS="Style_2" VPOS="1913" WIDTH="149" WC="0.67" CC="90000009" TAGREFS=""/>
            <SP HPOS="1073" ID="SP_666.5.3.14" VPOS="1923" WIDTH="18"/>
            <String CONTENT="was" HEIGHT="24" HPOS="1091" ID="ST_666.5.3.15" STYLEREFS="Style_2" VPOS="1923" WIDTH="70" WC="0.68" CC="000" TAGREFS=""/>
            <SP HPOS="1161" ID="SP_666.5.3.16" VPOS="1912" WIDTH="16"/>
            <String CONTENT="patently" HEIGHT="44" HPOS="1177" ID="ST_666.5.3.17" STYLEREFS="Style_2" VPOS="1912" WIDTH="156" WC="0.76" CC="00000000" TAGREFS=""/>
            <SP HPOS="1333" ID="SP_666.5.3.18" VPOS="1912" WIDTH="16"/>
            <String CONTENT="usurious" HEIGHT="35" HPOS="1349" ID="ST_666.5.3.19" STYLEREFS="Style_2" VPOS="1912" WIDTH="157" WC="0.78" CC="00000000" TAGREFS=""/>
          </TextLine>
          <TextLine HEIGHT="41" HPOS="294" ID="TL_666.5.4" VPOS="1961" WIDTH="1212">
            <String CONTENT="and" HEIGHT="34" HPOS="294" ID="ST_666.5.4.1" STYLEREFS="Style_2" VPOS="1962" WIDTH="68" WC="0.99" CC="000" TAGREFS=""/>
            <SP HPOS="362" ID="SP_666.5.4.2" VPOS="1963" WIDTH="17"/>
            <String CONTENT="the" HEIGHT="33" HPOS="379" ID="ST_666.5.4.3" STYLEREFS="Style_2" VPOS="1963" WIDTH="59" WC="1.00" CC="000" TAGREFS=""/>
            <SP HPOS="438" ID="SP_666.5.4.4" VPOS="1962" WIDTH="15"/>
            <String CONTENT="transaction" HEIGHT="34" HPOS="453" ID="ST_666.5.4.5" STYLEREFS="Style_2" VPOS="1962" WIDTH="212" WC="0.95" CC="00000000000" TAGREFS=""/>
            <SP HPOS="665" ID="SP_666.5.4.6" VPOS="1973" WIDTH="16"/>
            <String CONTENT="was" HEIGHT="23" HPOS="681" ID="ST_666.5.4.7" STYLEREFS="Style_2" VPOS="1973" WIDTH="70" WC="1.00" CC="000" TAGREFS=""/>
            <SP HPOS="751" ID="SP_666.5.4.8" VPOS="1962" WIDTH="15"/>
            <String CONTENT="void." HEIGHT="34" HPOS="766" ID="ST_666.5.4.9" STYLEREFS="Style_2" VPOS="1962" WIDTH="89" WC="1.00" CC="00000" TAGREFS=""/>
            <SP HPOS="855" ID="SP_666.5.4.10" VPOS="1961" WIDTH="21"/>
            <String CONTENT="United" HEIGHT="35" HPOS="876" ID="ST_666.5.4.11" STYLEREFS="Style_4" VPOS="1961" WIDTH="128" WC="0.94" CC="000000" TAGREFS=""/>
            <SP HPOS="1004" ID="SP_666.5.4.12" VPOS="1961" WIDTH="13"/>
            <String CONTENT="Bilt" HEIGHT="35" HPOS="1017" ID="ST_666.5.4.13" STYLEREFS="Style_4" VPOS="1961" WIDTH="73" WC="1.00" CC="0090" TAGREFS=""/>
            <SP HPOS="1090" ID="SP_666.5.4.14" VPOS="1963" WIDTH="15"/>
            <String CONTENT="Homes" HEIGHT="33" HPOS="1105" ID="ST_666.5.4.15" STYLEREFS="Style_4" VPOS="1963" WIDTH="136" WC="1.00" CC="00000" TAGREFS=""/>
            <SP HPOS="1241" ID="SP_666.5.4.16" VPOS="1973" WIDTH="14"/>
            <String CONTENT="v." HEIGHT="22" HPOS="1255" ID="ST_666.5.4.17" STYLEREFS="Style_2" VPOS="1973" WIDTH="30" WC="1.00" CC="00" TAGREFS=""/>
            <SP HPOS="1285" ID="SP_666.5.4.18" VPOS="1961" WIDTH="17"/>
            <String CONTENT="Elder," HEIGHT="41" HPOS="1302" ID="ST_666.5.4.19" STYLEREFS="Style_4" VPOS="1961" WIDTH="118" WC="0.99" CC="000000" TAGREFS=""/>
            <SP HPOS="1420" ID="SP_666.5.4.20" VPOS="1962" WIDTH="19"/>
            <String CONTENT="272" HEIGHT="33" HPOS="1439" ID="ST_666.5.4.21" STYLEREFS="Style_2" VPOS="1962" WIDTH="67" WC="1.00" CC="000" TAGREFS=""/>
          </TextLine>
          <TextLine HEIGHT="44" HPOS="294" ID="TL_666.5.5" VPOS="2010" WIDTH="1211">
            <String CONTENT="Ark." HEIGHT="34" HPOS="294" ID="ST_666.5.5.1" STYLEREFS="Style_2" VPOS="2012" WIDTH="84" WC="0.91" CC="0000" TAGREFS=""/>
            <SP HPOS="378" ID="SP_666.5.5.2" VPOS="2012" WIDTH="13"/>
            <String CONTENT="496, 615" HEIGHT="40" HPOS="391" ID="ST_666.5.5.3" STYLEREFS="Style_2" VPOS="2012" WIDTH="158" WC="1.0" CC="00000000" TAGREFS=""/>
            <SP HPOS="549" ID="SP_666.5.5.4" VPOS="2011" WIDTH="13"/>
            <String CONTENT="S.W.2d" HEIGHT="35" HPOS="562" ID="ST_666.5.5.5" STYLEREFS="Style_2" VPOS="2011" WIDTH="142" WC="0.93" CC="000000" TAGREFS=""/>
            <SP HPOS="704" ID="SP_666.5.5.6" VPOS="2012" WIDTH="14"/>
            <String CONTENT="367" HEIGHT="34" HPOS="718" ID="ST_666.5.5.7" STYLEREFS="Style_2" VPOS="2012" WIDTH="65" WC="1.00" CC="000" TAGREFS=""/>
            <SP HPOS="783" ID="SP_666.5.5.8" VPOS="2010" WIDTH="15"/>
            <String CONTENT="(1981);" HEIGHT="44" HPOS="798" ID="ST_666.5.5.9" STYLEREFS="Style_2" VPOS="2010" WIDTH="138" WC="0.96" CC="0009990" TAGREFS=""/>
            <SP HPOS="936" ID="SP_666.5.5.10" VPOS="2013" WIDTH="15"/>
            <String CONTENT="Textraon Inc." HEIGHT="32" HPOS="951" ID="ST_666.5.5.11" STYLEREFS="Style_4" VPOS="2013" WIDTH="254" WC="1.0" CC="0000000000000" TAGREFS=""/>
            <SP HPOS="1205" ID="SP_666.5.5.12" VPOS="2022" WIDTH="12"/>
            <String CONTENT="v." HEIGHT="23" HPOS="1217" ID="ST_666.5.5.13" STYLEREFS="Style_2" VPOS="2022" WIDTH="30" WC="1.00" CC="00" TAGREFS=""/>
            <SP HPOS="1247" ID="SP_666.5.5.14" VPOS="2010" WIDTH="17"/>
            <String CONTENT="Whitner," HEIGHT="41" HPOS="1264" ID="ST_666.5.5.15" STYLEREFS="Style_4" VPOS="2010" WIDTH="162" WC="0.91" CC="00000000" TAGREFS=""/>
            <SP HPOS="1426" ID="SP_666.5.5.16" VPOS="2011" WIDTH="13"/>
            <String CONTENT="249" HEIGHT="34" HPOS="1439" ID="ST_666.5.5.17" STYLEREFS="Style_2" VPOS="2011" WIDTH="66" WC="1.00" CC="000" TAGREFS=""/>
          </TextLine>
          <TextLine HEIGHT="44" HPOS="294" ID="TL_666.5.6" VPOS="2060" WIDTH="1212">
            <String CONTENT="Ark." HEIGHT="34" HPOS="294" ID="ST_666.5.6.1" STYLEREFS="Style_2" VPOS="2062" WIDTH="85" WC="0.93" CC="0000" TAGREFS=""/>
            <SP HPOS="379" ID="SP_666.5.6.2" VPOS="2062" WIDTH="21"/>
            <String CONTENT="57," HEIGHT="40" HPOS="400" ID="ST_666.5.6.3" STYLEREFS="Style_2" VPOS="2062" WIDTH="55" WC="1.00" CC="000" TAGREFS=""/>
            <SP HPOS="455" ID="SP_666.5.6.4" VPOS="2062" WIDTH="19"/>
            <String CONTENT="458" HEIGHT="34" HPOS="474" ID="ST_666.5.6.5" STYLEREFS="Style_2" VPOS="2062" WIDTH="67" WC="0.68" CC="000" TAGREFS=""/>
            <SP HPOS="541" ID="SP_666.5.6.6" VPOS="2060" WIDTH="21"/>
            <String CONTENT="S.W.2d" HEIGHT="35" HPOS="562" ID="ST_666.5.6.7" STYLEREFS="Style_2" VPOS="2060" WIDTH="143" WC="1.00" CC="000000" TAGREFS=""/>
            <SP HPOS="705" ID="SP_666.5.6.8" VPOS="2062" WIDTH="20"/>
            <String CONTENT="367" HEIGHT="33" HPOS="725" ID="ST_666.5.6.9" STYLEREFS="Style_2" VPOS="2062" WIDTH="65" WC="0.88" CC="000" TAGREFS=""/>
            <SP HPOS="790" ID="SP_666.5.6.10" VPOS="2060" WIDTH="22"/>
            <String CONTENT="(1970)." HEIGHT="43" HPOS="812" ID="ST_666.5.6.11" STYLEREFS="Style_2" VPOS="2060" WIDTH="138" WC="0.89" CC="0000000" TAGREFS=""/>
            <SP HPOS="950" ID="SP_666.5.6.12" VPOS="2061" WIDTH="20"/>
            <String CONTENT="The" HEIGHT="34" HPOS="970" ID="ST_666.5.6.13" STYLEREFS="Style_2" VPOS="2061" WIDTH="75" WC="0.81" CC="000" TAGREFS=""/>
            <SP HPOS="1045" ID="SP_666.5.6.14" VPOS="2061" WIDTH="17"/>
            <String CONTENT="appellants" HEIGHT="43" HPOS="1062" ID="ST_666.5.6.15" STYLEREFS="Style_2" VPOS="2061" WIDTH="194" WC="0.87" CC="0000000000" TAGREFS=""/>
            <SP HPOS="1256" ID="SP_666.5.6.16" VPOS="2060" WIDTH="19"/>
            <String CONTENT="pleaded" HEIGHT="44" HPOS="1275" ID="ST_666.5.6.17" STYLEREFS="Style_2" VPOS="2060" WIDTH="145" WC="1.00" CC="0000000" TAGREFS=""/>
            <SP HPOS="1420" ID="SP_666.5.6.18" VPOS="2060" WIDTH="18"/>
            <String CONTENT="and" HEIGHT="34" HPOS="1438" ID="ST_666.5.6.19" STYLEREFS="Style_2" VPOS="2060" WIDTH="68" WC="0.85" CC="000" TAGREFS=""/>
          </TextLine>
          <TextLine HEIGHT="44" HPOS="294" ID="TL_666.5.7" VPOS="2110" WIDTH="1212">
            <String CONTENT="argued" HEIGHT="43" HPOS="294" ID="ST_666.5.7.1" STYLEREFS="Style_2" VPOS="2111" WIDTH="130" WC="0.82" CC="000000" TAGREFS=""/>
            <SP HPOS="424" ID="SP_666.5.7.2" VPOS="2110" WIDTH="28"/>
            <String CONTENT="the" HEIGHT="35" HPOS="452" ID="ST_666.5.7.3" STYLEREFS="Style_2" VPOS="2110" WIDTH="59" WC="0.72" CC="000" TAGREFS=""/>
            <SP HPOS="511" ID="SP_666.5.7.4" VPOS="2122" WIDTH="25"/>
            <String CONTENT="usury" HEIGHT="32" HPOS="536" ID="ST_666.5.7.5" STYLEREFS="Style_2" VPOS="2122" WIDTH="105" WC="0.68" CC="00000" TAGREFS=""/>
            <SP HPOS="641" ID="SP_666.5.7.6" VPOS="2110" WIDTH="26"/>
            <String CONTENT="defense" HEIGHT="35" HPOS="667" ID="ST_666.5.7.7" STYLEREFS="Style_2" VPOS="2110" WIDTH="142" WC="0.86" CC="0000000" TAGREFS=""/>
            <SP HPOS="809" ID="SP_666.5.7.8" VPOS="2110" WIDTH="24"/>
            <String CONTENT="in" HEIGHT="35" HPOS="833" ID="ST_666.5.7.9" STYLEREFS="Style_2" VPOS="2110" WIDTH="35" WC="0.53" CC="00" TAGREFS=""/>
            <SP HPOS="868" ID="SP_666.5.7.10" VPOS="2110" WIDTH="27"/>
            <String CONTENT="accordance" HEIGHT="35" HPOS="895" ID="ST_666.5.7.11" STYLEREFS="Style_2" VPOS="2110" WIDTH="215" WC="0.82" CC="0000000000" TAGREFS=""/>
            <SP HPOS="1110" ID="SP_666.5.7.12" VPOS="2110" WIDTH="25"/>
            <String CONTENT="with" HEIGHT="35" HPOS="1135" ID="ST_666.5.7.13" STYLEREFS="Style_2" VPOS="2110" WIDTH="82" WC="0.74" CC="0000" TAGREFS=""/>
            <SP HPOS="1217" ID="SP_666.5.7.14" VPOS="2110" WIDTH="28"/>
            <String CONTENT="the" HEIGHT="34" HPOS="1245" ID="ST_666.5.7.15" STYLEREFS="Style_2" VPOS="2110" WIDTH="59" WC="0.90" CC="000" TAGREFS=""/>
            <SP HPOS="1304" ID="SP_666.5.7.16" VPOS="2110" WIDTH="24"/>
            <String CONTENT="Arkansas" HEIGHT="35" HPOS="1328" ID="ST_666.5.7.17" STYLEREFS="Style_2" VPOS="2110" WIDTH="178" WC="0.91" CC="00000000" TAGREFS=""/>
          </TextLine>
          <TextLine HEIGHT="45" HPOS="294" ID="TL_666.5.8" VPOS="2160" WIDTH="1212">
            <String CONTENT="Constitution," HEIGHT="41" HPOS="294" ID="ST_666.5.8.1" STYLEREFS="Style_2" VPOS="2161" WIDTH="247" WC="0.93" CC="0000000000000" TAGREFS=""/>
            <SP HPOS="541" ID="SP_666.5.8.2" VPOS="2162" WIDTH="12"/>
            <String CONTENT="Art." HEIGHT="33" HPOS="553" ID="ST_666.5.8.3" STYLEREFS="Style_2" VPOS="2162" WIDTH="77" WC="0.98" CC="0000" TAGREFS=""/>
            <SP HPOS="630" ID="SP_666.5.8.4" VPOS="2161" WIDTH="17"/>
            <String CONTENT="19," HEIGHT="40" HPOS="647" ID="ST_666.5.8.5" STYLEREFS="Style_2" VPOS="2161" WIDTH="52" WC="1.00" CC="990" TAGREFS=""/>
            <SP HPOS="699" ID="SP_666.5.8.6" VPOS="2161" WIDTH="14"/>
            <String CONTENT="§" HEIGHT="42" HPOS="713" ID="ST_666.5.8.7" STYLEREFS="Style_2" VPOS="2161" WIDTH="17" WC="1.00" CC="0" TAGREFS=""/>
            <SP HPOS="730" ID="SP_666.5.8.8" VPOS="2162" WIDTH="18"/>
            <String CONTENT="13." HEIGHT="33" HPOS="748" ID="ST_666.5.8.9" STYLEREFS="Style_2" VPOS="2162" WIDTH="51" WC="0.83" CC="000" TAGREFS=""/>
            <SP HPOS="799" ID="SP_666.5.8.10" VPOS="2161" WIDTH="13"/>
            <String CONTENT="On" HEIGHT="34" HPOS="812" ID="ST_666.5.8.11" STYLEREFS="Style_2" VPOS="2161" WIDTH="57" WC="0.81" CC="00" TAGREFS=""/>
            <SP HPOS="869" ID="SP_666.5.8.12" VPOS="2161" WIDTH="12"/>
            <String CONTENT="appeal," HEIGHT="44" HPOS="881" ID="ST_666.5.8.13" STYLEREFS="Style_2" VPOS="2161" WIDTH="135" WC="0.99" CC="0000000" TAGREFS=""/>
            <SP HPOS="1016" ID="SP_666.5.8.14" VPOS="2161" WIDTH="13"/>
            <String CONTENT="Bentco" HEIGHT="34" HPOS="1029" ID="ST_666.5.8.15" STYLEREFS="Style_2" VPOS="2161" WIDTH="130" WC="0.79" CC="000000" TAGREFS=""/>
            <SP HPOS="1159" ID="SP_666.5.8.16" VPOS="2171" WIDTH="12"/>
            <String CONTENT="argues" HEIGHT="32" HPOS="1171" ID="ST_666.5.8.17" STYLEREFS="Style_2" VPOS="2171" WIDTH="123" WC="0.94" CC="000000" TAGREFS=""/>
            <SP HPOS="1294" ID="SP_666.5.8.18" VPOS="2161" WIDTH="12"/>
            <String CONTENT="the" HEIGHT="34" HPOS="1306" ID="ST_666.5.8.19" STYLEREFS="Style_2" VPOS="2161" WIDTH="59" WC="0.91" CC="000" TAGREFS=""/>
            <SP HPOS="1365" ID="SP_666.5.8.20" VPOS="2160" WIDTH="11"/>
            <String CONTENT="federal" HEIGHT="34" HPOS="1376" ID="ST_666.5.8.21" STYLEREFS="Style_2" VPOS="2160" WIDTH="130" WC="0.98" CC="0000000" TAGREFS=""/>
          </TextLine>
          <TextLine HEIGHT="44" HPOS="294" ID="TL_666.5.9" VPOS="2210" WIDTH="1213">
            <String CONTENT="override" HEIGHT="34" HPOS="294" ID="ST_666.5.9.1" STYLEREFS="Style_2" VPOS="2211" WIDTH="154" WC="0.95" CC="00000000" TAGREFS=""/>
            <SP HPOS="448" ID="SP_666.5.9.2" VPOS="2216" WIDTH="16"/>
            <String CONTENT="statute," HEIGHT="35" HPOS="464" ID="ST_666.5.9.3" STYLEREFS="Style_2" VPOS="2216" WIDTH="140" WC="1.00" CC="00000000" TAGREFS=""/>
            <SP HPOS="604" ID="SP_666.5.9.4" VPOS="2212" WIDTH="21"/>
            <String CONTENT="12" HEIGHT="33" HPOS="625" ID="ST_666.5.9.5" STYLEREFS="Style_2" VPOS="2212" WIDTH="41" WC="0.94" CC="99" TAGREFS=""/>
            <SP HPOS="666" ID="SP_666.5.9.6" VPOS="2211" WIDTH="16"/>
            <String CONTENT="U.S.C." HEIGHT="34" HPOS="682" ID="ST_666.5.9.7" STYLEREFS="Style_2" VPOS="2211" WIDTH="129" WC="0.95" CC="000000" TAGREFS=""/>
            <SP HPOS="811" ID="SP_666.5.9.8" VPOS="2211" WIDTH="20"/>
            <String CONTENT="86a," HEIGHT="40" HPOS="831" ID="ST_666.5.9.9" STYLEREFS="Style_2" VPOS="2211" WIDTH="77" WC="0.87" CC="0000" TAGREFS=""/>
            <SP HPOS="908" ID="SP_666.5.9.10" VPOS="2211" WIDTH="18"/>
            <String CONTENT="is" HEIGHT="34" HPOS="926" ID="ST_666.5.9.11" STYLEREFS="Style_2" VPOS="2211" WIDTH="27" WC="1.00" CC="00" TAGREFS=""/>
            <SP HPOS="953" ID="SP_666.5.9.12" VPOS="2210" WIDTH="17"/>
            <String CONTENT="applicable," HEIGHT="44" HPOS="970" ID="ST_666.5.9.13" STYLEREFS="Style_2" VPOS="2210" WIDTH="205" WC="0.89" CC="00000000000" TAGREFS=""/>
            <SP HPOS="1175" ID="SP_666.5.9.14" VPOS="2210" WIDTH="17"/>
            <String CONTENT="but" HEIGHT="34" HPOS="1192" ID="ST_666.5.9.15" STYLEREFS="Style_2" VPOS="2210" WIDTH="62" WC="1.00" CC="000" TAGREFS=""/>
            <SP HPOS="1254" ID="SP_666.5.9.16" VPOS="2210" WIDTH="16"/>
            <String CONTENT="that" HEIGHT="35" HPOS="1270" ID="ST_666.5.9.17" STYLEREFS="Style_2" VPOS="2210" WIDTH="76" WC="0.92" CC="0000" TAGREFS=""/>
            <SP HPOS="1346" ID="SP_666.5.9.18" VPOS="2221" WIDTH="16"/>
            <String CONTENT="was" HEIGHT="23" HPOS="1362" ID="ST_666.5.9.19" STYLEREFS="Style_2" VPOS="2221" WIDTH="69" WC="1.00" CC="000" TAGREFS=""/>
            <SP HPOS="1431" ID="SP_666.5.9.20" VPOS="2214" WIDTH="17"/>
            <String CONTENT="not" HEIGHT="30" HPOS="1448" ID="ST_666.5.9.21" STYLEREFS="Style_2" VPOS="2214" WIDTH="59" WC="1.00" CC="000" TAGREFS=""/>
          </TextLine>
          <TextLine HEIGHT="44" HPOS="294" ID="TL_666.5.10" VPOS="2260" WIDTH="1214">
            <String CONTENT="argued" HEIGHT="44" HPOS="294" ID="ST_666.5.10.1" STYLEREFS="Style_2" VPOS="2260" WIDTH="131" WC="0.99" CC="000000" TAGREFS=""/>
            <SP HPOS="425" ID="SP_666.5.10.2" VPOS="2261" WIDTH="14"/>
            <String CONTENT="below," HEIGHT="41" HPOS="439" ID="ST_666.5.10.3" STYLEREFS="Style_2" VPOS="2261" WIDTH="120" WC="0.95" CC="000000" TAGREFS=""/>
            <SP HPOS="559" ID="SP_666.5.10.4" VPOS="2271" WIDTH="16"/>
            <String CONTENT="nor" HEIGHT="24" HPOS="575" ID="ST_666.5.10.5" STYLEREFS="Style_2" VPOS="2271" WIDTH="61" WC="1.00" CC="000" TAGREFS=""/>
            <SP HPOS="636" ID="SP_666.5.10.6" VPOS="2271" WIDTH="14"/>
            <String CONTENT="was" HEIGHT="23" HPOS="650" ID="ST_666.5.10.7" STYLEREFS="Style_2" VPOS="2271" WIDTH="70" WC="1.00" CC="000" TAGREFS=""/>
            <SP HPOS="720" ID="SP_666.5.10.8" VPOS="2272" WIDTH="15"/>
            <String CONTENT="any" HEIGHT="32" HPOS="735" ID="ST_666.5.10.9" STYLEREFS="Style_2" VPOS="2272" WIDTH="67" WC="0.81" CC="000" TAGREFS=""/>
            <SP HPOS="802" ID="SP_666.5.10.10" VPOS="2260" WIDTH="14"/>
            <String CONTENT="objection" HEIGHT="43" HPOS="816" ID="ST_666.5.10.11" STYLEREFS="Style_2" VPOS="2260" WIDTH="173" WC="0.92" CC="000000000" TAGREFS=""/>
            <SP HPOS="989" ID="SP_666.5.10.12" VPOS="2260" WIDTH="15"/>
            <String CONTENT="made" HEIGHT="34" HPOS="1004" ID="ST_666.5.10.13" STYLEREFS="Style_2" VPOS="2260" WIDTH="103" WC="1.00" CC="0000" TAGREFS=""/>
            <SP HPOS="1107" ID="SP_666.5.10.14" VPOS="2271" WIDTH="14"/>
            <String CONTENT="as" HEIGHT="24" HPOS="1121" ID="ST_666.5.10.15" STYLEREFS="Style_2" VPOS="2271" WIDTH="37" WC="1.00" CC="00" TAGREFS=""/>
            <SP HPOS="1158" ID="SP_666.5.10.16" VPOS="2265" WIDTH="15"/>
            <String CONTENT="to" HEIGHT="29" HPOS="1173" ID="ST_666.5.10.17" STYLEREFS="Style_2" VPOS="2265" WIDTH="35" WC="1.00" CC="00" TAGREFS=""/>
            <SP HPOS="1208" ID="SP_666.5.10.18" VPOS="2260" WIDTH="14"/>
            <String CONTENT="the" HEIGHT="34" HPOS="1222" ID="ST_666.5.10.19" STYLEREFS="Style_2" VPOS="2260" WIDTH="60" WC="0.83" CC="000" TAGREFS=""/>
            <SP HPOS="1282" ID="SP_666.5.10.20" VPOS="2265" WIDTH="13"/>
            <String CONTENT="ten" HEIGHT="29" HPOS="1295" ID="ST_666.5.10.21" STYLEREFS="Style_2" VPOS="2265" WIDTH="58" WC="0.90" CC="000" TAGREFS=""/>
            <SP HPOS="1353" ID="SP_666.5.10.22" VPOS="2264" WIDTH="15"/>
            <String CONTENT="percent" HEIGHT="40" HPOS="1368" ID="ST_666.5.10.23" STYLEREFS="Style_2" VPOS="2264" WIDTH="140" WC="0.97" CC="0000000" TAGREFS=""/>
          </TextLine>
          <TextLine HEIGHT="45" HPOS="293" ID="TL_666.5.11" VPOS="2309" WIDTH="1214">
            <String CONTENT="rate" HEIGHT="29" HPOS="293" ID="ST_666.5.11.1" STYLEREFS="Style_2" VPOS="2316" WIDTH="76" WC="0.64" CC="0000" TAGREFS=""/>
            <SP HPOS="369" ID="SP_666.5.11.2" VPOS="2310" WIDTH="13"/>
            <String CONTENT="being" HEIGHT="43" HPOS="382" ID="ST_666.5.11.3" STYLEREFS="Style_2" VPOS="2310" WIDTH="102" WC="0.73" CC="00000" TAGREFS=""/>
            <SP HPOS="484" ID="SP_666.5.11.4" VPOS="2310" WIDTH="13"/>
            <String CONTENT="the" HEIGHT="35" HPOS="497" ID="ST_666.5.11.5" STYLEREFS="Style_2" VPOS="2310" WIDTH="59" WC="0.68" CC="000" TAGREFS=""/>
            <SP HPOS="556" ID="SP_666.5.11.6" VPOS="2310" WIDTH="11"/>
            <String CONTENT="applicable" HEIGHT="44" HPOS="567" ID="ST_666.5.11.7" STYLEREFS="Style_2" VPOS="2310" WIDTH="196" WC="0.90" CC="0000000000" TAGREFS=""/>
            <SP HPOS="763" ID="SP_666.5.11.8" VPOS="2310" WIDTH="10"/>
            <String CONTENT="law." HEIGHT="35" HPOS="773" ID="ST_666.5.11.9" STYLEREFS="Style_2" VPOS="2310" WIDTH="76" WC="0.67" CC="0000" TAGREFS=""/>
            <SP HPOS="849" ID="SP_666.5.11.10" VPOS="2311" WIDTH="14"/>
            <String CONTENT="Any" HEIGHT="43" HPOS="863" ID="ST_666.5.11.11" STYLEREFS="Style_2" VPOS="2311" WIDTH="81" WC="0.66" CC="000" TAGREFS=""/>
            <SP HPOS="944" ID="SP_666.5.11.12" VPOS="2315" WIDTH="12"/>
            <String CONTENT="argument" HEIGHT="38" HPOS="956" ID="ST_666.5.11.13" STYLEREFS="Style_2" VPOS="2315" WIDTH="184" WC="0.72" CC="00000000" TAGREFS=""/>
            <SP HPOS="1140" ID="SP_666.5.11.14" VPOS="2321" WIDTH="13"/>
            <String CONTENT="on" HEIGHT="23" HPOS="1153" ID="ST_666.5.11.15" STYLEREFS="Style_2" VPOS="2321" WIDTH="43" WC="0.79" CC="00" TAGREFS=""/>
            <SP HPOS="1196" ID="SP_666.5.11.16" VPOS="2310" WIDTH="13"/>
            <String CONTENT="appeal" HEIGHT="43" HPOS="1209" ID="ST_666.5.11.17" STYLEREFS="Style_2" VPOS="2310" WIDTH="124" WC="0.90" CC="000000" TAGREFS=""/>
            <SP HPOS="1333" ID="SP_666.5.11.18" VPOS="2310" WIDTH="12"/>
            <String CONTENT="has" HEIGHT="34" HPOS="1345" ID="ST_666.5.11.19" STYLEREFS="Style_2" VPOS="2310" WIDTH="63" WC="0.75" CC="000" TAGREFS=""/>
            <SP HPOS="1408" ID="SP_666.5.11.20" VPOS="2309" WIDTH="13"/>
            <String CONTENT="been" HEIGHT="34" HPOS="1421" ID="ST_666.5.11.21" STYLEREFS="Style_2" VPOS="2309" WIDTH="86" WC="0.70" CC="0000" TAGREFS=""/>
          </TextLine>
          <TextLine HEIGHT="44" HPOS="293" ID="TL_666.5.12" VPOS="2359" WIDTH="1213">
            <String CONTENT="waived." HEIGHT="35" HPOS="293" ID="ST_666.5.12.1" STYLEREFS="Style_2" VPOS="2360" WIDTH="142" WC="1.00" CC="0000000" TAGREFS=""/>
            <SP HPOS="435" ID="SP_666.5.12.2" VPOS="2360" WIDTH="14"/>
            <String CONTENT="Jackson" HEIGHT="35" HPOS="449" ID="ST_666.5.12.3" STYLEREFS="Style_4" VPOS="2360" WIDTH="157" WC="0.95" CC="0000000" TAGREFS=""/>
            <SP HPOS="606" ID="SP_666.5.12.4" VPOS="2372" WIDTH="12"/>
            <String CONTENT="v." HEIGHT="22" HPOS="618" ID="ST_666.5.12.5" STYLEREFS="Style_2" VPOS="2372" WIDTH="30" WC="1.00" CC="00" TAGREFS=""/>
            <SP HPOS="648" ID="SP_666.5.12.6" VPOS="2362" WIDTH="14"/>
            <String CONTENT="Farm" HEIGHT="33" HPOS="662" ID="ST_666.5.12.7" STYLEREFS="Style_4" VPOS="2362" WIDTH="107" WC="1.00" CC="0000" TAGREFS=""/>
            <SP HPOS="769" ID="SP_666.5.12.8" VPOS="2359" WIDTH="14"/>
            <String CONTENT="and" HEIGHT="35" HPOS="783" ID="ST_666.5.12.9" STYLEREFS="Style_4" VPOS="2359" WIDTH="71" WC="1.00" CC="000" TAGREFS=""/>
            <SP HPOS="854" ID="SP_666.5.12.10" VPOS="2359" WIDTH="14"/>
            <String CONTENT="Commercial" HEIGHT="36" HPOS="868" ID="ST_666.5.12.11" STYLEREFS="Style_4" VPOS="2359" WIDTH="236" WC="0.96" CC="0000000000" TAGREFS=""/>
            <SP HPOS="1104" ID="SP_666.5.12.12" VPOS="2362" WIDTH="12"/>
            <String CONTENT="Properties," HEIGHT="41" HPOS="1116" ID="ST_666.5.12.13" STYLEREFS="Style_4" VPOS="2362" WIDTH="209" WC="0.88" CC="00000000000" TAGREFS=""/>
            <SP HPOS="1325" ID="SP_666.5.12.14" VPOS="2361" WIDTH="15"/>
            <String CONTENT="284" HEIGHT="33" HPOS="1340" ID="ST_666.5.12.15" STYLEREFS="Style_2" VPOS="2361" WIDTH="68" WC="0.89" CC="000" TAGREFS=""/>
            <SP HPOS="1408" ID="SP_666.5.12.16" VPOS="2359" WIDTH="13"/>
            <String CONTENT="Ark." HEIGHT="34" HPOS="1421" ID="ST_666.5.12.17" STYLEREFS="Style_2" VPOS="2359" WIDTH="85" WC="1.00" CC="0000" TAGREFS=""/>
          </TextLine>
          <TextLine HEIGHT="43" HPOS="298" ID="TL_666.5.13" VPOS="2409" WIDTH="579">
            <String CONTENT="130," HEIGHT="40" HPOS="298" ID="ST_666.5.13.1" STYLEREFS="Style_2" VPOS="2411" WIDTH="76" WC="0.73" CC="0000" TAGREFS=""/>
            <SP HPOS="374" ID="SP_666.5.13.2" VPOS="2411" WIDTH="22"/>
            <String CONTENT="680" HEIGHT="33" HPOS="396" ID="ST_666.5.13.3" STYLEREFS="Style_2" VPOS="2411" WIDTH="68" WC="0.94" CC="000" TAGREFS=""/>
            <SP HPOS="464" ID="SP_666.5.13.4" VPOS="2410" WIDTH="20"/>
            <String CONTENT="S.W.2d" HEIGHT="34" HPOS="484" ID="ST_666.5.13.5" STYLEREFS="Style_2" VPOS="2410" WIDTH="144" WC="0.98" CC="000990" TAGREFS=""/>
            <SP HPOS="628" ID="SP_666.5.13.6" VPOS="2410" WIDTH="25"/>
            <String CONTENT="105" HEIGHT="33" HPOS="653" ID="ST_666.5.13.7" STYLEREFS="Style_2" VPOS="2410" WIDTH="62" WC="0.88" CC="000" TAGREFS=""/>
            <SP HPOS="715" ID="SP_666.5.13.8" VPOS="2409" WIDTH="24"/>
            <String CONTENT="(1984)." HEIGHT="43" HPOS="739" ID="ST_666.5.13.9" STYLEREFS="Style_2" VPOS="2409" WIDTH="138" WC="0.85" CC="0000000" TAGREFS=""/>
          </TextLine>
        </TextBlock>
      </PrintSpace>
    </Page>
  </Layout>
</alto>
