1655 2689
290 386 230 43 condemning
537 385 205 45 authority’s
758 385 120 44 taking
894 384 182 44 destroyed
1093 384 59 35 the
1168 383 226 36 landowner’s
1411 394 92 24 com-

291 447 80 24 mon
384 436 68 34 and
465 436 162 43 ordinary
640 446 77 24 uses
729 435 40 35 of
778 435 59 34 the
849 436 69 34 400
931 435 73 34 foot
1017 435 112 44 strips.
1143 434 187 43 Similarly,
1344 433 158 35 Potlatch

290 485 113 35 would
427 485 42 34 be
492 485 162 44 deprived
677 485 39 35 of
736 485 43 34 its
802 490 198 38 customary
1023 496 61 23 use
1107 484 68 35 and
1198 484 152 44 practice
1373 484 39 34 of
1432 489 72 29 tree

291 535 151 43 farming
452 535 40 35 of
498 535 59 34 the
567 540 161 38 property
738 545 44 24 on
792 534 112 35 which
914 534 59 35 the
983 534 154 43 “danger
1147 534 112 34 trees”
1269 533 114 34 would
1393 534 43 33 be
1446 538 58 29 cut

290 586 94 34 since
393 585 26 34 it
429 584 112 36 would
551 585 42 34 be
602 585 127 34 unable
738 590 36 29 to
782 595 93 32 grow
885 589 88 30 trees
982 584 35 34 in
1027 584 59 35 the
1094 594 82 24 area
1186 583 135 35 outside
1330 582 59 35 the
1396 583 107 43 right-

290 635 139 43 of-way.
445 635 38 34 In
495 634 100 35 order
607 639 35 30 to
655 634 150 36 exercise
817 634 84 35 such
913 633 177 35 dominion
1102 644 79 24 over
1193 632 188 36 Potlatch’s
1393 632 110 42 lands,

291 686 132 34 AP&L
433 690 92 30 must
535 684 209 45 specifically
753 684 166 41 describe,
929 683 171 36 condemn
1109 683 69 35 and
1188 694 68 33 pay
1261 683 73 43 just
1343 693 160 34 compen-

291 736 112 34 sation
428 734 52 35 for
504 736 59 33 the
586 734 91 43 right
700 740 36 29 to
759 739 69 36 cut,
853 735 92 40 trim,
969 745 38 23 or
1030 745 138 24 remove
1190 739 89 29 trees
1303 733 77 35 that
1403 732 101 36 could

291 784 202 44 potentially
514 784 174 42 endanger
708 784 59 34 the
787 784 238 34 transmission
1046 784 78 33 line.

291 248 67 32 530

475 858 132 34 AP&L
618 857 165 35 contends
794 857 77 34 that
882 857 59 34 the
952 857 135 34 Circuit
1098 857 110 34 Court
1219 856 98 34 erred
1329 856 34 33 in
1375 856 128 43 requir­

292 907 57 43 ing
361 907 26 34 it
397 912 35 28 to
443 906 113 35 define
566 905 68 35 and
645 906 170 35 condemn
826 918 20 23 a
858 906 138 44 specific
1007 911 98 29 route
1115 905 39 34 of
1162 916 116 24 access
1288 910 36 29 to
1334 905 69 34 and
1414 905 91 34 from

292 957 58 34 the
367 956 248 43 right-of-way.
633 956 133 34 AP&L
783 955 99 35 relies
901 966 91 33 upon
1009 966 96 24 cases
1123 955 91 34 from
1231 955 100 34 other
1343 954 161 43 jurisdic­

291 1007 89 34 tions
396 1005 112 35 which
526 1006 86 34 have
628 1005 150 44 adopted
794 1005 60 35 the
870 1005 213 44 “secondary
1099 1005 199 34 easement”
1315 1004 131 44 theory.
1465 1005 39 33 In

292 1055 108 44 Loyd,
420 1066 120 34 supra,
561 1066 51 23 we
632 1055 103 35 noted
755 1055 77 34 that
852 1066 51 24 we
923 1054 69 35 had
1012 1065 102 24 never
1134 1054 69 35 had
1225 1065 44 24 an
1289 1055 160 34 occasion
1469 1059 35 29 to

292 1105 180 43 recognize
482 1105 59 35 the
551 1105 189 44 secondary
750 1110 176 30 easement
936 1104 121 44 theory
1067 1104 69 35 and
1146 1104 108 35 found
1264 1115 44 23 no
1318 1104 87 34 need
1416 1109 35 29 to
1461 1103 44 35 do

291 1166 37 24 so
345 1155 93 34 since
454 1156 59 34 the
529 1154 230 44 condemning
776 1155 176 43 authority
967 1154 35 34 in
1018 1154 101 43 Loyd
1132 1154 70 34 had
1218 1159 60 29 not
1294 1154 126 42 sought
1436 1153 68 35 and

291 1204 164 44 acquired
466 1216 20 23 a
497 1209 160 39 separate
666 1204 69 35 and
745 1204 140 35 distinct
896 1204 92 43 right
997 1204 40 35 of
1044 1205 130 42 ingress
1185 1204 69 35 and
1265 1214 114 32 egress
1390 1214 114 24 across

292 1255 59 34 the
365 1254 226 35 landowner’s
606 1259 162 40 property
782 1254 34 34 in
832 1254 155 35 addition
1002 1259 35 30 to
1052 1254 43 34 its
1110 1253 105 36 claim
1229 1253 39 35 of
1280 1264 20 24 a
1316 1253 189 44 secondary

292 1310 186 30 easement.
489 1305 50 34 As
550 1304 158 36 Potlatch
718 1309 106 30 states
835 1305 34 34 in
879 1304 43 35 its
933 1304 105 42 Brief,
1049 1304 133 35 AP&L
1191 1304 62 35 has
1264 1303 115 44 ample
1389 1314 116 24 access

291 1361 36 29 to
339 1355 60 35 the
411 1354 238 44 right-of-way
661 1355 145 35 without
817 1355 60 35 the
889 1355 169 44 necessity
1071 1354 39 35 of
1120 1354 152 44 crossing
1285 1354 60 35 the
1357 1353 99 36 lands
1469 1353 39 35 of

291 1405 159 35 Potlatch
477 1406 93 34 since
596 1405 97 35 there
719 1416 60 24 are
804 1415 186 25 numerous
1017 1405 147 43 existing
1190 1405 117 44 public
1333 1404 101 35 roads
1461 1415 44 23 on

292 1455 187 35 Potlatch’s
495 1455 98 35 lands
608 1456 113 34 which
736 1466 92 23 cross
843 1455 60 35 the
917 1455 249 43 right-of-way.
1183 1455 35 34 If
1229 1455 133 34 AP&L
1377 1455 128 34 desires

291 1515 95 24 some
396 1504 99 35 other
506 1505 90 35 form
606 1503 40 35 of
653 1515 116 24 access
781 1509 35 29 to
826 1505 59 34 the
895 1504 249 43 right-of-way,
1155 1504 27 34 it
1192 1509 93 29 must
1295 1504 210 43 specifically

291 1553 166 40 describe,
473 1553 170 35 condemn
658 1553 69 35 and
742 1564 68 32 pay
820 1554 73 42 just
908 1553 260 43 compensation
1183 1553 54 34 for
1252 1564 68 32 any
1334 1553 170 34 alternate

292 1608 114 29 routes
427 1602 39 35 of
483 1602 203 35 reasonable
705 1613 127 24 access.

383 1678 66 33 For
457 1678 59 34 the
525 1677 179 43 foregoing
713 1687 150 31 reasons,
873 1677 59 34 the
941 1676 151 35 decision
1101 1676 39 35 of
1146 1676 59 35 the
1213 1676 148 35 Nevada
1371 1677 134 34 Circuit

292 1727 110 34 Court
422 1726 28 34 is
470 1726 168 35 affirmed.

382 1801 138 43 Special
541 1801 131 35 Justice
692 1802 141 42 Eugene
853 1802 100 33 Hunt
973 1811 144 24 concurs
1137 1800 35 34 in
1192 1801 68 34 this
1281 1800 149 44 opinion.

382 1876 149 34 Purtle
550 1875 69 35 and
640 1877 170 39 Dudley,
831 1876 65 40 JJ.,
917 1880 60 29 not
996 1875 256 44 participating.
