1674 2704
1320 274 67 33 463

267 414 57 35 On
337 414 205 44 September
559 416 52 40 17,
631 415 98 41 1982,
744 415 70 35 Mr.
829 415 89 35 Carr
931 420 106 30 wrote
1050 420 36 30 to
1100 415 69 35 Mr.
1184 415 153 35 Johnson
1351 426 38 24 as

177 464 143 36 follows:

302 544 87 34 Mrs.
400 543 89 35 Carr
499 544 69 35 and
579 544 15 33 I
604 554 60 24 are
673 544 165 43 seriously
847 544 218 43 considering
1074 543 122 44 selling
1205 544 60 35 the
1273 544 116 34 North

302 592 115 36 Cedar
431 598 162 39 property
606 604 52 24 we
671 593 164 44 acquired
850 593 90 35 from
954 604 68 33 you
1037 594 34 34 in
1090 594 98 35 1966.
1205 593 34 35 If
1250 604 66 33 you
1330 604 61 25 are

301 642 186 36 interested
506 642 34 35 in
560 642 218 44 reacquiring
796 642 67 35 this
882 647 174 39 property,
1075 642 116 45 please
1208 643 68 34 call
1293 653 40 25 us
1352 653 38 25 or

301 696 138 31 contact
460 702 39 24 us
521 692 45 44 by
586 692 83 35 mail
690 691 120 36 within
831 697 57 30 ten
909 692 85 44 days
1015 692 91 35 after
1127 692 128 44 receipt
1275 692 40 35 of
1332 693 59 34 the

301 742 110 35 letter.

176 819 166 44 Through
363 819 52 36 his
436 825 170 38 attorney,
628 820 153 35 Johnson
801 826 106 29 wrote
928 821 89 34 Carr
1037 820 77 36 that
1134 820 44 35 he
1197 820 137 35 wanted
1354 826 36 29 to

177 869 152 35 exercise
347 869 60 36 the
425 869 128 45 option.
575 869 89 36 Carr
683 869 191 45 responded
894 875 35 29 to
948 871 60 35 the
1027 870 180 36 Johnsonsâ€™
1227 870 101 35 letter
1347 881 44 24 on

177 919 206 45 September
404 921 54 34 28:

302 998 76 35 Our
395 1003 158 39 attorney
570 998 63 35 has
651 998 171 36 informed
839 1010 40 24 us
897 999 59 35 the
972 999 118 44 option
1108 999 187 44 provisions
1314 1027 6 7 .
1348 1027 7 7 .
1383 1027 7 7 .

302 1059 60 24 are
379 1059 44 24 no
440 1049 119 42 longer
576 1048 93 35 valid
689 1075 75 8 ...
784 1048 26 35 it
828 1048 28 35 is
874 1048 52 35 his
945 1048 139 45 opinion
1103 1049 76 35 that
1197 1049 59 35 the
1273 1049 118 44 option

303 1097 138 45 expired
459 1098 99 35 when
576 1098 60 35 the
652 1104 106 30 terms
775 1098 39 35 of
828 1098 59 36 the
903 1104 157 30 contract
1077 1110 90 23 were
1183 1099 207 44 performed.

302 1148 83 34 This
399 1148 27 34 is
440 1148 60 35 the
514 1147 148 45 position
676 1159 52 24 we
741 1148 68 35 will
824 1149 80 34 take
918 1148 35 34 in
967 1148 69 35 this
1050 1153 137 30 matter.
1202 1148 190 35 Neverthe-

304 1197 78 39 less,
413 1209 49 24 we
491 1197 73 35 will
591 1197 69 35 sell
683 1208 73 32 you
786 1197 59 35 the
869 1204 169 38 property
1062 1204 176 38 pursuant
1268 1205 37 28 to
1334 1198 59 35 the

294 1246 190 45 following
502 1246 208 37 conditions.

307 1327 27 33 1.
384 1326 109 36 Make
506 1337 40 23 us
561 1337 20 24 a
595 1326 131 35 serious
739 1326 87 35 offer
840 1326 119 36 within
975 1328 18 33 5
1009 1326 85 44 days
1108 1337 92 34 upon
1214 1327 128 44 receipt
1356 1327 39 35 of

383 1375 67 35 this
471 1375 112 36 letter.

303 1455 31 34 2.
384 1454 65 35 We
476 1454 151 44 promise
655 1460 36 30 to
719 1455 175 44 negotiate
921 1456 167 44 seriously
1116 1456 34 35 in
1179 1456 163 43 reaching
1371 1468 20 23 a

384 1504 134 36 mutual
539 1510 211 39 agreement.

304 1584 31 34 3.
384 1584 65 35 We
467 1583 68 37 will
553 1584 158 35 consider
730 1595 21 24 a
769 1584 82 35 land
868 1590 159 30 contract
1044 1585 84 35 with
1146 1596 21 24 a
1185 1585 207 36 substantial

384 1633 99 36 down
503 1639 176 41 payment.

304 1713 32 34 4.
384 1713 66 35 We
462 1713 68 35 will
543 1714 74 35 also
630 1713 157 36 consider
799 1725 21 24 a
833 1714 262 36 subordination
1108 1714 117 36 clause
1237 1714 30 35 if
1277 1726 20 24 a
1310 1714 82 36 land

383 1768 157 30 contract
560 1764 28 34 is
608 1763 95 35 used.

304 1842 31 33 5.
385 1841 35 34 If
428 1852 44 26 an
484 1847 201 37 agreement
697 1841 28 35 is
737 1842 159 42 reached,
909 1843 72 34 sale
992 1848 93 29 must
1097 1842 43 35 be
1151 1842 161 36 finalized
1324 1843 34 34 in
1371 1844 20 34 6

383 1890 153 43 working
556 1891 96 43 days.
676 1891 92 42 (Our
788 1891 139 43 italics.)

270 1967 152 35 Johnson
439 1967 103 35 made
558 1979 45 24 an
620 1968 88 35 offer
723 1968 40 35 of
776 1969 138 40 $8,000,
932 1969 62 35 but
1010 1974 60 38 got
1086 1980 44 24 no
1146 1979 161 34 response
1323 1969 69 35 and

178 2016 100 35 when
295 2017 60 34 the
372 2017 105 34 Carrs
494 2017 140 35 refused
651 2023 37 29 to
704 2018 176 43 negotiate
897 2028 67 33 any
982 2018 146 41 further,
1146 2019 59 34 the
1222 2019 170 34 Johnsons

178 2066 85 34 sued
292 2065 54 35 for
374 2066 138 43 specific
540 2066 252 44 performance.
821 2067 75 35 The
923 2072 100 31 court
1050 2067 109 35 found
1188 2067 59 35 the
1274 2068 118 44 option

178 2120 202 39 agreement
394 2116 151 37 violated
562 2115 61 36 the
639 2116 75 35 rule
731 2116 136 45 against
884 2117 224 45 perpetuities
1125 2117 69 36 and
1211 2117 182 36 dismissed

178 2165 60 36 the
259 2175 89 26 case.
370 2166 74 35 The
464 2166 171 36 Johnsons
656 2167 169 44 appealed
846 2166 68 37 and
935 2179 52 24 we
1007 2167 168 42 reversed,
1197 2167 131 45 finding
1349 2179 44 24 no

177 2216 166 35 violation
354 2215 39 36 of
401 2216 59 36 the
472 2217 84 34 rule.
569 2216 201 36 Johnson v.
784 2218 99 40 Carr,
897 2218 67 34 286
977 2218 85 34 Ark.
1077 2218 156 41 369,
1250 2218 143 37 691 S.W.2d

183 2266 60 34 161
263 2264 137 44 (1985).
414 2266 57 34 On
484 2266 156 41 remand,
652 2276 45 24 no
710 2266 191 35 additional
914 2267 186 44 testimony
1112 2278 70 24 was
1195 2267 115 41 taken,
1323 2267 69 35 and

178 2314 60 35 the
257 2320 99 30 court
375 2314 181 36 dismissed
576 2315 60 34 the
654 2315 202 44 complaint,
876 2316 143 42 holding
1038 2316 59 35 the
1117 2316 107 35 Carrs
1244 2316 70 35 had
1333 2322 61 29 not

179 2363 209 36 manifested
401 2375 44 24 an
458 2364 134 35 â€œintent
605 2365 69 35 and
687 2364 112 36 desire
811 2370 36 30 to
859 2365 61 35 sell
933 2365 60 35 the
1005 2370 162 39 property
1179 2365 156 35 involved
1348 2366 46 44 by

178 2413 296 45 unconditionally
493 2414 148 43 offering
661 2415 59 35 the
740 2425 96 25 same
856 2420 35 30 to
911 2415 203 44 plaintiffs.â€
