1632 2696
211 426 96 23 cases
319 415 127 42 arising
457 420 46 35 at,
515 425 38 23 or
564 414 133 34 around
709 414 106 34 about
825 413 67 34 this
904 424 96 23 same
1010 413 85 34 time
1105 412 69 35 and
1185 413 15 33 I
1212 412 86 34 have

212 465 141 43 already
364 464 106 35 heard
482 465 69 33 Mr.
564 464 174 34 Stuecken
749 463 118 44 testify
878 463 34 34 in
923 468 37 29 at
970 463 87 34 least
1067 473 65 24 one
1142 462 156 44 previous

212 515 90 35 trial.

1232 271 63 34 169

306 596 85 33 MR.
411 596 166 33 ADAIR:
600 596 55 33 He
674 599 92 29 must
785 594 42 34 be
846 593 159 35 material
1024 598 36 29 to
1078 593 60 34 the
1156 592 143 43 charges

214 645 80 35 filed
315 645 126 34 herein.

305 726 97 33 THE
415 725 176 34 COURT:
607 725 65 33 We
684 724 67 34 will
765 724 86 34 have
863 723 134 35 further
1009 723 190 34 discussion
1211 722 90 34 after

215 775 60 34 the
290 775 80 43 jury
391 775 26 34 is
438 774 192 35 dismissed.

182 855 75 34 The
277 855 135 43 judge’s
435 859 187 30 statement
645 854 77 34 that
746 854 43 33 he
811 853 69 34 had
903 852 107 35 heard
1035 853 70 33 Mr.
1130 852 172 34 Stuecken

92 904 119 44 testify
237 905 34 33 in
297 904 155 44 previous
477 914 96 24 cases
599 903 123 43 hardly
743 903 147 43 justifies
915 902 59 35 the
999 902 161 43 granting
1185 901 39 34 of
1245 901 59 34 the

93 955 147 34 mistrial
256 955 92 33 here.
365 955 65 33 We
445 959 127 29 cannot
588 964 139 23 assume
742 952 272 43 automatically,
1031 962 61 23 nor
1108 950 122 35 should
1246 951 59 34 the

89 1004 110 43 judge
219 1004 86 34 have
325 1003 171 40 assumed,
516 1003 77 34 that
613 1002 202 34 Stuecken’s
835 1002 186 42 testimony
1040 1012 70 23 was
1130 1006 35 29 to
1184 1001 43 33 be
1245 1001 60 33 the

94 1065 97 23 same
203 1054 34 33 in
250 1053 67 34 this
329 1064 80 23 case
420 1064 37 23 as
470 1053 34 33 in
516 1053 59 34 the
586 1052 99 34 other
697 1062 95 24 cases
804 1052 59 34 the
871 1051 108 43 judge
990 1050 69 35 had
1071 1050 100 41 tried,
1184 1061 82 23 even
1279 1050 29 34 if

94 1115 52 22 we
165 1104 99 33 knew
284 1103 92 34 what
397 1103 51 34 his
468 1102 187 43 testimony
675 1101 69 35 had
764 1102 96 34 been.

186 1183 75 34 The
272 1187 209 39 prosecutor,
494 1181 90 35 after
596 1181 59 34 the
666 1181 146 34 mistrial
824 1180 69 35 had
905 1181 86 34 been
1003 1180 157 43 granted,
1172 1179 102 35 made
1286 1190 20 23 a

96 1233 128 43 proffer
234 1233 83 33 with
327 1237 133 38 respect
469 1237 35 29 to
514 1232 59 34 the
582 1231 211 43 materiality
803 1230 68 35 and
881 1230 169 43 necessity
1059 1230 39 34 of
1105 1229 202 35 Stuecken’s

96 1283 197 43 testimony.
315 1283 93 33 Even
427 1281 30 35 if
474 1282 59 34 the
553 1281 128 44 proffer
701 1292 70 23 was
790 1280 181 35 otherwise
990 1280 181 40 sufficient,
1192 1279 26 34 it
1237 1290 69 23 was

96 1332 178 43 obviously
295 1332 167 43 untimely
482 1331 69 35 and
571 1331 59 34 did
651 1336 59 29 not
730 1330 127 35 inform
877 1330 59 34 the
952 1330 136 43 judge’s
1108 1329 161 35 decision.

190 1413 93 33 Even
296 1411 29 35 if
334 1422 50 24 we
395 1422 89 24 were
495 1416 35 30 to
542 1410 92 42 hold,
648 1422 37 23 as
697 1411 59 34 the
768 1410 161 44 majority
940 1409 139 45 opinion
1091 1414 155 38 suggests
1258 1420 51 23 we

98 1462 135 41 should,
246 1462 76 34 that
333 1462 59 34 the
404 1462 108 34 entire
524 1461 173 44 emphasis
710 1460 122 35 should
844 1460 42 35 be
898 1471 43 23 on
953 1460 60 34 the
1024 1459 169 44 diligence
1203 1459 39 34 of
1251 1459 58 34 the

99 1517 210 39 prosecutor,
333 1512 155 43 ignoring
510 1512 59 34 the
591 1511 158 44 question
771 1510 39 35 of
830 1510 216 42 “overruling
1069 1509 201 44 necessity,”
1294 1509 14 34 I

98 1562 114 34 would
237 1562 71 34 find
333 1562 58 34 the
415 1567 198 38 prosecutor
638 1560 69 35 had
732 1571 44 23 no
800 1571 123 24 excuse
947 1559 54 35 for
1025 1565 60 28 not
1109 1559 124 43 having
1258 1559 51 34 his

98 1612 176 34 witnesses
290 1611 111 34 called
417 1617 35 28 to
468 1611 43 34 be
526 1622 79 23 sure
620 1611 82 42 they
717 1621 89 23 were
821 1610 97 34 there
933 1610 93 42 prior
1041 1614 35 29 to
1092 1608 218 43 announcing

99 1661 107 43 ready
231 1661 53 34 for
309 1661 78 33 trial
412 1660 68 34 and
506 1660 160 42 allowing
691 1660 59 33 the
770 1659 81 43 jury
875 1664 35 28 to
935 1659 43 33 be
1002 1657 216 44 empanelled
1243 1657 67 34 and

96 1710 169 44 jeopardy
289 1715 35 29 to
348 1710 128 34 attach.
502 1709 239 43 Particularly,
766 1708 43 34 he
832 1707 122 35 should
979 1708 87 33 have
1089 1707 140 34 assured
1253 1707 58 33 the

100 1770 164 33 presence
283 1759 40 35 of
340 1760 52 33 his
411 1770 81 32 very
512 1759 74 34 first
607 1758 80 41 and,
709 1757 184 43 according
913 1763 36 28 to
969 1757 84 40 him,
1073 1762 90 29 most
1183 1756 128 34 crucial

100 1810 148 33 witness.

194 1888 34 34 If
246 1887 123 35 indeed
390 1888 97 34 there
506 1887 28 34 is
555 1898 20 23 a
596 1887 188 34 difference
804 1886 154 34 between
978 1886 60 34 the
1058 1885 120 34 effects
1198 1885 39 34 of
1254 1885 59 34 the

101 1938 180 34 Arkansas
309 1937 68 35 and
406 1937 130 35 United
564 1937 117 34 States
709 1936 259 34 constitutional
996 1935 127 34 double
1146 1934 167 44 jeopardy

102 1988 200 43 provisions,
313 1998 62 23 our
385 1987 191 44 protection
586 1986 40 35 of
632 1986 68 35 this
711 1986 188 34 individual
909 1985 92 43 right
1011 1996 81 32 may
1102 1984 126 35 exceed
1238 1984 76 34 that

102 2038 109 34 found
235 2038 35 33 in
293 2038 60 33 the
375 2038 44 34 U.
443 2037 36 34 S.
504 2037 171 43 Supreme
698 2036 110 34 Court
830 2046 108 30 cases,
961 2046 67 28 see,
1054 2046 73 32 e.g.,
1152 2035 102 34 State
1276 2033 46 44 of

101 2087 196 41 Anderson,
310 2088 66 33 286
387 2087 85 34 Ark.
485 2087 134 40 58, 688
632 2085 143 35 S.W.2d
786 2086 66 34 947
866 2085 138 43 (1985),
1015 2085 63 34 but
1088 2084 39 35 of
1134 2095 121 24 course
1263 2095 51 23 we

103 2148 81 33 may
194 2142 60 29 not
263 2137 87 34 offer
360 2137 65 34 less
435 2136 191 44 protection
636 2136 85 34 than
731 2136 28 34 is
769 2135 156 35 afforded
935 2135 45 43 by
990 2135 59 34 the
1058 2134 131 35 United
1199 2134 115 34 States

104 2187 237 35 Constitution
361 2198 37 23 as
419 2187 58 34 the
497 2186 84 35 U.S.
603 2186 170 44 Supreme
793 2186 110 34 Court
923 2185 182 44 interprets
1126 2185 36 34 it.

195 2267 75 35 The
290 2267 169 44 Supreme
480 2267 139 34 Court’s
640 2277 96 24 cases
757 2266 92 34 show
870 2266 128 43 clearly
1018 2265 77 34 that
1115 2265 59 34 the
1193 2269 67 29 test
1280 2263 39 35 of

105 2317 189 35 “manifest
311 2317 189 43 necessity”
519 2317 62 34 has
599 2321 59 29 not
675 2316 87 34 been
779 2315 152 35 satisfied
949 2315 91 34 here.
1059 2315 40 34 In
1115 2316 154 32 Arizona
1284 2325 31 22 v.

109 2367 238 43 Washington,
359 2368 68 32 434
438 2366 83 34 U.S.
534 2367 67 33 497
617 2365 138 42 (1978),
766 2365 91 34 cited
868 2365 46 42 by
924 2365 59 33 the
994 2364 162 42 majority
1167 2363 149 43 opinion,

105 2416 143 34 defense
260 2416 139 33 counsel
413 2415 68 34 had
495 2415 103 34 made
611 2414 239 44 prejudicially
863 2414 173 42 improper
1050 2413 154 33 remarks
1217 2412 35 33 in
1265 2412 52 33 his
