1655 2684
302 398 178 44 primarily
493 408 44 24 on
552 398 90 34 Lord
657 397 213 44 Campbell’s
884 398 80 40 Act,
980 398 19 33 9
1014 397 69 35 and
1101 398 52 40 10,
1168 397 90 41 Vict,
1272 407 30 30 c,
1317 397 56 40 93,
1387 397 57 34 An
1458 402 57 29 act

302 448 53 35 for
379 447 261 45 compensating
664 448 59 34 the
747 447 149 35 families
919 447 39 34 of
980 457 139 34 persons
1143 446 104 35 killed
1271 446 45 44 by
1339 445 175 36 accidents

304 498 154 45 (August
479 498 55 40 26,
560 497 117 43 1846):

302 258 67 34 306

425 579 202 40 “Whereas,
642 590 44 23 no
698 578 115 36 action
826 583 37 30 at
875 578 65 35 law
954 578 27 34 is
994 588 75 25 now
1083 578 250 34 maintainable
1345 577 136 43 against
1494 589 20 23 a

425 639 123 34 person
566 629 77 34 who
662 629 45 43 by
725 629 52 34 his
796 627 170 44 wrongful
985 634 67 35 act,
1072 628 135 43 neglect
1225 638 38 24 or
1281 627 134 35 default
1434 639 81 32 may

426 679 87 34 have
539 679 127 34 caused
694 679 59 34 the
779 678 106 35 death
912 677 39 35 of
975 678 145 35 another
1148 688 132 33 person.
1308 705 76 7 ...
1413 678 49 34 Be
1488 678 27 34 it

425 728 174 35 therefore
616 728 156 35 enacted.
800 755 7 7 .
835 755 6 7 .
870 755 6 7 .
895 728 92 34 That
1005 728 218 34 whensoever
1240 727 60 34 the
1317 727 105 34 death
1440 727 39 35 of
1494 738 20 23 a

426 788 122 33 person
574 777 88 35 shall
688 778 43 34 be
757 777 127 34 caused
911 777 44 43 by
981 788 20 22 a
1027 777 170 42 wrongful
1223 782 67 35 act,
1317 776 135 43 neglect
1477 787 38 24 or

426 826 144 40 default,
583 827 68 33 and
662 827 59 33 the
732 832 66 33 act,
812 825 133 44 neglect
956 836 41 23 or
1006 825 139 44 default
1156 828 30 32 is
1196 825 86 34 such
1294 836 41 23 as
1345 825 118 34 would
1475 825 49 43 (if

426 875 106 35 death
549 874 73 35 had
635 882 60 28 not
710 874 143 45 ensued)
871 874 87 35 have
974 874 147 35 entitled
1135 874 58 34 the
1203 880 107 38 party
1325 874 141 43 injured
1480 881 36 27 to

425 927 173 32 maintain
627 936 46 23 an
703 927 117 32 action
849 923 73 36 and
948 935 141 24 recover
1117 924 170 43 damages
1316 926 36 32 in
1380 930 135 38 respect

427 974 146 44 thereof
584 974 83 35 then
678 974 69 35 and
758 974 34 35 in
803 985 101 33 every
914 973 85 35 such
1010 984 90 31 case,
1112 974 59 35 the
1181 984 123 34 person
1315 973 76 35 who
1402 973 112 36 would

426 1025 87 34 have
521 1024 87 36 been
618 1024 104 35 liable
730 1024 30 35 if
766 1024 105 35 death
880 1023 69 36 had
958 1029 60 29 not
1027 1024 129 35 ensued
1165 1024 87 34 shall
1262 1023 43 36 be
1313 1023 104 35 liable
1426 1029 35 30 to
1470 1035 44 24 an

426 1075 115 35 action
567 1074 53 35 for
645 1075 177 43 damages,
848 1074 307 44 notwithstanding
1181 1074 59 35 the
1265 1073 105 36 death
1395 1074 39 35 of
1456 1075 59 34 the

426 1136 122 33 person
569 1124 146 44 injured,
736 1124 68 35 and
824 1124 167 44 although
1010 1125 60 34 the
1089 1125 105 34 death
1214 1124 88 35 shall
1321 1124 88 35 have
1428 1125 86 34 been

425 1175 128 35 caused
576 1175 110 34 under
708 1175 84 34 such
815 1175 269 34 circumstances
1107 1186 38 23 as
1168 1179 144 30 amount
1334 1174 35 34 in
1392 1174 65 35 law
1480 1180 35 29 to

426 1224 126 44 felony.

427 1306 43 34 II.
486 1305 81 38 And
582 1305 43 35 be
640 1306 26 34 it
680 1305 157 41 enacted,
852 1305 92 35 That
958 1316 101 33 every
1073 1306 84 34 such
1172 1305 115 35 action
1302 1305 88 35 shall
1404 1305 44 35 be
1462 1305 53 35 for

425 1355 59 34 the
501 1355 127 34 benefit
645 1355 39 35 of
697 1356 60 34 the
773 1355 90 41 wife,
881 1355 170 41 husband,
1069 1360 122 39 parent
1208 1354 69 35 and
1293 1354 93 35 child
1403 1355 39 34 of
1456 1355 59 34 the

425 1415 123 33 person
560 1405 115 34 whose
686 1405 105 34 death
804 1405 88 34 shall
905 1404 86 35 have
1003 1404 87 35 been
1102 1415 37 24 so
1151 1404 127 35 caused
1291 1404 68 35 and
1372 1404 87 35 shall
1472 1405 43 34 be

425 1454 150 43 brought
586 1454 45 44 by
643 1454 69 35 and
724 1455 34 34 in
770 1454 59 36 the
840 1465 104 24 name
954 1453 39 35 of
1002 1454 59 35 the
1073 1459 161 30 executor
1245 1465 38 23 or
1294 1453 219 36 administra-

425 1509 53 30 tor
487 1504 40 34 of
532 1504 59 34 the
600 1514 123 33 person
732 1503 179 41 deceased;
921 1503 69 35 and
999 1503 35 35 in
1043 1515 101 32 every
1153 1504 84 34 such
1247 1504 114 34 action
1370 1503 59 35 the
1434 1504 81 43 jury

425 1565 81 32 may
516 1554 76 42 give
602 1554 85 34 such
697 1554 165 42 damages
873 1564 38 24 as
921 1553 82 43 they
1013 1564 81 33 may
1104 1554 100 34 think
1213 1553 256 44 proportionate
1479 1559 36 29 to

425 1603 59 35 the
497 1603 113 43 injury
623 1603 166 43 resulting
802 1603 91 34 from
906 1603 85 34 such
1003 1602 106 36 death
1121 1608 36 29 to
1170 1603 59 34 the
1241 1602 127 44 parties
1381 1613 132 34 respec-

425 1653 104 43 tively
542 1652 53 35 for
608 1654 114 33 whom
736 1652 68 35 and
818 1652 54 35 for
884 1652 116 35 whose
1013 1652 144 35 benefits
1171 1653 59 34 the
1243 1652 114 35 action
1370 1652 88 35 shall
1472 1653 42 34 be

426 1702 159 43 brought.
613 1730 7 6 .
648 1731 6 6 .

425 1784 62 35 III.
507 1783 179 42 Provided,
705 1784 139 44 always,
863 1783 69 35 and
951 1783 43 35 be
1012 1783 26 36 it
1056 1783 157 42 enacted,
1231 1783 91 35 That
1340 1788 60 30 not
1418 1794 96 25 more

424 1834 85 35 than
528 1845 65 23 one
613 1834 115 35 action
747 1834 88 34 shall
855 1834 44 34 lie
918 1833 54 35 for
991 1834 69 34 and
1079 1834 35 35 in
1133 1838 134 40 respect
1285 1833 39 35 of
1340 1833 59 35 the
1417 1844 97 24 same

425 1884 134 43 subject
579 1889 127 30 matter
726 1884 40 35 of
782 1884 59 34 the
861 1883 190 44 complaint
1073 1912 6 6 .
1107 1911 6 7 .
1142 1884 30 34 .”
1195 1883 133 43 (Italics
1349 1882 128 44 added)

392 1966 33 34 A
447 1965 218 44 comparison
689 1965 39 35 of
748 1965 91 35 Lord
864 1964 213 44 Campbell’s
1100 1966 70 33 Act
1192 1965 82 34 with
1297 1964 76 35 that
1396 1965 39 34 of
1455 1965 60 34 the

301 2015 178 34 Arkansas
500 2016 69 33 Act
589 2015 130 35 reveals
740 2015 145 43 striking
905 2014 193 44 similarity:

426 2096 217 35 “Whenever
667 2096 60 35 the
751 2095 106 36 death
881 2095 40 35 of
943 2107 20 23 a
989 2106 123 33 person
1137 2096 88 34 shall
1249 2096 43 34 be
1316 2095 128 35 caused
1469 2096 46 43 by

424 2145 170 44 wrongful
613 2151 67 36 act,
699 2146 135 43 neglect
852 2156 38 24 or
909 2145 145 42 default,
1073 2145 69 35 and
1160 2146 59 34 the
1237 2151 65 33 act,
1323 2144 133 44 neglect
1474 2156 41 23 or

425 2195 138 44 default
581 2198 30 31 is
627 2195 86 35 such
731 2207 40 23 as
788 2195 126 39 would,
935 2195 35 43 if
979 2194 106 36 death
1104 2194 74 35 had
1192 2201 59 28 not
1268 2194 139 39 ensued,
1427 2195 87 34 have

425 2244 147 35 entitled
597 2244 58 35 the
676 2251 106 37 party
808 2244 141 44 injured
973 2250 36 28 to
1035 2247 172 32 maintain
1232 2255 45 23 an
1302 2246 117 32 action
1444 2244 72 34 and

424 2305 140 23 recover
572 2293 169 45 damages
751 2297 34 31 in
793 2300 135 38 respect
938 2293 146 45 thereof,
1094 2294 94 40 then,
1199 2293 68 35 and
1276 2293 35 34 in
1320 2304 100 32 every
1429 2293 84 35 such

425 2354 90 31 case,
532 2343 59 35 the
607 2354 122 33 person
746 2344 87 41 who,
850 2354 38 24 or
904 2354 182 33 company,
1103 2354 38 24 or
1157 2343 228 44 corporation,
1402 2343 112 35 which

425 2393 113 35 would
555 2394 87 35 have
659 2394 87 35 been
763 2393 104 35 liable
883 2393 30 35 if
926 2393 105 35 death
1048 2393 70 35 had
1134 2398 60 30 not
1210 2392 140 42 ensued,
1368 2392 87 36 shall
1472 2393 43 34 be
