1648 2680
302 384 84 33 time
412 383 58 34 the
497 383 130 34 federal
654 382 223 44 proceedings
903 393 100 24 came
1028 388 36 28 to
1089 393 45 23 an
1160 382 77 41 end,
1264 382 166 40 however,
1457 382 59 34 the

302 438 146 29 statutes
470 432 39 35 of
528 432 202 34 limitations
752 432 68 34 had
842 443 75 29 run,
939 432 69 34 and
1029 432 80 34 thus
1130 432 60 33 the
1210 431 205 44 appellant’s
1436 431 80 43 only

303 482 148 44 possible
461 482 91 34 basis
563 481 53 35 for
626 481 146 43 arguing
782 492 20 24 a
812 481 120 44 timely
942 481 96 43 filing
1048 481 34 34 in
1092 481 59 34 the
1161 480 205 35 Crittenden
1377 481 139 43 County

303 532 134 35 Circuit
457 537 99 29 court
576 532 28 34 is
626 531 17 43 §
667 532 130 34 37-222
818 531 111 34 which
951 531 166 44 provides:

304 243 66 33 372

519 608 34 35 If
570 620 68 33 any
659 608 114 35 action
795 608 88 35 shall
904 608 43 35 be
967 608 225 35 commenced
1213 608 119 35 within
1353 608 59 35 the
1432 608 84 35 time

427 659 223 44 respectively
665 658 195 45 prescribed
876 659 34 34 in
926 659 67 34 this
1008 659 80 40 Act,
1104 669 38 24 or
1156 658 35 35 in
1206 659 69 34 Act
1291 660 63 33 511
1373 658 39 35 of
1428 659 86 34 1979

431 709 57 43 [§§
509 709 157 42 34-2801
666 709 47 42 —
713 709 183 42 34-2807],
915 719 38 24 or
970 709 35 34 in
1022 710 70 33 Act
1110 710 67 33 709
1196 708 39 35 of
1254 709 87 34 1979
1364 708 10 44 [
1395 708 40 43 §§
1457 709 57 34 34-

427 759 95 42 2613
522 759 46 42 —
568 759 122 42 2620],
702 769 38 24 or
750 759 34 34 in
795 770 68 32 any
873 758 99 34 other
982 759 79 40 Act,
1074 758 68 34 and
1153 758 59 34 the
1222 758 154 44 plaintiff
1383 758 132 34 therein

426 808 107 34 suffer
557 808 151 42 [suffers]
732 819 20 23 a
771 808 149 40 nonsuit,
940 818 38 23 or
997 807 90 34 after
1106 818 21 23 a
1144 807 132 34 verdict
1295 807 53 34 for
1367 807 72 34 him
1458 807 58 34 the

423 857 184 42 judgment
620 857 43 33 be
675 856 165 40 arrested,
853 867 38 23 or
903 856 90 34 after
1002 856 185 43 judgment
1200 856 53 34 for
1265 856 73 34 him
1350 857 59 33 the
1421 867 96 23 same

427 906 43 34 be
485 906 156 34 reversed
657 917 43 23 on
716 906 123 43 appeal
855 916 37 24 or
907 906 77 33 writ
998 905 40 34 of
1050 916 104 30 error,
1170 905 84 34 such
1270 905 154 44 plaintiff
1436 916 80 32 may

426 966 202 24 commence
648 966 20 23 a
688 966 74 24 new
782 955 115 35 action
917 955 120 34 within
1057 966 65 23 one
1143 954 54 43 (1)
1220 966 82 32 year
1322 954 90 35 after
1432 955 84 35 such

427 1005 138 35 nonsuit
585 1005 151 35 suffered
756 1016 37 23 or
810 1005 185 43 judgment
1015 1004 154 35 arrested
1189 1016 38 23 or
1246 1004 168 35 reversed.
1436 1005 79 34 Pro-

426 1055 112 41 vided,
553 1055 29 34 if
593 1055 90 34 after
693 1055 184 43 judgment
890 1055 54 34 for
957 1055 155 44 plaintiff
1122 1055 59 34 the
1193 1066 97 23 same
1304 1055 43 34 be
1359 1054 157 35 reversed

426 1115 44 24 on
484 1105 124 43 appeal
622 1115 38 24 or
673 1105 76 34 writ
762 1104 39 35 of
811 1115 105 30 error,
931 1104 68 35 and
1012 1104 75 35 said
1101 1115 105 23 cause
1219 1104 27 34 is
1261 1104 188 34 remanded
1463 1104 53 35 for

427 1154 145 36 another
587 1154 90 41 trial,
693 1154 60 34 the
767 1154 165 35 mandate
946 1154 88 35 shall
1050 1154 43 34 be
1107 1154 105 34 taken
1227 1159 60 29 out
1302 1154 69 34 and
1386 1153 80 35 filed
1482 1154 34 34 in

427 1204 59 34 the
502 1209 99 30 court
618 1204 90 35 from
726 1204 112 34 which
856 1204 58 34 the
932 1204 123 43 appeal
1072 1204 28 34 is
1118 1204 104 34 taken
1240 1203 119 35 within
1376 1214 65 24 one
1460 1203 54 43 (1)

427 1265 81 33 year
521 1253 90 35 from
623 1253 170 35 rendition
806 1253 39 35 of
853 1254 59 34 the
920 1253 184 44 judgment
1116 1253 39 35 of
1164 1254 147 34 reversal
1324 1253 191 41 otherwise,

426 1304 75 34 said
513 1315 105 23 cause
629 1304 88 36 shall
730 1304 42 34 be
784 1303 133 35 forever
929 1303 135 41 barred;
1077 1303 69 35 and
1158 1303 30 35 if
1197 1303 59 35 the
1267 1314 105 24 cause
1383 1303 40 35 of
1431 1303 85 35 such

427 1353 115 35 action
561 1354 133 34 survive
713 1358 35 30 to
767 1353 51 35 his
838 1354 90 34 heirs
947 1364 38 24 or
1003 1354 133 34 survive
1155 1358 35 30 to
1209 1353 52 35 his
1281 1358 179 30 executors
1478 1364 38 23 or

427 1403 288 41 administrators;
728 1403 81 44 they
821 1414 81 33 may
914 1403 34 34 in
961 1403 67 34 like
1040 1414 144 24 manner
1196 1414 202 23 commence
1409 1414 20 23 a
1441 1414 75 23 new

427 1453 115 35 action
554 1464 38 24 or
603 1454 81 34 take
695 1458 61 30 out
768 1464 20 24 a
801 1453 165 35 mandate
977 1453 118 35 within
1107 1453 60 34 the
1178 1453 85 34 time
1275 1453 144 35 allowed
1431 1453 85 35 such

427 1503 160 44 plaintiff.

393 1580 74 34 The
477 1580 171 43 appellees
659 1590 107 33 argue
775 1580 60 34 the
843 1590 80 24 case
933 1580 34 34 in
978 1579 131 35 federal
1119 1585 99 29 court
1228 1579 111 35 ended
1348 1580 99 34 when
1457 1580 59 34 the

302 1634 99 29 court
411 1629 40 34 of
458 1629 141 44 appeals
611 1629 157 35 affirmed
779 1629 60 35 the
849 1629 134 34 district
994 1634 108 36 court,
1115 1629 69 34 and
1195 1629 168 44 certainly
1373 1640 44 24 no
1428 1629 88 35 later

302 1679 85 35 than
397 1679 59 34 the
465 1678 114 35 denial
590 1679 39 35 of
636 1679 192 43 rehearing.
839 1679 75 34 The
923 1679 176 43 appellant
1108 1678 166 35 contends
1285 1679 43 34 he
1337 1679 68 34 still
1415 1678 69 36 had
1494 1690 21 23 a

302 1729 132 34 chance
446 1728 53 35 for
512 1728 132 35 federal
657 1728 101 35 relief
768 1729 87 34 until
868 1728 177 35 certiorari
1058 1740 70 23 was
1140 1728 136 41 denied,
1290 1728 68 35 and
1370 1728 80 36 thus
1463 1729 52 34 his

302 1783 90 30 state
414 1783 99 30 court
536 1778 95 43 filing
654 1789 70 23 was
747 1778 120 35 within
890 1789 65 23 one
977 1789 82 32 year
1081 1778 40 34 of
1141 1778 52 34 his
1216 1778 126 43 having
1364 1778 151 34 suffered

303 1828 137 34 nonsuit
461 1828 34 34 in
516 1828 59 34 the
594 1828 132 34 federal
747 1833 126 29 courts.

486 1905 75 34 Our
575 1910 131 29 statute
719 1904 68 35 and
801 1905 43 34 its
858 1904 237 44 predecessors
1109 1905 87 34 have
1209 1916 20 23 a
1243 1904 79 43 long
1336 1905 130 43 history
1479 1904 40 35 of

302 1954 121 35 liberal
442 1954 273 44 interpretation.
735 1955 39 34 In
792 1955 103 34 State
912 1954 101 35 Bank
1030 1966 30 23 v.
1080 1956 180 42 Magness,
1283 1956 36 33 11
1341 1955 85 34 Ark.
1447 1955 65 34 343

304 2003 138 44 (1850),
454 2004 68 34 this
534 2009 98 31 court
644 2004 179 35 described
835 2004 59 35 the
905 2015 148 33 purpose
1063 2004 40 35 of
1111 2004 60 35 the
1182 2009 129 30 statute
1322 2015 37 24 as
1371 2004 142 35 follows:

516 2081 75 34 The
603 2086 81 30 next
696 2080 135 44 alleged
843 2081 161 34 variance
1017 2081 27 34 is
1057 2081 77 34 that
1146 2081 59 34 the
1213 2081 184 43 judgment
1409 2081 35 34 in
1456 2081 60 34 the

426 2130 202 44 replication
644 2130 28 35 is
688 2130 180 35 described
884 2142 38 23 as
938 2142 20 24 a
970 2130 186 44 judgment
1171 2130 39 35 of
1222 2131 164 40 non-suit,
1402 2130 113 35 whilst

426 2180 76 35 that
519 2180 131 36 offered
668 2180 34 35 in
720 2180 162 35 evidence
898 2181 28 34 is
944 2191 20 24 a
977 2180 186 44 judgment
1179 2180 40 35 of
1232 2180 181 35 dismissal.
1431 2181 83 34 This

426 2230 148 35 involves
587 2241 20 23 a
618 2230 235 35 construction
864 2230 40 35 of
912 2230 59 35 the
983 2235 57 30 act
1051 2230 109 35 under
1171 2230 112 35 which
1295 2230 59 35 the
1365 2230 153 44 plaintiff

426 2280 121 34 claims
564 2284 35 30 to
616 2285 121 38 except
754 2280 52 34 his
822 2290 80 25 case
918 2279 39 35 of
970 2280 59 34 the
1045 2280 140 43 general
1201 2280 187 43 provisions
1404 2279 39 35 of
1456 2280 60 34 the

426 2329 186 35 limitation
622 2329 75 34 law.
708 2329 74 35 The
792 2329 198 43 legislature
1000 2329 62 35 has
1071 2329 75 34 said
1156 2329 77 35 that
1242 2330 99 34 when
1350 2329 68 34 suit
1427 2329 88 34 shall

426 2379 43 34 be
483 2379 225 34 commenced
723 2379 69 35 and
806 2379 60 35 the
879 2379 155 44 plaintiff
1045 2379 88 35 shall
1148 2379 107 35 suffer
1269 2390 21 24 a
1305 2379 153 35 non-suit
1472 2379 44 35 he
