1632 2696
100 416 72 34 tion
187 415 69 35 and
269 415 100 34 order
382 426 20 23 a
416 414 119 35 resale.
551 415 65 33 We
629 414 166 43 disagree.
810 414 51 33 To
874 413 102 43 begin
989 412 94 41 with,
1097 412 112 43 Judge
1222 411 89 35 Ford

100 476 70 23 was
184 465 92 43 right
288 465 34 34 in
334 465 119 43 saying
467 464 26 35 it
504 475 70 23 was
587 464 255 34 inconceivable
854 463 76 34 that
942 474 20 23 a
970 462 146 44 judicial
1128 462 72 34 sale
1210 461 101 35 could

101 515 160 44 properly
277 515 42 34 be
334 514 143 44 stopped
493 513 160 44 midway,
670 524 37 23 as
723 514 116 33 Potter
854 512 190 35 succeeded
1059 512 35 34 in
1109 512 113 42 doing.
1238 512 74 33 The

101 569 100 30 court
214 564 69 34 had
297 563 143 35 ordered
453 564 59 34 the
525 564 81 34 sale.
622 564 31 33 It
665 574 70 23 was
749 563 59 34 the
819 562 85 44 duty
917 562 39 34 of
966 562 59 34 the
1037 562 128 43 parties
1178 566 35 29 to
1226 561 87 43 obey

102 615 59 34 the
177 614 101 35 order
295 614 100 34 while
412 614 25 33 it
453 624 69 23 was
540 613 34 34 in
591 613 106 40 force,
715 612 195 44 presenting
927 611 189 44 objections
1134 611 96 34 later.
1248 610 66 35 See

102 665 152 34 Stewart
273 675 31 23 v.
324 664 112 40 State,
458 664 63 33 221
546 662 85 35 Ark.
653 663 80 39 496,
755 663 67 33 254
843 661 143 35 S.W.2d
1008 662 41 33 55
1073 660 137 43 (1953).

1245 271 62 32 137

337 750 38 33 In
387 749 59 35 the
456 748 126 35 second
594 749 109 43 place,
715 749 116 33 Potter
843 752 126 30 cannot
980 747 44 34 be
1035 746 143 35 allowed
1189 751 35 30 to
1235 746 80 35 take

105 800 225 34 inconsistent
348 799 162 44 positions
528 799 45 43 by
590 798 120 43 taking
728 803 77 39 part
822 798 34 34 in
874 797 59 35 the
950 796 143 44 bidding
1110 796 34 35 in
1162 796 43 35 its
1222 796 94 43 early

105 855 115 37 stages
241 849 69 34 and
330 849 82 34 then
433 848 219 44 repudiating
672 848 59 34 the
751 847 205 44 proceeding
976 847 100 34 when
1096 846 59 35 the
1174 846 142 43 bidding

106 898 149 36 reached
267 899 93 34 what
372 899 43 34 he
426 898 202 35 considered
641 909 20 23 a
673 897 202 35 reasonable
887 897 119 43 figure.
1020 897 31 34 It
1063 907 66 24 can
1141 896 121 43 hardly
1274 896 43 34 be

106 948 153 36 doubted
269 949 76 34 that
354 948 29 35 if
389 949 116 34 Potter
514 948 69 35 had
592 947 59 35 bid
661 948 150 40 $85,000
820 947 68 35 and
898 947 59 34 the
966 946 142 44 bidding
1117 946 69 35 had
1195 945 121 42 ended,

107 1000 44 34 he
164 999 114 34 would
293 999 86 34 have
393 998 124 44 sought
531 998 252 35 confirmation.
799 997 65 35 His
878 1007 187 24 maneuver
1078 1007 70 24 was
1163 1007 153 23 necessa­

107 1050 64 43 rily
181 1048 150 45 planned
341 1049 33 34 in
384 1048 164 41 advance,
559 1048 53 34 for
621 1048 44 34 he
673 1058 100 24 came
782 1053 35 29 to
825 1048 59 33 the
893 1047 72 34 sale
974 1047 82 34 with
1066 1058 20 23 a
1096 1046 222 44 supersedeas

107 1099 93 34 bond
226 1098 140 44 already
391 1098 119 43 signed
535 1098 45 43 by
605 1098 74 34 him
703 1097 69 35 and
796 1108 20 24 a
841 1102 126 38 surety.
993 1098 34 33 A
1051 1101 99 30 court
1174 1096 62 34 has
1260 1096 60 34 the

108 1148 255 45 responsibility
377 1148 39 35 of
427 1148 193 44 protecting
636 1148 59 34 the
709 1147 162 44 integrity
886 1146 39 35 of
937 1147 43 34 its
991 1146 145 44 judicial
1152 1146 98 41 sales,
1266 1145 53 35 for

108 1199 183 34 otherwise
310 1198 213 44 prospective
543 1197 138 35 bidders
701 1208 65 24 can
787 1197 87 34 have
894 1207 43 24 no
958 1196 199 35 confidence
1177 1196 34 34 in
1232 1196 88 34 their

109 1249 193 42 legitimate
321 1248 81 43 high
421 1248 87 34 bids.
527 1247 162 43 Fleming
703 1258 31 23 v.
753 1246 204 35 Southland
974 1245 77 45 Life
1069 1247 68 33 Ins.
1160 1246 72 40 Co.,
1253 1246 65 34 263

109 1299 86 34 Ark.
214 1299 79 40 272,
312 1298 66 34 564
395 1297 143 35 S.W.2d
555 1298 67 33 216
641 1296 137 44 (1978).
795 1297 112 34 There
923 1307 51 23 we
990 1295 91 35 cited
1097 1306 95 24 some
1207 1295 39 35 of
1258 1306 62 24 our

110 1359 97 24 cases
220 1348 141 43 holding
374 1348 76 34 that
463 1358 20 24 a
497 1348 72 34 sale
580 1347 69 34 will
662 1352 60 29 not
735 1347 42 34 be
790 1346 170 44 reopened
973 1346 130 44 merely
1115 1351 36 29 to
1163 1345 124 45 permit
1300 1356 20 24 a

110 1404 101 39 party
220 1403 36 30 to
265 1398 86 35 offer
360 1408 95 24 more
464 1408 125 33 money
597 1397 54 35 for
659 1397 60 35 the
727 1402 170 39 property.
908 1396 159 35 Without
1076 1396 190 43 discussing
1275 1395 46 35 all

111 1449 59 34 the
181 1448 204 44 appellant’s
397 1448 103 34 lesser
511 1452 212 38 arguments,
734 1447 84 34 such
829 1458 38 23 as
877 1447 77 34 that
964 1446 59 35 the
1033 1446 72 34 sale
1115 1457 69 23 was
1195 1445 126 35 invalid

111 1498 150 34 because
275 1498 59 34 the
347 1498 93 34 clerk
453 1497 59 34 did
526 1502 59 29 not
600 1507 181 24 announce
794 1497 59 34 the
866 1496 82 34 final
963 1496 59 34 bid
1035 1496 98 34 three
1146 1496 111 40 times,
1272 1506 51 23 we

112 1547 168 34 conclude
300 1547 75 34 that
395 1547 59 34 the
473 1547 72 34 sale
565 1557 70 23 was
655 1546 128 43 rightly
802 1545 199 35 confirmed.

205 1634 44 33 II.
267 1635 157 32 Division
441 1632 46 44 of
494 1632 87 35 Sale
597 1631 183 35 Proceeds.
799 1632 39 34 In
855 1631 59 34 the
930 1630 137 35 divorce
1084 1630 132 41 decree,
1234 1630 90 34 from

112 1683 113 34 which
238 1683 59 34 the
309 1683 73 34 first
395 1683 123 43 appeal
530 1693 70 23 was
613 1682 116 40 taken,
743 1681 59 35 the
813 1681 196 35 chancellor
1021 1680 144 35 ordered
1178 1680 75 34 that
1266 1679 59 35 the

113 1733 203 44 homeplace
330 1733 42 34 be
385 1732 73 35 sold
472 1732 69 35 and
554 1732 60 34 the
627 1731 175 45 proceeds,
817 1731 65 34 less
895 1731 60 35 the
967 1736 181 38 mortgage
1161 1730 82 34 debt
1256 1729 69 35 and

113 1793 176 33 expenses,
305 1783 43 34 be
362 1782 136 34 divided
514 1782 138 43 equally
666 1782 155 34 between
836 1781 59 34 the
909 1781 138 43 parties.
1064 1781 116 34 Potter
1195 1779 129 44 argued

113 1843 44 24 on
168 1833 125 43 appeal
304 1832 75 34 that
390 1832 58 34 the
459 1831 164 44 proceeds
634 1831 123 34 should
768 1831 43 34 be
820 1830 137 35 divided
968 1830 34 34 in
1013 1830 198 44 proportion
1221 1834 36 29 to
1266 1829 59 34 the

114 1882 139 43 parties’
266 1881 249 35 contributions
526 1886 36 29 to
573 1881 59 34 the
643 1880 206 44 acquisition
860 1880 39 34 of
906 1880 60 34 the
976 1884 172 39 property,
1160 1879 111 34 which
1282 1879 44 34 he

114 1931 196 35 calculated
331 1931 34 34 in
385 1931 51 34 his
457 1931 173 43 appellate
650 1930 93 34 brief
759 1935 35 29 to
815 1930 86 34 have
921 1929 87 35 been
1028 1940 38 23 as
1087 1929 141 35 follows:

207 2017 145 35 Potter’s
373 2017 260 34 contributions:

299 2067 97 35 Mills
417 2067 55 35 fee
1052 2066 185 41 $7,000.00

301 2118 221 44 Fayetteville
542 2117 164 45 proceeds
1075 2116 161 41 9,656.08

300 2168 77 35 Gift
397 2168 90 35 from
508 2168 183 35 McMillin
1077 2167 161 40 5,000.00

301 2219 92 34 Debt
413 2218 179 34 reduction
1077 2217 161 39 3,051.00

1053 2278 183 40 24,707.08

211 2365 88 33 Mrs.
321 2364 144 34 Potter’s
485 2364 244 33 contribution:

302 2413 93 33 Debt
415 2412 178 34 reduction
1079 2411 161 39 3,051.00
