1655 2684
305 270 66 33 540

732 409 58 34 IV.
817 408 158 35 WINGO
992 409 99 34 ACT

512 484 65 33 For
592 482 52 35 his
658 483 82 34 final
755 483 107 43 point,
878 483 101 33 Dews
994 482 121 34 claims
1130 482 77 34 that
1221 482 59 33 the
1295 481 126 42 Wingo
1435 483 79 38 Act,

302 533 85 34 Ark.
411 532 89 35 Stat.
523 533 92 33 Ann.
641 532 41 43 §§
707 532 155 34 64-1201
862 532 47 34 —
909 532 157 34 64-1202
1091 531 115 44 (Repl.
1235 530 103 43 1980)
1364 540 69 24 was
1456 536 59 29 not

302 582 171 44 complied
492 582 83 34 with
594 581 45 44 by
658 582 78 34 four
755 581 39 35 of
810 582 59 34 the
887 581 184 35 claimants
1091 581 68 35 and
1178 581 89 34 their
1286 580 121 35 claims
1426 591 89 24 were

302 632 174 35 therefore
486 631 135 35 barred.
633 632 75 35 The
719 637 56 29 act
786 631 156 45 provides
953 631 77 34 that
1041 642 101 33 every
1152 631 134 43 foreign
1297 631 217 43 corporation

302 682 104 44 doing
417 682 155 34 business
582 682 34 34 in
627 682 68 35 this
705 687 90 29 state
804 681 88 35 shall
902 681 57 34 file
969 681 43 34 its
1023 682 136 34 articles
1169 681 40 34 of
1216 680 254 45 incorporation
1480 681 34 34 in

302 733 60 34 the
375 737 173 38 secretary
560 731 40 35 of
610 732 118 35 state’s
742 731 109 35 office.
868 731 17 43 §
902 732 165 34 64-1201.
1084 731 137 34 Failure
1233 736 36 29 to
1282 731 137 43 comply
1432 731 83 34 with

302 782 68 34 this
394 781 170 44 provision
588 781 44 43 by
656 793 20 23 a
699 792 172 33 company
893 781 77 34 who
992 780 82 35 does
1098 781 155 34 business
1277 780 34 34 in
1335 780 67 34 this
1426 786 89 29 state

303 831 167 43 prohibits
489 831 59 34 the
566 841 171 33 company
756 830 90 35 from
865 830 141 42 making
1025 841 68 32 any
1111 835 157 29 contract
1286 830 35 34 in
1339 830 68 34 this
1426 835 90 29 state

303 880 112 34 which
435 890 65 23 can
521 880 42 33 be
583 879 163 35 enforced
766 880 45 42 by
831 880 26 33 it
878 879 34 34 in
933 879 65 34 law
1017 889 39 24 or
1076 879 127 43 equity.
1227 879 17 42 §
1268 880 164 33 64-1202.

574 954 90 34 Four
685 953 39 35 of
742 953 59 35 the
821 953 183 34 claimants
1026 953 59 35 did
1107 958 60 29 not
1188 953 143 43 register
1352 952 82 34 with
1456 953 59 34 the

302 1009 173 38 secretary
488 1003 39 35 of
537 1008 100 30 state.
652 1003 255 41 Nevertheless,
921 1003 60 34 the
989 1002 202 45 judgments
1205 1002 136 44 against
1355 1003 102 34 Dews
1470 1013 44 24 on

302 1054 122 35 behalf
433 1053 39 35 of
483 1054 96 34 these
591 1054 198 44 companies
802 1064 60 24 are
873 1053 103 35 valid.
990 1053 74 35 The
1077 1054 127 43 Wingo
1216 1054 70 34 Act
1299 1057 157 40 prevents
1470 1064 44 24 an

302 1103 236 44 unregistered
559 1103 134 44 foreign
713 1104 218 44 corporation
952 1103 91 35 from
1064 1103 178 44 enforcing
1263 1103 44 35 its
1328 1109 185 29 contracts.

301 1154 75 34 The
386 1153 101 35 relief
493 1154 103 42 being
606 1154 161 34 awarded
777 1154 59 34 the
846 1153 183 44 appellees,
1040 1154 166 40 however,
1217 1154 28 33 is
1256 1153 259 44 restitutionary

302 1204 34 34 in
355 1209 123 29 nature
496 1203 69 34 and
583 1203 27 34 is
629 1203 106 35 based
753 1214 91 33 upon
863 1203 59 34 the
939 1203 122 44 theory
1078 1203 39 34 of
1132 1203 283 44 quasi-contract.
1434 1204 81 42 Any

302 1258 156 30 contract
477 1253 76 34 that
572 1252 111 44 might
702 1253 86 34 have
807 1252 131 35 existed
956 1252 34 34 in
1010 1252 67 35 this
1096 1263 80 24 case
1194 1263 69 24 was
1283 1252 154 34 between
1456 1253 59 34 the

302 1302 198 44 companies
523 1302 69 35 and
616 1303 153 43 Massey,
793 1308 59 29 not
876 1303 112 33 Dews.
1013 1303 104 40 Here,
1141 1302 166 43 damages
1331 1313 59 23 are
1412 1301 102 44 being

301 1352 161 35 awarded
484 1352 136 43 against
641 1353 102 34 Dews
764 1352 148 35 because
933 1352 43 34 he
997 1351 27 34 is
1045 1352 59 34 the
1125 1357 100 39 party
1246 1352 76 34 that
1343 1352 62 33 has
1427 1351 87 35 been

301 1402 153 43 unjustly
466 1402 162 34 enriched
641 1402 45 43 by
697 1402 59 34 the
767 1402 145 34 services
924 1401 197 44 performed
1133 1402 45 43 by
1190 1401 183 44 appellees.
1386 1401 95 35 Such
1493 1412 20 23 a

301 1462 161 32 recovery
471 1451 99 34 when
581 1451 106 34 based
697 1462 92 33 upon
799 1451 118 43 unjust
927 1451 215 34 enrichment
1152 1451 81 34 does
1244 1456 60 29 not
1314 1450 132 35 involve
1455 1451 59 34 the

302 1501 235 34 enforcement
559 1500 39 35 of
617 1512 20 23 a
659 1506 166 29 contract.
849 1500 131 41 Dobbs,
1002 1500 205 35 Handbook
1227 1511 46 24 on
1295 1500 58 34 the
1374 1501 82 33 Law
1476 1500 46 44 of

301 1550 198 41 Remedies,
515 1550 17 43 §
548 1551 57 33 4.2
618 1561 32 33 p.
666 1552 66 33 237
749 1550 137 43 (1973).
901 1550 83 34 This
998 1550 160 43 parallels
1172 1561 62 23 our
1248 1550 156 43 previous
1418 1560 96 25 cases

302 1600 113 34 where
432 1610 51 24 we
499 1600 87 33 have
603 1599 79 35 held
700 1600 76 34 that
793 1611 45 23 an
855 1599 236 43 unregistered
1108 1610 38 24 or
1163 1599 200 35 unlicensed
1380 1599 133 44 foreign

301 1649 218 44 corporation
534 1659 80 33 may
629 1650 99 43 bring
743 1649 68 35 suit
825 1654 36 30 to
875 1653 133 40 protect
1022 1649 43 35 its
1080 1654 162 39 property
1256 1660 38 23 as
1309 1649 80 43 long
1403 1659 38 24 as
1455 1649 59 35 the

301 1699 69 35 suit
379 1699 82 34 does
472 1704 60 30 not
541 1699 232 44 unavoidably
783 1699 132 34 involve
925 1699 59 34 the
994 1699 237 35 enforcement
1241 1698 39 35 of
1288 1710 20 23 a
1319 1698 194 45 prohibited

300 1754 167 30 contract.
480 1750 77 39 See,
572 1760 73 33 e.g.,
659 1749 85 35 Ark.
758 1751 194 33 Airmotive
963 1750 75 34 Div.
1052 1749 47 44 of
1104 1750 133 42 Currey
1248 1748 125 35 Aerial
1381 1749 133 44 Spray­

301 1810 64 29 ers,
380 1801 68 32 Inc.
462 1810 31 23 v.
505 1799 86 34 Ark.
604 1801 166 33 Aviation
780 1799 114 39 Sales,
909 1800 82 39 Inc.,
1005 1800 68 34 232
1085 1800 85 33 Ark.
1186 1800 78 39 354,
1280 1800 65 33 335
1359 1799 94 34 S.W.­
1467 1798 45 35 2d

302 1850 66 33 813
393 1848 137 43 (1960).
553 1849 34 33 A
608 1849 246 43 corporation’s
876 1848 126 34 failure
1023 1853 35 30 to
1079 1848 135 44 qualify
1235 1854 35 28 to
1291 1848 45 34 do
1358 1848 154 35 business

301 1898 122 34 should
443 1903 58 29 not
520 1897 122 36 enable
660 1897 92 35 third
771 1908 140 33 persons
930 1903 35 29 to
983 1898 289 44 misappropriate
1290 1898 43 34 its
1352 1903 161 38 property

300 1947 83 35 with
403 1947 181 44 impunity.
604 1947 51 35 Id.
677 1947 244 44 Accordingly,
941 1947 85 34 such
1046 1947 134 44 foreign
1199 1947 235 44 corporations
1454 1958 59 24 are

300 1996 185 45 permitted
502 2002 35 30 to
554 1997 169 35 maintain
740 1997 196 35 restitution
953 1997 96 42 suits,
1066 1997 68 40 Id.;
1150 1998 78 34 C.B.
1247 1996 263 41 International,

300 2049 68 33 Inc.
388 2058 30 23 v.
440 2047 110 41 Cook,
570 2048 67 34 659
657 2047 85 35 F.2d
761 2048 68 34 862
849 2047 78 43 (8th
945 2047 71 34 Cir.
1041 2047 117 43 1981),
1178 2047 68 34 and
1264 2047 172 44 appellees
1454 2058 59 24 are

301 2096 143 35 entitled
456 2102 36 29 to
500 2096 184 43 judgment
696 2108 44 23 on
752 2097 59 34 the
823 2097 122 43 theory
956 2096 39 35 of
1004 2097 283 43 quasi-contract.
1300 2097 75 34 The
1388 2096 125 44 Wingo

299 2147 69 34 Act
388 2146 82 34 does
491 2151 59 29 not
570 2147 104 43 apply
694 2146 109 35 under
823 2146 96 35 these
938 2146 280 35 circumstances.

698 2230 41 34 V.
763 2229 352 35 CROSS-APPEAL

507 2303 199 43 Analytical
720 2304 167 43 Logging,
901 2304 83 40 Inc.,
998 2314 20 23 a
1032 2304 187 34 Louisiana
1231 2314 172 33 company
1415 2303 97 35 hired

300 2359 35 29 to
348 2353 44 35 do
405 2353 59 35 the
477 2352 225 45 mudlogging
714 2364 44 24 on
772 2353 59 35 the
843 2353 87 41 well,
944 2353 106 35 raises
1064 2354 97 34 three
1174 2353 112 44 points
1300 2353 35 34 in
1348 2353 43 34 its
1404 2363 107 25 cross-­

300 2403 134 44 appeal.
458 2403 100 41 First,
581 2403 26 34 it
628 2414 124 33 argues
773 2404 77 34 that
872 2403 59 35 the
952 2408 157 30 contract
1130 2415 69 23 was
1222 2403 141 35 entered
1384 2403 72 35 into
1478 2403 34 35 in
