1632 2696
1257 274 43 34 45

444 420 28 32 1.
494 417 172 44 Estoppel
686 417 43 43 by
748 419 209 41 Agreement

186 495 60 33 Dr.
259 494 118 42 Mings
387 504 123 32 argues
519 492 60 35 the
588 492 148 44 hospital
747 492 27 34 is
784 491 164 44 estopped
958 491 91 34 from
1058 490 179 44 operating
1246 490 59 34 the

94 544 146 43 parking
262 544 48 34 lot
331 543 147 35 because
498 542 40 35 of
556 542 43 35 its
621 547 200 38 agreement
841 541 82 34 with
945 541 73 34 him
1039 540 68 35 and
1128 540 59 34 the
1207 540 98 34 other

94 599 162 38 property
278 604 130 24 owners
430 598 60 29 not
511 598 35 29 to
568 592 44 35 do
634 603 48 24 so.
704 592 75 34 The
800 591 162 35 evidence
983 590 39 35 of
1040 602 45 23 an
1107 595 198 38 agreement

95 643 149 35 reached
267 643 119 35 before
407 643 58 34 the
487 642 146 43 original
656 642 148 44 hospital
826 641 234 35 construction
1082 645 158 39 supports
1262 651 44 23 no

95 693 199 35 conclusion
308 698 155 38 stronger
476 692 85 35 than
575 692 77 35 that
665 692 60 34 the
738 691 112 35 buffer
864 702 86 23 zone
962 690 114 35 would
1089 690 133 35 remain
1235 691 71 33 R-2

96 743 69 35 and
187 743 44 34 be
252 742 186 44 developed
460 742 82 34 with
565 753 20 23 a
608 742 111 43 “park
739 741 89 34 like”
852 740 229 44 atmosphere.
1104 740 112 34 There
1237 751 69 23 was

97 793 144 43 nothing
262 792 208 44 specifically
490 791 75 35 said
585 791 108 35 about
713 802 19 24 a
753 791 145 44 parking
918 791 58 34 lot.

189 868 114 34 When
316 867 59 35 the
388 867 147 44 hospital
550 866 138 44 applied
702 866 53 35 for
768 866 58 34 the
838 865 211 35 conditional
1062 876 62 23 use
1136 864 125 44 permit
1273 869 35 29 to

97 923 177 29 construct
294 917 59 34 the
368 917 143 43 jogging
531 917 79 34 trail
632 916 34 34 in
690 917 99 40 1982,
810 916 42 34 its
873 915 268 44 representative
1159 914 72 35 told
1251 914 59 34 the

98 967 167 44 planning
291 965 219 36 commission
536 966 78 35 that
640 976 44 24 no
710 965 144 44 parking
881 965 48 34 lot
954 964 114 35 would
1094 964 43 34 be
1162 964 87 34 built
1275 964 34 34 in

98 1017 223 43 conjunction
340 1016 81 34 with
440 1016 58 34 the
512 1016 144 43 jogging
675 1015 90 34 trail.
784 1015 112 34 There
914 1015 28 33 is
961 1014 162 34 evidence
1140 1014 76 34 that
1234 1013 76 34 that

99 1066 273 44 representation
387 1077 69 23 was
471 1065 102 35 made
588 1076 38 24 as
640 1065 60 34 the
714 1065 105 34 result
833 1064 39 34 of
884 1075 44 23 an
943 1068 200 39 agreement
1157 1063 153 34 between

99 1116 61 34 the
170 1116 150 44 hospital
331 1115 68 35 and
411 1116 60 33 Dr.
484 1115 130 43 Mings.
629 1115 31 34 It
670 1125 70 24 was
751 1114 79 44 only
841 1125 21 23 a
873 1119 78 38 part
962 1113 39 35 of
1009 1113 59 34 the
1079 1113 232 44 presentation

100 1166 155 43 showing
270 1166 60 34 the
344 1165 164 44 planning
524 1164 221 35 commission
761 1164 75 34 how
851 1164 60 34 the
926 1163 81 35 land
1022 1174 71 23 was
1108 1168 35 29 to
1159 1163 43 34 be
1216 1162 94 35 used.

102 1217 61 33 Dr.
178 1216 120 42 Mings
312 1215 84 35 cites
409 1225 44 24 no
466 1214 187 44 authority,
668 1214 69 34 and
750 1224 51 24 we
813 1214 99 34 know
926 1213 39 35 of
975 1224 100 29 none,
1089 1218 36 29 to
1138 1213 59 34 the
1209 1212 103 34 effect

101 1266 78 34 that
188 1276 20 24 a
218 1270 186 30 statement
413 1264 103 35 made
525 1264 44 44 by
579 1275 20 24 a
609 1269 101 39 party
719 1263 139 43 seeking
868 1274 20 24 a
897 1263 211 34 conditional
1117 1273 61 23 use
1187 1262 38 34 of
1232 1262 80 34 land

102 1315 120 35 before
241 1326 20 24 a
282 1315 164 44 planning
466 1314 221 35 commission
708 1314 27 34 is
755 1313 142 43 binding
916 1324 93 33 upon
1029 1313 77 34 that
1125 1317 100 39 party
1245 1311 68 35 and

102 1365 221 35 enforceable
334 1365 45 44 by
390 1365 98 34 those
499 1364 77 35 who
588 1363 151 45 opposed
751 1363 52 35 his
815 1369 138 38 request
964 1368 36 29 to
1011 1363 60 34 the
1082 1362 229 35 commission.

328 1441 60 33 Dr.
401 1440 119 43 Mings
530 1439 69 35 had
609 1439 60 35 the
678 1438 132 35 burden
820 1438 39 35 of
866 1438 153 43 showing
1028 1438 61 34 the
1098 1437 171 35 existence
1278 1437 39 34 of

103 1491 60 34 the
177 1495 200 38 agreement
390 1500 44 24 on
448 1489 112 35 which
574 1489 53 34 his
641 1489 153 43 estoppel
808 1488 104 35 claim
925 1499 70 23 was
1009 1487 117 35 based.
1141 1489 129 32 Hanna
1282 1498 31 23 v.

103 1540 171 41 Johnson,
284 1541 66 33 233
361 1540 84 34 Ark.
456 1539 159 41 409, 344
624 1538 143 35 S.W.2d
777 1539 66 33 846
855 1537 137 44 (1961).
1003 1538 114 33 When
1126 1537 152 43 estoppel
1287 1537 27 33 is

104 1590 59 34 the
185 1590 92 34 basis
299 1589 40 35 of
357 1600 20 24 a
398 1588 115 42 claim,
536 1600 51 23 we
609 1589 88 34 have
718 1588 79 35 held
819 1588 31 34 “.
878 1615 7 7 .
913 1615 6 7 .
942 1588 77 34 that
1040 1588 98 34 there
1159 1592 92 29 must
1273 1586 43 35 be

104 1640 171 43 certainty
286 1651 37 23 as
334 1645 36 29 to
381 1650 99 33 every
491 1639 122 40 intent,
624 1638 77 35 that
712 1638 59 35 the
781 1638 89 34 facts
880 1637 226 43 constituting
1117 1637 26 34 it
1154 1642 92 29 must
1256 1641 60 30 not

104 1690 43 34 be
168 1690 105 34 taken
296 1689 45 44 by
362 1694 183 38 argument
566 1699 38 24 or
626 1688 185 40 inference,
834 1687 68 35 and
923 1687 77 34 that
1022 1687 143 42 nothing
1186 1697 65 23 can
1273 1686 43 34 be

104 1739 158 43 supplied
280 1739 45 43 by
342 1738 250 35 intendment.”
610 1737 96 35 Ford
721 1739 123 32 Motor
862 1736 120 35 Credit
1000 1737 60 34 Co.
1079 1747 30 23 v.
1127 1735 189 44 Exchange

103 1788 113 41 Bank,
236 1790 64 32 251
322 1788 85 34 Ark.
427 1788 79 40 881,
525 1788 68 33 476
612 1786 143 35 S.W.2d
774 1787 66 33 208
862 1786 137 42 (1972).
1018 1786 77 33 Nor
1112 1785 68 34 will
1198 1796 50 23 we
1265 1790 52 29 set

104 1838 97 34 aside
217 1838 60 33 the
292 1837 224 34 chancellor’s
534 1836 132 34 factual
682 1835 284 35 determinations
982 1835 77 34 that
1075 1835 97 34 there
1187 1845 69 23 was
1272 1845 44 23 no

105 1887 85 34 such
201 1891 200 38 agreement
410 1886 115 34 unless
535 1896 51 24 we
596 1885 71 34 find
678 1885 26 34 it
714 1890 36 29 to
760 1885 43 34 be
812 1885 127 43 clearly
949 1895 184 23 erroneous
1143 1894 38 24 or
1190 1884 127 42 clearly

105 1936 138 43 against
254 1936 59 34 the
324 1935 279 44 preponderance
613 1934 40 35 of
660 1935 60 34 the
730 1934 171 35 evidence.
913 1934 85 34 Ark.
1011 1935 43 33 R.
1067 1933 74 35 Civ.
1154 1934 36 33 P.
1204 1932 113 44 52(a);

106 1986 140 35 Blevins
269 1997 30 23 v.
329 1987 163 43 Wagnon,
518 1986 63 34 281
609 1985 86 34 Ark.
721 1985 79 40 272,
826 1984 67 35 664
918 1983 143 35 S.W.2d
1090 1984 63 34 198
1181 1982 136 44 (1984);

106 2039 186 33 Proctor v.
304 2038 208 40 Hammons,
525 2037 66 34 277
603 2035 85 36 Ark.
701 2035 158 42 247, 640
870 2034 143 36 S.W.2d
1025 2035 68 34 800
1105 2033 137 45 (1982).
1254 2034 65 34 We

107 2088 104 35 make
226 2098 44 24 no
285 2088 85 34 such
385 2087 142 43 finding,
544 2086 68 36 and
628 2097 52 24 we
694 2086 81 35 hold
790 2086 59 35 the
864 2085 102 45 proof
978 2085 39 35 of
1030 2085 153 44 estoppel
1198 2096 69 23 was
1283 2089 36 30 at

107 2139 77 34 best
204 2138 151 34 unclear.

457 2221 30 33 2.
509 2219 218 35 Procedural
745 2218 229 44 Irregularity

201 2322 61 33 Dr.
275 2321 119 42 Mings
405 2331 123 32 argues
539 2319 110 35 either
659 2319 40 34 of
705 2324 68 29 two
783 2318 204 44 procedural
998 2328 110 24 errors
1119 2317 151 44 requires
1281 2328 40 23 us

109 2376 36 29 to
163 2370 139 35 declare
319 2370 59 34 the
395 2370 145 43 parking
558 2369 49 34 lot
624 2374 119 38 aspect
761 2368 39 34 of
814 2368 59 34 the
890 2368 211 34 conditional
1118 2378 62 23 use
1197 2367 125 43 permit

109 2420 89 34 void.
212 2420 100 40 First,
324 2419 43 35 he
377 2419 165 34 contends
553 2419 26 34 it
589 2429 70 24 was
671 2418 173 44 improper
854 2417 53 35 for
918 2416 60 35 the
987 2417 70 43 city
1068 2416 108 35 board
1186 2421 36 29 to
1232 2416 90 34 refer
