1648 2696
111 422 107 35 Little
240 422 110 40 Rock,
375 433 118 33 supra,
517 422 77 34 that
617 422 208 34 annexation
848 421 27 34 is
898 426 60 30 not
980 420 196 45 prohibited
1198 420 124 44 simply

112 473 149 34 because
277 483 20 24 a
314 478 90 29 tract
420 472 27 34 is
464 472 116 34 rather
597 471 131 44 rugged
744 482 38 24 or
798 471 134 44 heavily
948 471 143 34 wooded
1107 470 82 35 with
1206 481 117 33 sparse

112 522 213 44 population;
342 522 59 34 the
415 522 101 34 value
531 521 40 35 of
583 522 60 34 the
659 521 81 35 land
757 521 27 34 is
800 521 138 35 derived
955 521 91 34 from
1062 521 43 34 its
1122 521 115 34 actual
1254 520 68 35 and

112 572 214 44 prospective
346 583 60 23 use
426 571 53 35 for
498 572 71 43 city
588 582 175 33 purposes.

1252 279 66 34 263

297 649 74 34 The
384 648 214 35 landowners
613 653 81 29 next
707 658 107 33 argue
827 647 68 35 and
908 647 27 35 it
948 647 28 35 is
989 646 174 36 conceded
1176 647 76 34 that
1265 647 59 34 the

113 699 210 34 annexation
336 698 155 35 contains
503 709 96 23 some
611 698 185 34 farmland.
809 698 112 34 There
933 708 70 24 was
1015 708 45 24 an
1073 697 204 34 abundance
1287 695 40 36 of

114 749 186 43 testimony
317 749 34 33 in
367 748 67 35 this
450 759 80 23 case
546 748 77 34 that
639 748 46 34 all
701 748 59 34 the
776 747 81 35 land
873 747 102 43 being
992 747 156 35 annexed
1164 758 69 23 was
1249 747 75 34 best

114 798 113 35 suited
246 798 53 34 for
316 798 197 35 residential
531 798 69 34 and
617 798 221 34 commercial
856 808 164 33 purposes
1037 797 116 35 rather
1170 797 84 35 than
1271 796 54 35 for

115 848 226 44 agricultural
360 859 173 33 purposes.
555 848 125 34 Before
702 849 86 33 1975
809 847 98 35 lands
926 847 85 35 used
1030 847 53 35 for
1102 847 223 44 agricultural

115 909 166 33 purposes
291 898 101 35 could
402 903 60 29 not
472 898 43 34 be
525 897 168 35 annexed.
704 896 70 36 Act
785 898 66 34 309
862 897 40 35 of
913 898 86 34 1975
1012 897 170 35 amended
1192 897 59 34 the
1261 897 65 34 law

115 954 37 28 to
167 948 141 44 provide
324 948 76 35 that
416 948 225 43 agricultural
657 948 98 34 lands
772 947 101 35 could
889 952 60 30 not
965 947 43 35 be
1023 947 156 35 annexed
1196 946 29 35 if
1238 947 89 34 their

116 998 138 43 highest
266 998 68 35 and
348 998 74 34 best
434 1009 61 24 use
507 998 28 34 is
548 998 54 34 for
614 997 225 44 agricultural
852 1008 174 34 purposes.
1041 998 65 34 We
1118 996 209 45 interpreted

116 1048 69 34 this
202 1048 223 35 amendment
442 1048 34 34 in
495 1048 76 43 Gay
586 1059 31 23 v.
637 1049 80 42 City
733 1047 46 44 of
786 1047 222 44 Springdale,
1026 1058 120 33 supra,
1163 1047 68 34 and
1248 1046 79 35 held

116 1099 78 34 that
214 1098 60 34 the
294 1098 208 43 prohibition
523 1098 136 43 against
680 1098 171 43 annexing
872 1097 225 43 agricultural
1117 1097 99 35 lands
1236 1097 28 34 is
1284 1107 44 24 no

117 1149 119 42 longer
252 1148 166 34 absolute.
434 1148 75 34 The
523 1147 100 35 lands
639 1158 80 33 may
734 1147 43 35 be
792 1147 156 35 annexed
963 1147 30 34 if
1005 1147 89 34 their
1109 1147 136 43 highest
1260 1146 68 35 and

117 1198 77 34 best
213 1208 62 24 use
295 1198 27 33 is
343 1197 52 34 for
416 1208 19 23 a
456 1208 148 33 purpose
624 1197 98 34 other
742 1197 84 34 than
846 1197 221 43 agriculture.

210 1274 197 43 Generally,
420 1274 97 34 there
529 1285 70 23 was
611 1274 99 34 other
721 1273 185 44 testimony
918 1273 77 35 that
1006 1284 96 23 some
1113 1273 39 34 of
1160 1273 59 34 the
1231 1272 98 35 lands

118 1334 60 23 are
193 1323 103 43 being
311 1323 78 34 held
404 1334 38 23 as
457 1323 177 35 suburban
649 1328 171 39 property.
835 1323 113 34 There
962 1334 60 23 are
1036 1323 130 34 several
1180 1322 148 35 subdivi-

119 1373 91 34 sions
222 1373 103 43 being
337 1373 186 44 developed
535 1373 34 34 in
581 1373 59 34 the
651 1384 81 23 area
744 1378 83 29 west
838 1372 39 35 of
885 1373 60 34 the
955 1372 70 44 city
1037 1372 68 35 due
1115 1378 36 29 to
1162 1373 59 34 the
1231 1372 98 44 city’s

119 1423 200 34 residential
331 1423 132 43 growth
475 1423 35 34 in
523 1423 77 34 that
612 1423 178 34 direction.
803 1423 75 34 The
889 1432 121 34 mayor
1023 1422 148 35 testified
1183 1422 76 35 that
1271 1422 59 34 the

119 1473 71 43 city
209 1483 66 24 can
295 1472 206 44 adequately
521 1472 140 44 provide
680 1472 111 44 police
809 1472 69 35 and
897 1472 62 35 fire
978 1472 203 44 protection,
1201 1472 129 34 animal

119 1523 145 40 control,
276 1528 105 29 street
392 1523 114 43 lights,
518 1528 107 29 water
636 1522 69 35 and
717 1533 134 32 sewage
861 1522 140 41 service,
1012 1522 70 34 and
1092 1522 60 34 the
1163 1521 97 35 lands
1272 1533 59 23 are

121 1572 132 35 needed
267 1572 54 35 for
335 1572 134 44 orderly
482 1573 134 43 growth
630 1572 69 35 and
713 1572 249 44 development.
978 1572 75 34 The
1066 1571 95 36 chief
1172 1571 39 35 of
1221 1571 110 45 police

121 1622 69 35 and
199 1623 62 34 fire
270 1622 95 35 chief
371 1623 148 34 testified
528 1623 77 34 that
613 1623 60 34 the
682 1622 208 35 annexation
899 1622 113 35 would
1022 1622 100 35 assist
1131 1622 82 35 with
1222 1622 110 44 police

121 1673 69 35 and
199 1673 63 35 fire
270 1673 190 44 protection
470 1673 150 35 because
628 1673 35 35 in
672 1684 96 24 some
777 1673 114 44 places
900 1672 60 35 the
968 1672 70 44 city
1047 1672 106 35 limits
1162 1672 101 35 could
1272 1677 59 30 not

121 1724 43 34 be
177 1723 225 35 determined.
416 1724 75 34 The
504 1723 158 35 annexed
675 1723 82 35 land
770 1723 113 35 would
897 1734 83 24 even
994 1723 60 35 the
1066 1723 99 44 city’s
1178 1722 152 35 bounda-

121 1774 77 40 ries,
210 1774 192 43 advancing
412 1774 97 34 them
518 1779 36 29 to
564 1774 138 34 natural
712 1784 38 24 or
760 1773 202 37 man-made
971 1773 219 41 boundaries,
1200 1773 84 34 such
1295 1779 37 28 as

121 1824 189 43 highways.

306 1900 75 33 The
391 1900 79 34 trial
482 1904 99 29 court
592 1899 104 34 made
707 1899 137 43 specific
855 1898 149 43 findings
1015 1898 39 35 of
1063 1897 83 42 fact,
1158 1897 175 43 including

123 1949 149 43 findings
282 1949 77 34 that
369 1949 103 34 much
483 1948 39 35 of
529 1949 60 34 the
598 1948 99 35 lands
708 1953 174 39 represent
892 1948 59 35 the
961 1948 117 34 actual
1088 1948 132 43 growth
1230 1947 39 35 of
1275 1947 59 35 the

123 1999 70 44 city
204 1999 136 44 beyond
350 1999 42 35 its
403 1999 89 44 legal
503 1999 192 44 boundary;
706 1998 59 35 the
775 1998 97 35 lands
883 2009 60 24 are
953 1997 131 36 needed
1095 1997 53 36 for
1159 1997 175 36 extension

123 2050 40 35 of
174 2050 111 44 police
299 2049 68 35 and
381 2050 61 34 fire
455 2050 204 44 protection;
674 2049 60 35 the
747 2049 98 35 lands
859 2060 60 24 are
931 2049 161 35 valuable
1105 2049 45 43 by
1164 2059 121 24 reason
1298 2048 40 35 of

123 2100 91 34 their
234 2100 230 43 adaptability
484 2100 54 34 for
559 2100 213 43 prospective
792 2099 188 43 municipal
1001 2109 175 33 purposes;
1197 2098 69 35 and
1286 2098 48 35 al­

124 2150 133 41 though
270 2160 95 23 some
377 2159 145 32 acreage
535 2149 28 33 is
575 2149 174 43 presently
761 2148 83 34 used
857 2148 53 34 for
923 2148 225 42 agricultural
1160 2158 175 33 purposes,

124 2198 60 34 the
197 2198 136 42 highest
346 2198 68 33 and
427 2198 75 33 best
514 2209 62 22 use
588 2197 39 34 of
637 2198 97 33 these
746 2197 98 34 lands
857 2197 28 34 is
898 2197 54 34 for
964 2207 164 33 purposes
1141 2197 98 33 other
1251 2196 85 34 than

125 2247 89 34 their
224 2252 137 38 present
369 2258 71 23 use.
451 2247 57 34 On
517 2247 124 43 appeal
650 2257 63 24 our
722 2246 151 34 decision
882 2246 28 34 is
920 2245 133 35 limited
1062 2251 36 29 to
1107 2244 229 44 determining

125 2296 30 35 if
169 2297 97 34 these
283 2296 148 44 findings
448 2307 60 24 are
524 2297 128 43 clearly
669 2306 126 33 wrong.
814 2296 129 34 ARCP
959 2295 92 35 Rule
1068 2296 55 40 52,
1140 2294 149 35 Holmes
1305 2305 30 24 v.

127 2348 81 42 City
228 2347 46 44 of
285 2347 106 35 Little
410 2346 111 40 Rock,
542 2357 119 33 supra.
682 2346 98 44 They
800 2357 59 23 are
878 2351 60 29 not
957 2345 35 35 in
1012 2345 68 35 this
1100 2356 90 23 case.

312 2425 65 34 For
396 2424 46 35 all
460 2424 167 44 practical
646 2434 176 33 purposes,
841 2434 51 23 we
910 2422 179 35 overruled
1107 2421 182 36 Saunders
1306 2433 30 23 v.
