1656 2685
316 255 67 33 392

549 395 27 32 1.
592 394 98 33 THE
704 393 218 35 STATUTE
938 391 236 35 VIOLATES
1190 391 334 35 SUBSTANTIVE

315 443 100 34 DUE
439 442 212 35 PROCESS
679 442 219 34 BECAUSE
922 442 97 34 THE
1043 441 100 34 AGE
1168 441 62 34 OF
1259 442 39 33 17
1326 440 41 35 IS
1392 440 130 34 ARBI­

313 492 168 34 TRARY
539 493 106 33 AND
703 492 98 33 THE
858 491 219 35 STATUTE
1136 489 386 36 DISCRIMINATES

314 541 217 35 AGAINST
557 541 326 35 DEFENDANTS
910 540 237 35 CHARGED
1175 541 129 34 WITH
1330 539 193 36 SEXUAL

314 591 254 36 OFFENSES.
586 592 33 34 A
635 596 129 30 statute
780 596 150 39 protects
946 602 21 23 a
984 590 151 45 person’s
1152 590 91 44 right
1259 595 35 30 to
1311 589 212 35 substantive

314 642 68 34 due
393 652 136 34 process
541 642 30 35 if
580 642 26 34 it
618 641 170 35 advances
800 652 20 23 a
832 641 207 45 compelling
1051 645 90 30 state
1153 640 141 35 interest
1306 640 68 35 and
1387 640 26 34 it
1425 640 27 34 is
1464 639 59 35 the

314 692 87 34 least
427 692 189 35 restrictive
641 691 141 35 method
809 691 170 35 available
1004 696 35 29 to
1065 701 100 33 carry
1190 696 60 29 out
1276 690 67 35 this
1371 690 150 34 interest.

318 741 200 43 Thompson
541 753 31 22 v.
597 741 184 34 Arkansas
804 740 124 35 Social
950 741 169 39 Services,
1146 741 67 33 282
1237 740 85 34 Ark.
1350 740 78 40 369,
1455 739 67 34 669

314 790 143 35 S.W.2d
480 791 65 34 878
571 790 136 43 (1984).
730 790 74 34 The
825 795 90 30 state
936 790 62 34 has
1019 801 45 23 an
1086 789 141 35 interest
1249 790 34 34 in
1305 789 58 35 the
1384 789 138 43 general

313 840 140 35 welfare
462 840 39 35 of
508 840 165 41 children,
684 839 68 36 and
762 850 65 24 one
836 840 39 35 of
882 840 43 35 its
935 844 90 30 most
1034 839 140 35 obvious
1185 839 112 35 duties
1307 839 27 35 is
1344 844 36 29 to
1390 843 132 39 protect

313 890 154 35 children
481 890 89 35 from
583 890 118 35 sexual
714 890 123 35 crimes
850 889 136 44 against
999 889 111 35 which
1123 888 154 36 children
1291 900 59 24 are
1361 888 161 44 virtually

313 940 218 35 defenseless.
543 940 110 35 Other
663 945 106 29 states
779 940 87 36 have
875 939 203 44 recognized
1088 939 59 35 the
1157 939 99 35 harm
1266 950 20 24 a
1296 938 92 35 child
1398 938 123 36 suffers

313 1001 38 23 as
369 1001 20 23 a
406 989 118 36 victim
542 990 39 35 of
596 990 117 34 sexual
732 989 107 35 abuse
856 989 68 36 and
943 994 132 39 protect
1093 989 59 34 the
1169 989 92 35 child
1280 989 90 34 from
1388 988 134 35 further

313 1044 138 30 trauma
462 1039 44 44 by
516 1040 159 42 allowing
686 1039 58 35 the
754 1039 92 35 child
856 1045 36 29 to
902 1039 118 44 testify
1029 1044 61 29 out
1099 1038 40 35 of
1145 1044 108 29 court.
1263 1039 103 34 State
1375 1049 30 23 v.
1421 1037 100 44 Vigil,

314 1090 63 33 711
401 1088 85 35 P.2d
507 1090 42 33 28
572 1089 120 42 (N.M.
712 1089 90 43 App.
827 1088 117 43 1985);
963 1089 103 34 State
1084 1099 30 23 v.
1133 1087 198 45 Sheppard,
1356 1089 63 33 197
1440 1088 80 34 N.J.­

313 1138 122 43 Super.
456 1139 79 40 411,
557 1139 68 33 484
644 1137 93 35 A.2d
761 1139 87 33 1330
871 1137 137 44 (1984);
1028 1148 57 24 see
1105 1137 72 35 also
1196 1137 162 43 Ordway,
1378 1139 145 32 Parent-­

315 1187 107 35 Child
433 1189 126 33 Incest:
571 1187 116 44 Proof
693 1193 36 28 at
747 1187 96 35 Trial
855 1187 146 35 without
1019 1189 199 41 Testimony
1232 1189 34 32 in
1281 1187 110 34 Court
1405 1186 44 43 by
1463 1185 58 36 the

317 1238 134 39 Victim,
468 1238 38 34 15
519 1238 44 34 U.
574 1237 40 34 of
622 1236 109 35 Mich.
744 1237 142 34 Journal
897 1236 39 35 of
943 1237 82 34 Law
1036 1235 145 36 Reform
1188 1238 20 34 !
1216 1238 39 33 31
1272 1235 247 44 (1981-1982).

495 1322 74 35 The
596 1322 198 43 legislature
822 1322 62 35 has
912 1322 222 43 consistently
1161 1321 177 45 protected
1366 1321 155 35 children

311 1372 196 34 victimized
523 1372 45 43 by
584 1372 118 34 sexual
718 1372 157 36 offenses.
893 1372 67 35 See
975 1372 84 34 Ark.
1077 1371 89 35 Stat.
1183 1373 92 33 Ann.
1294 1371 41 43 §§
1353 1372 167 41 41-1803,

317 1422 433 40 1804, 1806-1808, 1810.
760 1421 73 34 The
842 1421 202 43 challenged
1053 1426 140 36 statute,
1202 1422 85 34 Ark.
1298 1421 89 35 Stat.
1397 1421 91 35 Ann.
1501 1420 17 44 §

313 1471 153 34 43-2036
480 1471 123 44 (Supp.
619 1470 117 43 1985),
747 1470 130 44 applies
888 1476 35 30 to
932 1471 136 34 victims
1078 1470 40 35 of
1125 1471 118 35 sexual
1253 1471 148 34 offenses
1412 1470 109 37 under

312 1530 64 33 age
396 1521 51 33 17.
463 1521 74 34 The
551 1520 118 35 victim
685 1520 34 34 in
734 1520 67 37 this
817 1530 89 31 case,
927 1522 36 33 11
983 1531 98 32 years
1097 1519 67 41 old,
1181 1520 107 43 easily
1303 1520 55 34 fits
1374 1520 72 34 into
1461 1519 59 35 the

312 1575 162 38 category
500 1570 39 34 of
562 1581 20 23 a
609 1570 112 34 minor
747 1570 76 33 who
849 1570 122 34 should
998 1570 44 34 be
1068 1570 176 43 protected
1271 1570 46 43 by
1343 1570 75 34 law.
1446 1569 75 35 The

312 1619 175 44 appellant
501 1620 61 34 has
576 1625 59 29 not
648 1619 257 36 demonstrated
919 1619 76 35 that
1008 1619 59 35 the
1080 1629 65 34 age
1157 1619 89 35 limit
1259 1619 28 35 is
1300 1619 172 43 arbitrary
1485 1619 34 35 in

312 1669 67 35 this
399 1679 89 24 case.

494 1756 82 34 This
600 1760 130 30 statute
754 1755 156 44 provides
934 1755 60 35 the
1017 1755 87 34 least
1128 1755 189 35 restrictive
1340 1765 119 24 means
1483 1755 40 34 of

311 1804 158 44 carrying
487 1810 60 29 out
563 1805 59 34 the
639 1805 118 34 state’s
775 1804 141 36 interest
934 1805 34 34 in
986 1804 193 44 protecting
1195 1804 154 35 children
1366 1804 77 35 who
1459 1815 61 24 are

309 1854 135 34 victims
460 1854 39 35 of
512 1854 118 35 sexual
646 1854 117 35 abuse.
781 1854 74 35 The
871 1859 130 30 statute
1017 1859 149 39 protects
1183 1855 59 34 the
1257 1854 154 34 children
1427 1853 91 35 from

310 1903 177 44 testifying
501 1904 34 35 in
548 1909 98 29 court
660 1904 106 34 about
780 1915 20 23 a
814 1904 169 43 personal,
997 1903 198 42 traumatic,
1210 1903 67 35 and
1291 1903 94 35 often
1399 1903 118 35 devas­

310 1953 111 43 tating
445 1954 209 44 experience.
679 1954 74 34 The
775 1959 131 30 statute
928 1959 150 39 protects
1102 1953 59 35 the
1183 1953 217 35 defendant’s
1423 1953 96 35 basic

310 2003 258 35 constitutional
579 2003 108 43 rights
698 2003 45 43 by
753 2004 186 42 requiring,
951 2003 90 35 after
1051 2002 90 44 good
1151 2013 104 25 cause
1265 2003 27 34 is
1303 2003 127 40 shown,
1442 2003 77 35 that

310 2052 59 35 the
376 2052 205 45 videotaped
590 2052 191 45 deposition
791 2052 43 35 be
843 2053 104 35 taken
957 2052 119 35 before
1084 2052 60 35 the
1149 2052 118 44 judge,
1277 2053 59 34 the
1345 2057 173 40 prosecut­

310 2102 57 43 ing
382 2107 168 39 attorney,
565 2103 59 34 the
637 2102 189 35 defendant
839 2102 69 35 and
922 2102 52 35 his
988 2107 169 38 attorney,
1172 2102 68 35 and
1254 2102 76 35 that
1343 2102 175 34 examina­

310 2152 72 34 tion
396 2151 68 35 and
478 2152 343 35 cross-examination
835 2152 43 35 be
892 2151 185 45 permitted
1091 2152 34 34 in
1139 2152 213 35 accordance
1364 2151 82 35 with
1460 2151 59 36 the

309 2201 163 35 Uniform
493 2202 106 34 Rules
619 2201 40 35 of
676 2201 180 36 Evidence.

492 2288 74 34 The
583 2292 130 30 statute
730 2286 81 36 does
829 2292 59 30 not
905 2287 237 35 discriminate
1159 2287 136 43 against
1313 2286 205 36 defendants

309 2336 151 44 charged
478 2337 82 34 with
578 2337 118 34 sexual
714 2337 159 41 offenses;
891 2337 27 34 it
935 2337 81 43 only
1033 2336 131 45 applies
1182 2342 35 29 to
1235 2336 118 35 sexual
1371 2337 147 34 offenses

310 2386 135 43 against
457 2386 165 35 children.
635 2386 74 35 The
720 2391 130 30 statute
861 2386 130 35 affords
1003 2386 68 35 due
1082 2396 147 34 process,
1242 2386 148 35 because
1402 2386 26 34 it
1439 2386 80 43 only
