1656 2693
129 403 59 34 the
199 402 84 34 road
294 402 68 35 and
373 403 81 34 then
465 403 153 43 dragged
629 403 61 34 her
701 403 71 35 into
782 414 95 24 some
887 403 136 35 bushes.
1036 404 65 34 We
1111 404 82 34 then
1203 409 90 29 went
1303 409 36 29 to

129 464 58 32 my
200 452 106 35 house
318 452 117 35 trailer
446 453 113 34 where
572 453 14 34 I
599 453 132 34 burned
743 464 46 33 up
801 464 57 32 my
869 453 86 35 shirt
967 453 148 35 because
1127 454 26 34 it
1164 453 68 34 had
1244 464 95 24 some

129 502 103 35 blood
251 513 43 23 on
314 502 26 35 it
358 503 68 34 and
445 502 132 36 burned
596 503 61 34 her
675 503 99 35 shoes
793 502 68 36 and
880 513 111 34 purse.
1012 502 197 44 Somebody
1227 508 36 29 at
1281 514 58 33 my

131 553 108 34 house
258 552 105 35 asked
384 564 55 23 me
459 553 107 34 about
586 552 59 35 the
665 553 102 34 blood
787 564 43 23 on
851 564 58 32 my
928 553 96 34 shirt.

1269 263 64 33 451

221 638 75 34 The
315 644 202 29 statements
537 639 187 34 constitute
743 638 101 45 proof
860 639 76 34 that
955 639 133 35 Arthur
1108 639 88 35 Dale
1214 639 126 44 Taylor

131 688 69 35 and
211 693 68 29 two
289 689 97 34 other
397 689 107 34 males
515 688 150 44 planned
676 694 35 29 to
721 689 118 34 obtain
850 699 124 33 money
985 689 90 35 from
1086 690 79 42 Ivey
1176 689 112 34 Jones.
1301 690 39 34 In

131 738 223 35 furtherance
368 738 39 35 of
418 739 76 34 that
509 738 81 43 plan
604 738 82 44 they
700 739 104 34 drove
817 744 36 29 to
868 738 60 35 her
943 744 197 39 apartment
1154 739 112 34 where
1280 739 61 34 she

131 798 70 24 was
211 788 135 34 enticed
356 788 71 34 into
435 788 59 35 the
502 798 70 24 car.
582 788 71 34 She
661 799 70 24 was
740 789 81 34 then
831 788 194 35 murdered.
1034 789 92 35 That
1135 788 101 45 proof
1242 789 99 34 alone

131 838 83 34 does
234 843 60 29 not
314 838 176 44 implicate
509 838 187 44 appellant.

226 925 178 40 However,
435 924 176 45 appellant
641 935 86 33 gave
756 930 67 29 two
853 924 257 45 incriminating
1140 930 202 30 statements

132 974 113 34 which
258 985 59 23 are
328 974 232 35 summarized
571 985 38 23 as
621 974 142 35 follows:
777 975 14 34 I
803 985 69 24 was
884 975 82 34 with
978 980 67 29 two
1057 975 91 35 male
1159 974 128 35 friends
1298 986 44 23 on

133 1024 59 35 the
202 1024 99 42 night
310 1024 39 34 of
356 1024 58 34 the
424 1023 149 35 murder.
585 1024 119 35 About
714 1025 97 34 three
819 1024 111 35 weeks
940 1024 119 35 before
1068 1025 60 34 the
1137 1024 138 35 murder
1285 1036 57 32 my

132 1079 69 29 two
213 1073 130 35 friends
356 1085 89 23 were
456 1073 133 44 talking
602 1074 107 35 about
722 1075 144 42 robbing
880 1075 79 43 Ivey
971 1075 114 34 Jones.
1099 1076 49 33 At
1160 1074 76 35 that
1248 1075 94 41 time,

133 1124 60 34 the
204 1124 81 43 plan
297 1135 69 23 was
378 1123 52 35 for
442 1135 56 23 me
509 1123 69 35 and
590 1134 20 24 a
622 1123 113 35 friend
746 1129 35 30 to
793 1123 106 45 spend
911 1124 59 34 the
981 1124 98 44 night
1091 1130 36 29 at
1138 1125 80 42 Ivey
1228 1125 114 34 Jones’

134 1174 109 34 house
251 1173 69 35 and
328 1174 95 34 leave
432 1174 110 35 either
549 1173 60 35 the
617 1173 85 35 door
709 1173 169 36 unlocked
887 1184 38 24 or
933 1174 61 35 the
1000 1174 146 35 window
1153 1184 57 33 up.
1221 1174 56 34 On
1285 1175 60 34 the

135 1223 99 44 night
244 1223 34 34 in
288 1224 157 43 question
455 1224 59 34 the
523 1223 98 35 three
630 1223 39 35 of
676 1235 39 23 us
726 1235 88 24 were
823 1223 133 44 driving
966 1224 133 34 around
1109 1223 68 36 and
1187 1224 157 43 thinking

135 1274 108 33 about
254 1273 144 43 robbing
409 1284 38 23 or
458 1273 235 43 burglarizing
705 1284 95 24 some
810 1273 107 44 place.
929 1274 98 43 They
1037 1273 144 35 decided
1192 1278 36 29 to
1239 1274 107 34 break

135 1323 73 34 into
218 1322 80 34 Wal
309 1323 97 34 Mart
416 1323 169 34 Discount
595 1322 112 41 Store,
717 1323 62 34 but
788 1323 157 42 changed
955 1323 89 34 their
1054 1323 123 34 minds.
1189 1323 64 34 We
1263 1323 81 34 then

135 1372 104 35 drove
251 1377 36 29 to
299 1372 59 34 the
368 1372 147 34 victim’s
528 1372 117 34 house.
660 1373 14 34 I
687 1372 59 35 did
759 1378 59 29 not
830 1372 98 34 know
941 1373 59 34 the
1012 1382 122 25 reason
1146 1383 51 23 we
1208 1378 89 29 went
1309 1378 36 29 to

135 1422 59 34 the
206 1421 147 35 victim’s
367 1421 115 36 house.
498 1422 15 34 I
526 1421 63 35 left
602 1422 59 34 the
673 1432 70 31 car,
756 1426 90 31 went
858 1427 36 29 to
906 1422 59 35 the
976 1422 148 35 victim’s
1137 1427 206 39 apartment,

135 1471 69 35 and
218 1476 59 38 got
290 1472 61 34 her
364 1476 35 30 to
409 1472 73 43 join
495 1482 40 25 us
549 1471 34 35 in
597 1472 59 35 the
668 1483 70 24 car.
754 1473 79 43 Ivey
845 1472 103 34 Jones
961 1478 54 29 sat
1028 1472 36 35 in
1076 1473 60 34 the
1149 1471 92 35 front
1253 1472 92 43 right

135 1526 86 31 seat.
238 1521 79 35 One
331 1521 39 35 of
382 1522 59 34 the
455 1522 99 35 other
568 1527 68 29 two
651 1533 80 24 men
746 1523 82 34 then
844 1522 51 34 hit
911 1522 80 44 Ivey
1006 1523 103 34 Jones
1124 1533 44 24 on
1183 1522 59 35 the
1256 1522 89 35 head

136 1571 83 36 with
236 1583 20 23 a
273 1571 73 36 foot
361 1572 78 44 long
456 1572 230 35 screwdriver.
704 1573 15 34 I
735 1573 59 34 did
810 1577 59 30 not
885 1573 99 34 know
1000 1573 76 35 that
1092 1573 60 35 the
1166 1572 98 35 other
1279 1578 67 29 two

136 1620 164 37 intended
312 1627 35 30 to
359 1623 118 34 attack
489 1624 80 42 Ivey
580 1623 113 34 Jones.
707 1623 74 35 The
791 1622 118 36 victim
920 1634 70 23 was
1002 1623 72 35 told
1086 1623 81 43 they
1179 1634 88 23 were
1278 1628 36 30 at
1325 1634 20 24 a

136 1672 160 43 hospital,
311 1672 68 35 and
393 1673 60 34 she
466 1672 110 36 either
589 1678 59 38 got
661 1678 61 29 out
735 1671 39 36 of
784 1673 59 35 the
855 1683 59 24 car
928 1683 38 24 or
979 1684 70 23 was
1063 1672 99 36 lifted
1175 1678 60 29 out
1248 1673 98 34 when

135 1722 60 34 the
203 1722 99 34 other
312 1727 67 29 two
388 1733 78 24 men
476 1722 146 35 stabbed
633 1722 60 35 her
703 1723 82 34 with
794 1734 20 23 a
824 1722 95 35 knife
928 1722 69 34 and
1006 1723 52 34 hit
1067 1723 60 34 her
1136 1732 45 25 on
1189 1722 59 34 the
1257 1722 89 35 head

135 1771 83 35 with
228 1782 20 23 a
258 1772 58 42 lug
326 1772 146 34 wrench.
483 1771 71 35 She
563 1782 70 24 was
642 1772 83 34 then
734 1771 121 45 placed
864 1782 44 24 on
918 1772 59 34 the
985 1772 91 34 hood
1084 1783 38 23 or
1131 1772 105 34 trunk
1243 1772 39 34 of
1288 1772 58 34 the

136 1832 60 24 car
210 1821 69 34 and
294 1821 103 35 taken
412 1827 35 29 to
461 1822 60 34 the
535 1821 99 44 place
648 1822 114 34 where
775 1822 61 34 her
850 1821 91 44 body
954 1833 70 23 was
1040 1822 87 34 later
1141 1821 117 35 found.
1274 1822 74 34 The

136 1872 99 34 three
249 1870 39 35 of
300 1882 39 23 us
354 1871 81 35 then
451 1876 90 30 went
556 1876 36 29 to
606 1882 20 23 a
642 1872 118 34 trailer
774 1871 184 43 belonging
973 1877 35 29 to
1023 1882 65 24 one
1102 1872 39 34 of
1153 1871 59 35 the
1226 1882 89 24 men.
1332 1872 15 34 I

137 1920 104 36 made
254 1931 96 24 some
362 1921 110 34 coffee
485 1920 69 36 and
567 1926 91 29 went
671 1921 162 35 outdoors
847 1926 35 30 to
895 1921 71 34 find
979 1922 77 34 that
1070 1933 20 23 a
1104 1922 62 34 fire
1179 1921 68 34 had
1261 1921 86 35 been

137 1970 98 35 built.
247 1970 75 34 The
330 1970 146 35 victim’s
486 1971 62 34 hat
557 1970 69 35 and
637 1980 102 34 purse
747 1982 89 24 were
846 1971 132 34 burned
988 1971 103 43 along
1101 1971 82 35 with
1193 1982 20 23 a
1223 1971 125 44 bloody

137 2020 87 34 shirt
243 2019 39 34 of
298 2031 65 23 one
382 2020 38 34 of
436 2021 59 34 the
513 2020 99 34 other
631 2031 90 23 men.
743 2021 15 33 I
777 2020 59 35 did
855 2025 59 29 not
933 2021 59 34 tell
1012 2031 134 33 anyone
1165 2020 105 34 about
1289 2021 59 34 the

137 2069 141 34 murder
292 2069 148 34 because
453 2071 15 32 I
482 2080 70 23 was
566 2069 114 34 afraid
695 2070 15 33 I
724 2070 101 34 could
839 2075 57 37 get
910 2070 59 33 the
982 2070 139 34 electric
1134 2070 96 34 chair
1243 2069 53 34 for
1310 2070 36 34 it.

230 2153 135 43 Regina
376 2154 167 34 McGrew
552 2153 149 35 testified
711 2154 76 34 that
795 2165 44 24 on
848 2154 59 34 the
916 2154 143 43 evening
1068 2154 40 35 of
1114 2154 192 35 December
1317 2155 31 40 8,

142 2203 100 40 1983,
261 2203 59 34 the
337 2204 186 43 appellant,
540 2203 134 35 Arthur
690 2204 91 35 Dale
797 2204 137 43 Taylor,
953 2204 68 34 and
1039 2204 126 44 Randy
1183 2204 165 34 Hallman

137 2253 106 35 drove
264 2258 35 29 to
320 2253 133 35 Arthur
475 2253 89 35 Dale
584 2254 156 43 Taylor’s
762 2254 106 35 house
889 2254 117 34 trailer
1028 2254 35 34 in
1084 2265 21 24 a
1127 2253 80 36 blue
1228 2253 122 44 Dodge

138 2303 223 35 automobile.
377 2304 189 44 Appellant
581 2309 90 29 went
686 2304 120 41 inside,
822 2308 58 39 got
895 2303 98 35 three
1007 2314 83 34 cups
1106 2304 39 34 of
1156 2304 110 34 coffee
1281 2303 68 35 and

138 2353 83 35 took
236 2353 97 34 them
348 2353 144 35 outside.
509 2353 97 44 They
621 2364 90 24 were
726 2353 160 43 drinking
902 2354 111 34 coffee
1028 2354 68 34 and
1112 2353 133 35 Arthur
1261 2354 89 34 Dale

138 2403 128 43 Taylor
275 2403 82 34 took
365 2403 52 34 off
424 2403 51 35 his
486 2402 125 44 bloody
620 2403 97 41 shirt,
728 2403 130 44 poured
867 2403 154 43 gasoline
1029 2414 45 23 on
1083 2403 37 41 it,
1132 2402 68 36 and
1210 2408 51 29 set
1270 2403 26 34 it
1306 2414 43 23 on
