1655 2684
303 408 75 33 law.
401 409 64 33 We
485 408 80 34 hold
586 409 76 33 that
683 408 59 34 the
761 413 159 38 attorney
940 419 81 33 may
1041 413 59 29 not
1120 409 122 33 collect
1262 409 52 33 his
1335 408 65 35 fee.

304 269 67 33 382

394 484 183 42 Raymond
590 483 166 40 Widmer,
768 494 60 23 son
839 483 39 34 of
886 484 59 33 the
955 488 155 35 testator,
1123 484 132 33 Walter
1267 484 167 39 Widmer,
1445 483 67 34 and

302 538 162 28 executor
475 532 40 34 of
524 533 51 34 his
588 537 120 35 estate,
721 532 180 44 employed
914 533 89 34 John
1016 532 143 43 Tuohey
1170 543 38 23 as
1220 538 159 38 attorney
1391 532 53 34 for
1455 533 59 33 the

303 587 120 29 estate.
443 582 57 34 On
521 582 99 44 April
643 583 53 39 15,
720 583 99 40 1985,
840 588 162 29 executor
1021 582 167 41 Widmer,
1209 583 165 43 appellee,
1394 582 80 34 filed
1494 593 20 24 a

304 632 88 35 First
405 633 219 43 Accounting
637 631 67 36 and
717 632 147 35 Petition
877 632 53 35 for
943 633 111 35 Other
1066 633 162 41 Matters,
1241 633 139 44 seeking
1393 643 120 24 execu-

303 683 81 34 tor’s
396 683 68 34 and
476 683 186 44 attorney’s
674 682 83 42 fees,
769 683 68 34 and
848 694 45 24 an
904 683 100 35 order
1015 683 187 44 approving
1214 684 254 34 encumbrance
1478 683 39 34 of

302 733 59 34 the
371 733 70 34 real
451 739 162 38 property
621 733 40 35 of
666 733 59 34 the
735 738 109 30 estate
853 739 35 29 to
897 734 118 34 obtain
1025 733 104 34 funds
1139 739 35 29 to
1183 744 67 33 pay
1259 734 97 34 these
1365 734 71 34 fees
1446 733 68 35 and

302 783 98 34 other
414 784 217 42 obligations.
647 783 199 44 Appellant,
863 784 83 34 Carl
962 783 166 41 Widmer,
1144 783 59 35 the
1217 784 140 34 brother
1371 783 39 35 of
1421 784 91 43 Ray-

303 833 104 34 mond
427 833 167 41 Widmer,
613 832 80 36 filed
713 844 20 23 a
752 844 171 33 response,
943 833 173 44 objecting
1135 833 76 35 that
1230 834 59 34 the
1307 834 206 42 accounting

302 894 69 23 was
383 888 59 29 not
453 883 80 34 filed
545 883 34 34 in
590 893 123 34 proper
724 882 102 42 form,
838 883 163 43 claiming
1013 883 127 34 misuse
1151 883 39 34 of
1198 888 110 30 estate
1319 882 114 41 funds,
1445 883 68 34 and

302 933 197 43 requesting
519 933 59 34 the
597 937 98 30 court
714 937 35 30 to
769 933 186 34 substitute
973 933 73 34 him
1065 944 38 23 as
1123 938 161 29 executor
1304 933 68 34 and
1392 938 35 29 to
1447 944 67 32 pay

303 982 157 36 minimal
472 983 187 43 attorney’s
671 982 72 34 fees
755 988 35 28 to
801 983 154 43 Tuohey,
968 983 93 34 since
1073 983 43 33 he
1127 993 70 24 was
1210 988 59 29 not
1280 994 20 23 a
1313 982 155 35 member
1480 983 34 34 in

302 1031 89 42 good
412 1031 161 43 standing
593 1032 39 34 of
649 1031 59 34 the
728 1032 177 34 Arkansas
927 1033 78 33 Bar.

393 1107 33 33 A
436 1106 187 35 scheduled
634 1106 142 43 hearing
787 1118 69 23 was
867 1107 80 34 held
958 1118 43 23 on
1012 1107 90 33 June
1112 1108 170 39 20,1985,
1294 1107 164 34 attended
1470 1107 44 43 by

301 1155 144 43 Tuohey
471 1156 68 34 and
565 1156 156 43 appellee
747 1156 184 43 Raymond
958 1155 166 35 Widmer.
1152 1156 189 43 Appellant
1367 1155 68 35 and
1461 1156 52 34 his

301 1205 151 40 counsel,
467 1205 65 34 Bill
547 1206 161 40 Walters,
722 1205 59 34 did
795 1210 59 29 not
867 1205 131 41 attend,
1013 1205 167 43 although
1193 1205 114 34 notice
1319 1216 70 24 was
1402 1205 110 43 given.

392 1281 56 34 On
471 1282 138 42 August
632 1282 31 39 7,
691 1282 99 39 1985,
812 1281 59 34 the
893 1281 144 44 probate
1054 1280 109 44 judge
1184 1281 141 34 entered
1347 1293 44 23 an
1413 1281 100 34 order

302 1331 188 43 approving
509 1331 59 35 the
586 1331 90 35 First
694 1331 219 44 Accounting
931 1331 39 35 of
985 1332 172 34 Executor
1175 1331 54 35 for
1247 1342 20 24 a
1286 1330 118 46 period
1423 1331 90 35 from

302 1380 205 45 September
529 1382 55 41 26,
611 1382 86 34 1983
721 1386 35 30 to
779 1381 176 45 February
980 1382 52 41 14,
1059 1382 98 34 1985.
1181 1383 56 33 Fie
1258 1382 72 35 also
1352 1381 161 36 awarded

302 1431 131 34 certain
445 1431 71 35 fees
528 1437 36 29 to
575 1432 59 34 the
645 1437 172 36 executor,
830 1432 157 43 together
998 1432 82 34 with
1092 1432 288 35 reimbursement
1391 1432 39 34 of
1438 1437 74 29 out-

301 1480 177 44 of-pocket
492 1492 163 33 expenses
670 1481 68 35 and
753 1482 209 41 $20,000.00
976 1482 34 34 in
1024 1482 187 44 attorney’s
1224 1482 72 34 fees
1310 1488 35 29 to
1358 1482 153 44 Tuohey.

302 1531 39 34 In
365 1531 166 41 addition,
556 1532 59 34 the
637 1531 145 45 probate
801 1532 109 43 judge
932 1531 108 36 found
1064 1532 97 34 there
1183 1543 70 24 was
1277 1543 44 24 no
1344 1532 91 35 basis
1460 1532 53 34 for

301 1581 176 43 removing
496 1581 59 35 the
573 1581 156 44 appellee
748 1592 37 24 as
804 1582 59 34 the
882 1581 201 44 designated
1103 1587 172 29 executor.
1295 1582 217 44 Appellant’s

301 1630 189 43 objections
512 1636 35 29 to
569 1632 59 33 the
649 1631 254 43 qualifications
926 1632 68 34 and
1016 1637 165 38 payment
1202 1631 40 34 of
1260 1632 143 43 Tuohey
1424 1642 89 23 were

300 1679 124 35 denied
436 1680 181 35 inasmuch
629 1691 38 24 as
679 1681 143 43 Tuohey
834 1692 70 23 was
917 1692 20 23 a
949 1680 150 35 resident
1111 1681 39 33 of
1158 1682 179 33 Arkansas
1350 1680 68 35 and
1431 1680 82 44 duly

301 1729 150 34 licensed
465 1730 34 33 in
512 1730 68 33 this
594 1734 90 30 state
696 1730 88 33 until
797 1730 182 34 sometime
992 1729 89 35 after
1095 1730 59 33 the
1167 1735 297 29 commencement
1477 1730 39 33 of

301 1778 59 33 the
373 1778 125 40 action,
513 1779 67 33 and
594 1779 43 34 he
649 1789 70 23 was
733 1778 34 34 in
780 1778 90 43 good
883 1779 161 41 standing
1057 1789 38 23 as
1108 1778 39 34 of
1158 1779 89 33 June
1261 1780 147 39 3,1985.
1423 1779 39 33 In
1475 1789 38 23 so

301 1827 123 42 ruling,
442 1827 59 34 the
517 1833 97 28 court
630 1827 114 34 stated
761 1827 26 34 it
803 1838 70 23 was
890 1828 183 42 cognizant
1089 1827 40 34 of
1142 1828 59 33 the
1217 1828 169 43 Supreme
1403 1827 109 34 Court

301 1876 134 34 Clerk’s
446 1876 200 35 Certificate
656 1876 128 43 stating
794 1877 77 34 that
880 1877 143 44 Tuohey
1033 1876 69 35 had
1112 1882 60 29 not
1182 1877 80 44 paid
1272 1877 52 34 his
1334 1877 177 35 Arkansas

300 1925 170 44 Supreme
480 1926 110 34 Court
600 1927 67 33 Bar
677 1925 84 35 dues
771 1926 35 34 in
820 1927 88 34 1984
919 1927 68 34 and
1001 1927 99 34 1985.
1112 1928 178 40 However,
1301 1927 59 34 the
1368 1926 144 45 probate

296 1975 108 43 judge
419 1975 78 35 held
512 1976 97 34 there
622 1986 70 24 was
707 1987 44 23 no
765 1976 103 43 proof
878 1976 77 35 that
969 1977 97 34 these
1079 1976 85 34 dues
1178 1976 69 35 had
1262 1982 60 29 not
1335 1987 75 24 now
1425 1976 86 34 been

300 2024 91 44 paid.

391 2101 83 35 This
483 2101 131 44 finding
623 2102 134 43 ignores
767 2102 91 34 Rule
866 2103 34 33 X
909 2102 39 35 of
954 2102 107 35 Rules
1070 2102 39 34 of
1115 2102 59 34 the
1183 2102 110 35 Court
1302 2102 210 44 Regulating

300 2150 229 36 Professional
551 2151 161 35 Conduct
732 2151 39 35 of
788 2153 188 42 Attorneys
996 2152 113 34 which
1129 2157 106 29 states
1256 2153 34 33 in
1310 2158 87 38 part:

446 2228 94 33 ALL
561 2227 240 35 LICENSED
822 2228 294 35 ATTORNEYS
1116 2228 47 35 —
1163 2228 243 35 MEMBERS
1427 2228 63 34 OF

919 2279 98 33 BAR

514 2354 110 43 Every
639 2353 126 43 lawyer
778 2364 76 24 now
869 2354 149 34 licensed
1033 2358 35 30 to
1082 2354 153 43 practice
1249 2354 68 34 and
1331 2364 131 33 engage
1476 2354 35 34 in

423 2403 59 34 the
499 2403 152 43 practice
669 2403 87 34 shall
774 2403 43 34 be
835 2414 20 24 a
873 2404 155 34 member
1046 2403 39 34 of
1099 2403 59 34 the
1177 2404 67 34 Bar
1262 2403 39 35 of
1315 2404 67 34 this
1400 2403 110 41 State,
