1632 2696
237 410 142 34 interest
394 409 33 34 in
442 409 126 43 having
582 409 60 34 the
656 408 79 35 trial
750 408 190 35 concluded
955 408 34 34 in
1004 419 20 23 a
1039 408 109 43 single
1162 406 160 45 proceed-

238 459 68 44 ing.
320 459 102 34 Since
434 459 43 34 he
489 458 174 35 exercised
676 458 132 35 “sound
820 458 207 35 discretion”
1041 458 34 34 in
1088 457 165 43 handling
1265 457 59 34 the

238 509 159 35 sensitive
420 509 155 44 problem
597 508 39 35 of
655 509 149 43 possible
821 508 97 44 juror
940 508 75 34 bias
1037 507 140 35 created
1199 508 45 43 by
1266 507 59 34 the

239 560 172 43 improper
421 564 175 30 comment
606 558 39 35 of
651 558 142 35 defense
801 558 151 41 counsel,
963 558 59 34 the
1032 557 146 35 mistrial
1187 557 99 34 order
1296 557 28 34 is

239 609 186 44 supported
450 609 44 43 by
520 609 59 34 the
604 609 106 42 “high
735 608 145 43 degree”
907 607 39 35 of
968 608 168 43 necessity
1161 607 111 34 which
1297 607 27 34 is

240 659 158 44 required
411 659 33 34 in
456 670 20 23 a
488 669 80 24 case
579 658 39 34 of
626 658 68 34 this
706 658 92 34 kind.
811 658 148 34 Neither
970 664 101 37 party
1082 657 62 34 has
1156 668 20 23 a
1188 657 91 43 right
1290 662 35 29 to

241 709 87 34 have
343 709 51 34 his
410 719 79 24 case
504 708 145 34 decided
664 708 46 43 by
725 718 20 24 a
757 708 80 43 jury
852 707 112 35 which
980 718 81 32 may
1076 707 43 34 be
1134 706 132 35 tainted
1281 706 45 44 by

241 759 86 40 bias;
343 758 34 34 in
392 758 96 34 these
502 758 281 40 circumstances,
799 757 81 34 “the
895 757 145 44 public’s
1055 757 141 34 interest
1211 756 34 34 in
1260 756 66 34 fair

241 809 97 33 trials
352 808 163 43 designed
529 813 36 29 to
579 807 66 35 end
659 807 35 34 in
704 807 72 43 just
786 807 201 43 judgments
1001 812 93 29 must
1107 806 128 44 prevail
1248 816 79 24 over

242 858 59 34 the
317 857 217 35 defendant’s
549 856 125 35 valued
691 857 113 43 right”
821 862 35 29 to
872 857 87 34 have
975 856 52 34 his
1043 856 80 34 trial
1138 855 190 35 concluded

243 907 119 35 before
381 908 58 33 the
459 907 74 34 first
549 907 81 43 jury
650 906 205 44 impaneled.

1257 266 60 33 171

248 989 82 42 [434
351 988 82 35 U.S.
455 993 37 29 at
513 988 165 40 514-516,
699 987 171 35 footnotes
890 987 171 43 omitted.]

210 1070 92 34 That
311 1081 90 29 case,
412 1070 113 34 where
534 1070 60 34 the
603 1069 155 34 remarks
767 1068 165 35 occurred
942 1069 35 34 in
987 1069 59 34 the
1055 1079 163 33 presence
1226 1067 39 35 of
1272 1068 59 34 the

119 1125 99 29 court
233 1119 69 35 and
317 1120 59 34 the
389 1119 120 35 record
523 1130 70 23 was
609 1119 87 44 fully
710 1118 185 45 developed
910 1118 119 35 before
1043 1118 59 35 the
1116 1118 131 34 motion
1261 1128 69 24 was

120 1169 157 44 granted,
292 1169 118 35 stands
424 1169 34 35 in
471 1169 96 35 stark
579 1174 154 29 contrast
746 1174 35 29 to
794 1169 59 34 the
865 1168 120 35 record
999 1168 34 34 in
1047 1168 68 34 this
1128 1178 79 24 case
1219 1167 111 35 which

120 1220 63 34 has
204 1220 87 34 been
311 1219 127 44 quoted
459 1219 118 35 above.

214 1302 39 33 In
273 1301 137 34 Illinois
429 1312 30 23 v.
479 1300 221 41 Somerville,
721 1301 69 33 410
809 1300 83 34 U.S.
914 1300 67 34 458
1005 1298 138 44 (1973),
1163 1298 105 35 relied
1288 1309 43 24 on

122 1351 135 43 heavily
272 1351 45 43 by
331 1350 59 35 the
404 1350 161 43 majority
579 1350 151 44 opinion,
746 1351 69 33 Mr.
832 1350 131 34 Justice
977 1349 205 44 Rehnquist,
1197 1349 135 42 writing

122 1400 54 35 for
201 1401 59 34 the
285 1405 108 36 court,
419 1400 108 34 found
552 1399 188 35 “manifest
765 1399 190 44 necessity”
981 1399 114 34 where
1120 1410 20 23 a
1164 1398 169 35 defective

122 1450 206 35 indictment
338 1461 69 24 was
418 1450 136 35 noticed
565 1450 46 43 by
620 1450 60 34 the
690 1454 198 39 prosecutor
898 1448 169 35 mid-trial
1078 1448 68 35 and
1157 1459 20 24 a
1188 1448 145 35 mistrial

122 1512 70 23 was
208 1500 171 35 declared.
396 1501 55 34 He
466 1500 140 44 pointed
621 1505 61 29 out
696 1500 77 34 that
788 1500 26 34 it
828 1499 113 35 would
956 1499 88 35 have
1058 1499 87 34 been
1160 1498 123 35 foolish
1298 1503 35 30 to

122 1551 88 34 have
222 1550 184 44 permitted
418 1551 59 34 the
488 1550 80 35 trial
580 1556 36 28 to
627 1550 105 34 reach
744 1561 20 23 a
776 1549 197 35 conclusion
985 1549 80 44 only
1076 1554 36 29 to
1124 1549 43 34 be
1178 1548 155 35 reversed

123 1601 87 34 later
228 1601 148 34 because
391 1600 39 34 of
444 1600 59 34 the
519 1600 124 43 fatally
660 1599 122 35 flawed
799 1599 214 34 indictment.
1031 1599 102 40 That,
1150 1598 39 34 of
1203 1609 130 30 course,

123 1650 119 33 makes
257 1660 44 23 an
316 1649 214 43 assumption
545 1650 70 33 Mr.
631 1649 132 33 Justice
776 1648 195 43 Rehnquist
984 1648 82 34 does
1080 1653 60 28 not
1153 1653 99 34 state,
1268 1650 65 37 i.e.,

123 1699 77 34 that
209 1699 59 34 the
277 1698 146 35 accused
433 1698 113 34 would
556 1697 207 44 necessarily
772 1697 87 34 have
867 1697 87 34 been
963 1696 179 35 convicted
1151 1697 34 33 in
1194 1696 59 34 the
1261 1696 74 34 first

123 1748 90 34 trial.
230 1749 67 33 But
311 1759 83 23 even
408 1747 29 35 if
448 1748 59 34 the
520 1747 90 43 logic
623 1747 35 34 in
671 1747 77 34 that
762 1746 146 44 position
921 1746 102 35 could
1037 1746 43 34 be
1093 1745 169 41 followed,
1276 1745 59 35 the

123 1798 139 44 opinion
290 1803 95 29 notes
412 1797 43 34 its
482 1796 330 44 distinguishability
838 1796 90 35 from
954 1798 171 32 Downum
1150 1807 30 22 v.
1210 1794 127 36 United

122 1848 133 40 States,
272 1849 67 33 372
353 1847 83 35 U.S.
452 1848 68 33 734
536 1846 139 44 (1965),
689 1846 112 35 which
815 1846 27 35 is
856 1846 59 35 the
928 1846 80 44 only
1021 1856 81 24 case
1115 1845 91 35 cited
1219 1845 45 44 by
1277 1845 59 35 the

124 1897 163 44 majority
299 1897 138 44 opinion
450 1897 34 34 in
496 1897 60 34 the
566 1907 80 24 case
658 1896 119 35 before
788 1907 39 24 us
840 1907 74 24 now
927 1896 35 34 in
974 1896 112 34 which
1098 1896 59 34 the
1168 1895 168 43 necessity

125 1947 53 34 for
191 1958 20 23 a
224 1947 147 34 mistrial
383 1958 69 23 was
465 1946 108 35 found
586 1947 45 43 by
643 1946 59 34 the
714 1946 79 34 trial
802 1946 107 43 judge
920 1951 36 29 to
968 1946 107 34 result
1087 1945 91 34 from
1190 1945 147 34 absence

125 1996 39 35 of
181 1996 186 35 witnesses.
389 1997 70 34 Mr.
481 1996 131 34 Justice
632 1995 195 44 Rehnquist
847 1995 85 35 said:

250 2078 83 34 This
348 2077 164 35 situation
527 2077 27 34 is
569 2077 80 34 thus
664 2077 117 34 unlike
794 2078 182 39 Downum,
991 2076 115 34 where
1119 2076 59 34 the
1192 2075 145 35 mistrial

251 2127 150 35 entailed
427 2133 59 29 not
512 2127 80 44 only
617 2138 21 24 a
663 2127 101 44 delay
790 2126 53 35 for
868 2127 59 34 the
952 2126 201 41 defendant,
1179 2126 62 34 but
1266 2125 72 35 also

251 2178 164 44 operated
442 2189 37 23 as
506 2189 20 23 a
553 2177 259 45 post-jeopardy
838 2177 230 35 continuance
1093 2181 36 30 to
1155 2176 99 34 allow
1280 2175 59 35 the

252 2228 217 45 prosecution
489 2233 36 30 to
545 2228 201 43 strengthen
767 2227 42 35 its
829 2238 90 24 case.
945 2227 82 44 [410
1048 2227 83 35 U.S.
1153 2232 36 29 at
1209 2226 82 43 469]

127 2311 128 42 Again,
266 2311 60 34 the
336 2311 161 43 majority
507 2310 139 44 opinion
657 2310 34 34 in
702 2310 59 34 the
771 2320 79 24 case
860 2309 119 35 before
988 2320 40 23 us
1039 2319 76 24 now
1126 2308 213 44 emphasizes

127 2361 77 33 that
224 2360 34 34 in
277 2362 170 32 Downum
465 2371 30 22 v.
518 2359 128 35 United
661 2360 132 39 States,
812 2369 119 33 supra,
951 2359 59 33 the
1028 2358 217 43 prosecution
1264 2368 75 32 pro-

128 2409 129 34 ceeded
268 2414 35 29 to
313 2409 79 34 trial
403 2409 132 42 though
546 2408 26 34 it
582 2408 98 34 knew
691 2408 59 34 the
760 2407 174 35 witnesses
945 2418 89 23 were
1043 2407 219 34 unavailable
1272 2406 69 34 and
