1657 2702
262 427 82 37 gent
358 421 123 34 waiver
495 421 39 34 of
544 422 60 34 the
617 422 92 43 right
722 426 36 29 to
771 422 151 40 counsel,
936 421 68 35 and
1021 420 53 44 (3)
1090 421 60 34 the
1162 420 190 36 defendant

263 471 63 34 has
342 476 59 30 not
416 471 155 43 engaged
587 472 34 33 in
636 471 150 35 conduct
801 471 111 35 which
928 471 113 35 would
1056 476 141 38 prevent
1212 471 59 34 the
1286 470 67 35 fair

264 521 68 34 and
353 520 134 44 orderly
508 521 191 43 exposition
719 520 39 35 of
775 521 59 34 the
854 521 117 34 issues.

1284 281 65 33 245

138 602 75 34 The
232 602 266 34 determination
517 602 34 34 in
571 602 86 35 each
676 612 79 24 case
773 602 40 34 of
827 603 154 34 whether
1000 613 20 23 a
1038 602 125 34 waiver
1182 602 28 35 is
1229 602 123 35 intelli-

139 652 118 43 gently
282 652 102 34 made
408 651 152 44 depends
585 663 92 32 upon
702 652 59 34 the
785 652 189 43 particular
999 651 89 35 facts
1113 652 69 34 and
1206 652 145 35 circum-

139 706 147 29 stances.
311 702 74 34 The
408 701 147 35 accused
580 707 93 29 must
697 701 87 34 have
807 701 64 35 full
895 701 201 44 knowledge
1119 712 38 24 or
1181 701 172 45 adequate

139 751 156 43 warning
314 751 207 43 concerning
540 751 53 34 his
612 751 110 43 rights
742 751 68 34 and
830 762 20 24 a
869 752 93 34 clear
981 751 111 35 intent
1110 757 37 29 to
1166 751 187 45 relinquish

140 801 107 41 them,
269 801 119 35 before
407 812 20 23 a
447 801 125 35 waiver
593 812 65 24 can
679 801 43 34 be
742 801 118 41 found,
881 803 133 33 Barnes
1032 812 31 23 v.
1083 802 112 39 State,
1217 812 118 34 supra.

326 884 103 39 Here,
442 882 26 35 it
479 883 27 34 is
518 883 93 34 clear
621 883 77 34 that
709 882 59 35 the
778 883 79 34 trial
865 883 108 44 judge
984 882 59 35 did
1054 888 60 30 not
1125 884 136 44 comply
1271 883 83 34 with

140 932 60 34 the
213 932 190 43 guidelines
418 932 210 35 established
643 933 34 34 in
691 934 142 33 Barnes.
848 934 51 33 To
913 933 60 35 the
986 938 172 39 contrary,
1174 933 96 35 there
1284 944 69 24 was

140 992 44 24 no
199 987 138 39 request
352 983 44 43 by
410 982 176 44 appellant
601 983 76 34 that
692 982 43 35 he
749 982 43 35 be
805 983 144 34 allowed
964 989 36 29 to
1014 989 175 38 represent
1204 983 148 35 himself.

141 1033 56 33 He
212 1043 70 24 was
298 1037 59 30 not
372 1032 172 35 informed
558 1033 39 34 of
610 1033 52 34 his
678 1032 92 43 right
784 1037 36 30 to
834 1034 150 34 counsel.
1000 1033 76 34 The
1090 1033 120 35 record
1225 1033 129 35 reveals

141 1081 193 45 absolutely
347 1094 44 23 no
402 1082 125 35 waiver
540 1082 39 35 of
589 1083 76 35 that
678 1082 102 44 right,
794 1088 56 38 yet
862 1083 44 34 he
918 1094 70 24 was
1001 1082 119 35 forced
1132 1088 36 30 to
1180 1088 174 40 represent

141 1131 150 36 himself.

349 1214 189 44 Appellant
556 1213 192 45 complains
766 1214 77 34 that
861 1215 44 34 he
922 1225 71 24 was
1013 1219 59 29 not
1091 1214 163 44 provided
1272 1214 83 35 with

141 1263 187 44 appointed
339 1263 149 41 counsel,
500 1269 57 38 yet
567 1264 59 34 the
637 1263 120 36 record
768 1265 128 34 reveals
907 1275 44 24 no
962 1264 155 35 affidavit
1127 1264 39 35 of
1173 1264 182 44 indigency

140 1324 70 23 was
220 1312 194 45 completed
424 1313 45 44 by
478 1313 83 35 him.
572 1314 116 35 While
697 1314 26 34 it
732 1314 28 34 is
769 1319 77 30 true
854 1314 77 35 that
940 1325 63 24 our
1012 1314 164 35 Uniform
1185 1315 106 35 Rules
1301 1314 53 35 for

142 1362 136 35 Circuit
295 1363 69 35 and
382 1363 183 44 Chancery
584 1364 128 34 Courts
730 1364 140 43 provide
886 1365 77 34 that
981 1375 45 23 an
1044 1364 154 35 affidavit
1215 1364 39 35 of
1268 1364 86 35 indi­

141 1423 111 33 gency
268 1418 92 29 must
376 1423 214 34 accompany
606 1425 68 32 any
690 1414 104 34 claim
810 1414 45 43 by
870 1425 45 23 an
930 1413 157 44 indigent
1102 1414 54 34 for
1172 1414 108 41 relief,
1297 1414 59 35 the

141 1462 75 34 rule
234 1463 73 34 also
324 1462 167 44 provides,
511 1463 97 35 “The
626 1462 155 36 affidavit
798 1463 90 35 form
906 1464 68 35 will
992 1464 44 34 be
1053 1464 164 44 provided
1235 1465 44 43 by
1297 1464 59 35 the

142 1512 135 35 Circuit
290 1513 110 34 Court
413 1512 52 35 for
477 1513 85 34 such
575 1513 200 44 purposes.”
789 1514 90 34 Rule
895 1515 51 34 18.
959 1513 75 35 The
1046 1514 123 35 circuit
1177 1514 108 44 judge
1296 1514 59 34 did

141 1567 60 30 not
216 1562 140 44 provide
370 1562 71 36 him
455 1563 83 35 with
553 1564 85 34 such
652 1575 21 24 a
687 1563 102 42 form,
804 1575 61 23 nor
879 1564 59 35 did
952 1565 45 34 he
1010 1563 129 36 inform
1152 1564 73 35 him
1239 1565 76 34 that
1329 1564 26 35 it

141 1624 70 24 was
237 1612 169 45 required.
434 1614 39 34 In
498 1613 73 36 fact
596 1614 43 35 he
664 1614 114 35 stated
802 1614 77 35 that
902 1615 44 34 he
970 1614 83 35 does
1078 1620 60 29 not
1162 1614 193 36 remember

142 1663 154 34 whether
316 1664 44 34 he
379 1663 157 44 inquired
557 1664 107 35 about
685 1664 204 44 appellant’s
909 1664 164 36 financial
1093 1670 121 30 status.

233 1744 74 34 The
318 1744 78 35 trial
402 1744 109 43 judge
521 1745 104 34 noted
636 1746 34 33 in
681 1745 53 34 his
745 1745 185 44 testimony
940 1751 36 29 at
986 1745 60 35 the
1056 1746 91 34 Rule
1158 1748 43 33 37
1212 1746 144 43 hearing

141 1793 77 34 that
242 1793 44 35 he
310 1793 185 44 appointed
520 1795 140 34 counsel
685 1799 35 29 to
745 1795 100 34 assist
869 1795 187 44 appellant.
1082 1795 92 35 That
1197 1801 159 38 attorney

140 1842 162 42 testified,
317 1843 165 41 however,
497 1844 76 35 that
587 1844 44 35 he
644 1855 70 24 was
728 1845 129 43 merely
870 1844 187 45 appointed
1071 1850 36 29 to
1120 1856 132 24 answer
1265 1845 90 43 legal

140 1892 187 44 questions.
344 1893 38 35 In
398 1892 187 36 Calamese
597 1905 30 23 v.
641 1894 114 40 State,
770 1895 67 33 276
851 1895 85 34 Ark.
952 1895 80 40 422,
1047 1895 67 34 635
1130 1895 142 35 S.W.2d
1287 1895 63 34 261

144 1942 125 44 (1982)
289 1943 59 35 the
365 1943 176 44 appellant
558 1943 174 45 appeared
750 1944 144 35 without
911 1944 140 35 counsel
1069 1944 59 35 the
1145 1945 158 43 morning
1319 1944 40 35 of

141 1992 80 35 trial
237 1993 69 34 and
322 1992 105 36 asked
443 1998 35 30 to
494 2004 130 34 appear
636 2004 68 34 pro
718 2005 48 23 se.
783 1994 74 35 The
872 1994 79 35 trial
963 1994 109 44 judge
1087 1995 186 44 appointed
1288 1999 68 30 two

141 2047 177 40 attorneys
335 2048 35 30 to
386 2043 100 35 assist
503 2044 188 43 appellant,
708 2044 63 34 but
787 2044 59 35 the
861 2050 176 38 attorneys
1054 2045 162 34 assumed
1233 2056 20 24 a
1269 2044 87 44 fully

141 2092 113 35 active
276 2093 72 34 role
370 2103 38 25 as
431 2093 79 35 trial
534 2098 176 39 attorneys
733 2093 69 35 and
824 2094 194 35 conducted
1042 2094 59 35 the
1123 2094 151 35 defense.
1299 2095 57 34 On

141 2142 136 43 appeal,
290 2143 59 34 the
361 2142 176 44 appellant
549 2143 131 43 argued
693 2143 59 34 the
763 2143 79 34 trial
855 2149 98 29 court
965 2143 99 35 erred
1077 2144 35 34 in
1124 2144 158 43 allowing
1295 2144 61 34 her

141 2196 36 29 to
186 2197 177 38 represent
372 2191 129 35 herself
507 2192 94 34 since
609 2193 60 34 the
678 2192 120 35 record
807 2192 79 35 fails
895 2198 36 29 to
940 2193 118 35 reflect
1067 2204 21 24 a
1096 2194 182 44 voluntary
1286 2193 69 35 and

142 2230 194 55 intelligent
355 2241 134 36 waiver.
512 2242 66 35 We
597 2242 124 35 stated:

267 2324 32 35 It
315 2324 28 35 is
359 2330 76 29 true
451 2324 98 35 there
564 2324 28 35 is
609 2324 144 44 nothing
769 2325 35 35 in
820 2326 60 34 the
895 2325 121 36 record
1032 2326 154 44 showing
1202 2326 59 35 the
1277 2326 79 35 trial

266 2380 99 29 court
378 2374 102 35 made
492 2386 68 32 any
573 2375 137 44 inquiry
722 2375 73 35 into
808 2376 205 43 appellant’s
1026 2376 193 44 attempted
1231 2376 125 35 waiver

266 2423 39 34 of
313 2424 150 40 counsel,
475 2424 68 34 and
556 2424 36 43 if
593 2424 63 34 she
668 2424 73 35 had
750 2424 85 34 been
840 2424 195 44 permitted
1044 2431 36 28 to
1091 2431 57 28 act
1159 2436 40 23 as
1210 2426 62 34 her
1281 2436 76 23 own
