1632 2696
1277 276 43 34 95

199 422 75 33 Per
293 421 163 34 Curiam.

476 420 146 34 Earnest
641 420 70 33 Lee
729 418 111 35 Wade
857 429 70 24 was
946 417 179 35 convicted
1143 417 39 35 of
1196 416 126 36 second

107 471 127 43 degree
252 481 123 33 escape
393 470 69 34 and
481 469 185 35 sentenced
685 474 35 29 to
739 474 58 29 ten
815 479 99 33 years
933 468 264 44 imprisonment
1215 467 68 34 and
1302 478 21 23 a

108 521 152 40 $10,000
272 520 68 34 fine
351 520 34 34 in
396 520 144 34 Lincoln
552 519 140 43 County
704 518 134 35 Circuit
850 518 120 35 Court.
983 519 57 33 He
1050 528 70 24 was
1131 516 160 36 declared
1303 528 20 23 a

108 581 132 33 pauper
252 570 111 34 which
376 570 136 34 entitles
524 569 73 34 him
608 574 36 29 to
656 579 21 24 a
689 568 120 35 record
820 573 37 29 at
868 573 90 29 state
970 578 158 33 expense,
1141 567 68 34 and
1222 568 101 42 Betty

109 620 134 43 Dickey
253 630 70 24 was
334 618 185 45 appointed
530 624 35 29 to
576 623 176 39 represent
762 618 72 34 him
844 628 44 24 on
899 617 134 44 appeal.
1045 617 71 34 She
1126 617 62 34 has
1199 622 59 29 not
1267 621 57 39 yet

108 669 81 34 filed
204 680 20 23 a
239 668 93 35 brief
342 669 35 34 in
391 669 52 34 his
457 668 129 35 behalf.
603 667 112 35 Wade
729 668 79 34 asks
821 667 77 35 that
912 667 44 34 he
969 667 44 34 be
1026 666 144 35 allowed
1184 672 36 29 to
1233 666 57 34 file
1304 677 20 23 a

109 719 254 43 supplemental
370 729 68 33 pro
447 729 37 23 se
494 717 101 41 brief,
606 717 163 43 agreeing
779 722 36 30 to
825 716 87 44 fully
921 717 138 43 comply
1069 716 83 35 with
1162 727 62 23 our
1234 715 91 35 rules

109 779 44 24 on
174 769 60 34 the
254 768 91 35 form
365 768 38 34 of
420 768 85 34 such
525 767 118 35 briefs.

296 843 140 35 Wade’s
449 843 132 34 motion
594 842 28 35 is
635 847 208 39 premature.
857 842 104 34 Since
974 841 43 35 he
1030 841 63 35 has
1106 846 59 29 not
1178 840 82 35 read
1273 840 52 35 his

110 894 189 43 attorney’s
311 893 99 41 brief,
423 893 44 34 he
477 898 127 29 cannot
616 903 61 33 say
688 892 77 35 that
777 892 26 35 it
814 892 27 34 is
853 892 172 34 deficient.
1039 891 34 35 If
1082 891 90 35 after
1183 890 142 44 reading

110 944 60 34 the
179 943 101 41 brief,
291 943 112 34 Wade
411 943 89 34 finds
509 943 27 34 it
546 942 220 44 inadequate,
777 942 43 35 he
828 953 81 32 may
918 942 58 34 file
985 952 20 24 a
1015 941 126 35 second
1151 941 130 35 motion
1291 946 35 29 to

111 994 229 43 supplement.
362 994 55 33 He
435 993 123 34 should
578 993 43 34 be
640 1003 125 30 aware,
784 992 167 41 however,
971 992 76 34 that
1066 991 114 35 unless
1199 991 44 35 he
1260 1001 66 24 can

110 1044 130 43 clearly
267 1043 94 35 show
387 1043 76 34 that
489 1043 170 34 counsel’s
686 1042 93 35 brief
802 1042 28 35 is
856 1042 150 43 lacking,
1034 1042 43 34 he
1103 1041 68 35 will
1198 1046 59 30 not
1284 1041 43 35 be

111 1093 187 45 permitted
318 1099 36 29 to
373 1093 57 35 file
450 1104 20 24 a
491 1093 254 44 supplemental
765 1092 99 35 brief.

344 1169 112 34 There
469 1168 62 34 has
544 1173 36 29 to
593 1168 44 34 be
649 1179 45 23 an
708 1167 135 44 orderly
856 1167 191 44 procedure
1059 1167 69 34 and
1141 1167 187 34 consistent

113 1219 91 34 rules
221 1218 186 43 governing
425 1218 45 34 all
488 1218 90 42 legal
595 1217 163 44 petitions
775 1217 53 34 for
845 1217 109 41 relief,
972 1217 154 34 whether
1143 1217 26 34 it
1186 1216 43 35 be
1245 1216 45 44 by
1307 1227 21 23 a

113 1268 157 34 member
295 1268 39 34 of
355 1268 59 34 the
438 1267 74 41 bar,
538 1267 155 43 litigants
719 1267 235 44 representing
979 1266 216 41 themselves,
1220 1277 38 23 or
1284 1277 44 24 an

113 1318 133 34 inmate
260 1317 40 35 of
312 1328 20 24 a
347 1317 101 44 penal
463 1317 206 34 institution.
687 1317 39 34 In
741 1327 63 24 our
815 1316 185 44 judgment
1014 1316 140 35 counsel
1170 1316 27 34 is
1213 1326 115 24 neces­

113 1378 79 32 sary
215 1372 36 29 to
274 1367 192 43 effectively
489 1372 176 39 represent
688 1378 20 23 a
732 1377 122 33 person
876 1366 152 43 charged
1050 1366 83 34 with
1156 1377 20 23 a
1199 1366 129 34 serious

112 1417 161 34 criminal
293 1417 141 34 offense.
457 1416 35 35 If
508 1417 141 34 counsel
670 1417 28 34 is
718 1421 60 30 not
797 1416 201 34 obtainable
1018 1416 149 34 because
1186 1415 39 35 of
1242 1415 86 35 indi­

113 1477 119 32 gence,
247 1466 26 35 it
285 1466 68 34 will
366 1466 43 35 be
421 1466 175 44 provided,
610 1466 85 35 both
708 1471 36 30 at
757 1466 79 34 trial
849 1466 69 34 and
930 1476 45 24 on
988 1466 135 43 appeal.
1137 1465 151 35 Counsel
1301 1465 28 34 is

113 1516 186 44 presumed
308 1521 207 39 competent.
530 1518 181 33 Watson v.
720 1516 113 41 State,
844 1516 68 34 282
921 1516 86 34 Ark.
1018 1516 157 40 246, 667
1186 1515 143 35 S.W.2d

114 1567 67 34 953
204 1566 137 43 (1984).
360 1566 92 35 That
469 1566 82 35 does
570 1572 60 29 not
647 1577 103 24 mean
768 1566 76 35 that
861 1566 140 35 counsel
1019 1566 68 34 will
1106 1576 107 33 argue
1230 1577 100 33 every

113 1617 222 34 conceivable
344 1617 90 34 issue
443 1617 34 34 in
486 1628 21 23 a
516 1628 81 24 case
605 1628 38 23 or
652 1616 123 35 should
784 1621 137 39 present
930 1616 164 35 frivolous
1103 1616 118 35 issues.
1232 1617 32 34 It
1272 1616 28 34 is
1309 1627 20 23 a

113 1672 130 29 matter
263 1666 40 36 of
319 1667 89 43 good
425 1667 186 43 judgment
630 1667 77 34 how
728 1671 35 30 to
783 1671 138 39 present
941 1678 45 23 an
1006 1666 125 44 appeal
1151 1666 69 34 and
1240 1666 90 43 legal

114 1717 141 34 counsel
274 1717 28 34 is
321 1717 74 34 best
414 1717 79 34 able
510 1722 36 29 to
565 1716 44 35 do
627 1717 87 34 that.
733 1717 108 34 Jones
857 1727 31 23 v.
907 1718 144 39 Barnes,
1070 1716 67 34 463
1158 1715 83 35 U.S.
1262 1717 66 33 745

116 1766 139 44 (1983).

301 1841 119 35 Under
430 1842 60 33 the
499 1852 124 32 proper
633 1841 269 34 circumstances
911 1852 53 23 we
973 1841 68 33 will
1052 1841 100 34 allow
1162 1840 168 34 individu­

115 1891 51 34 als
177 1896 36 29 to
224 1896 174 38 represent
408 1891 217 40 themselves,
637 1890 62 35 but
710 1890 81 43 they
801 1890 132 34 receive
943 1901 44 23 no
997 1890 129 43 special
1136 1889 194 35 considera­

115 1940 73 34 tion
205 1940 39 34 of
257 1940 89 34 their
362 1945 211 38 arguments.
590 1940 68 34 See
674 1940 112 34 Green
800 1951 31 23 v.
847 1940 113 40 State,
978 1941 68 32 277
1063 1940 85 34 Ark.
1170 1940 75 40 129,
1262 1940 67 33 639

115 1990 145 35 S.W.2d
282 1991 62 34 511
371 1989 137 44 (1982).

208 2065 138 35 Motion
367 2065 134 35 denied.

207 2140 161 39 Purtle,
389 2140 42 39 J.,
452 2145 60 28 not
532 2140 256 42 participating.
