1665 2702
147 397 87 33 Acts
255 396 113 34 would
388 396 115 44 repeal
524 396 59 34 the
603 395 211 45 application
834 396 40 34 of
895 397 64 34 102
981 395 149 44 through
1151 407 44 23 an
1217 395 145 36 indirect

148 457 146 24 manner
308 446 68 35 and
389 446 114 34 would
517 446 104 35 effect
635 457 20 24 a
670 446 139 44 “repeal
823 446 45 44 by
883 445 236 45 implication”
1135 446 112 35 which
1261 446 28 35 is
1303 450 60 30 not

149 496 141 35 favored
311 497 34 34 in
366 501 171 39 statutory
557 496 290 44 interpretations.

1294 254 65 34 283

240 573 182 44 Secondly,
431 573 190 44 Appellant
630 583 123 34 argues
762 573 77 35 that
847 584 84 24 even
940 573 30 35 if
976 573 69 35 Act
1058 574 65 33 102
1132 573 28 35 is
1169 573 193 45 applicable

148 629 36 29 to
197 629 174 29 contracts
384 623 161 34 awarded
559 623 45 44 by
617 624 59 34 the
689 623 100 35 State
802 623 173 44 Highway
989 622 244 42 Commission,
1247 624 76 34 that
1336 623 26 34 it

149 674 62 34 has
225 672 171 45 complied
409 673 82 34 with
505 673 60 34 the
578 674 69 34 Act
661 674 45 42 by
719 673 126 43 paying
859 678 96 30 taxes
969 673 113 34 which
1096 678 90 29 went
1199 678 35 30 to
1247 683 65 24 one
1324 683 38 24 or

149 734 96 24 more
258 723 154 35 counties
427 722 68 35 and
509 723 81 34 thus
604 722 157 45 qualifies
776 722 53 35 for
842 723 59 34 the
915 722 201 45 preference
1129 723 137 44 equally
1280 722 83 34 with

149 773 169 44 Appellee
330 772 68 35 and
410 773 123 34 should
546 773 174 34 therefore
733 772 43 35 be
788 773 161 34 awarded
961 772 60 35 the
1032 777 167 30 contract.
1213 773 69 34 Act
1299 773 64 33 102

149 822 158 44 provides
323 823 76 34 that
414 822 34 34 in
464 822 101 35 order
581 828 35 29 to
631 822 134 44 qualify
781 833 37 24 as
834 834 20 23 a
871 822 246 44 “preferential
1132 822 230 41 contractor”,

149 872 60 34 the
219 872 121 34 bidder
351 877 102 35 must,
465 872 34 34 in
510 872 156 34 addition
676 876 36 30 to
722 872 98 34 other
830 872 126 43 things,
968 882 68 34 pay
1046 872 91 44 “any
1147 877 96 30 taxes
1254 877 35 30 to
1299 882 65 24 one

149 932 38 23 or
198 932 97 24 more
305 921 165 41 counties,
482 922 118 34 school
611 921 151 35 districts
773 932 38 24 or
822 921 268 45 municipalities
1101 921 40 35 of
1148 922 59 34 the
1217 922 100 34 State
1328 921 40 35 of

149 971 179 34 Arkansas
342 982 43 23 on
399 971 109 34 either
521 972 72 34 real
606 982 38 24 or
657 971 159 44 personal
828 977 163 38 property
1003 971 85 34 used
1101 982 38 24 or
1152 971 163 35 intended
1328 976 36 29 to

149 1021 44 34 be
212 1021 85 34 used
318 1021 34 34 in
373 1020 241 45 performance
633 1021 40 35 of
690 1031 38 24 or
748 1021 35 34 in
803 1021 204 35 connection
1027 1021 83 35 with
1130 1021 234 36 construction

150 1076 174 29 contracts
347 1071 98 34 ...”

242 1148 113 34 When
382 1148 189 43 Appellant
598 1148 190 35 submitted
814 1159 20 24 a
861 1148 59 35 bid
947 1159 44 24 on
1018 1148 66 35 Job
1110 1149 69 34 No.
1208 1149 102 40 2660,
1338 1148 27 35 it

149 1198 156 34 certified
315 1198 76 35 that
400 1197 26 35 it
436 1198 69 34 had
514 1198 82 44 paid
606 1199 179 34 Arkansas
794 1198 71 35 real
875 1209 38 24 or
922 1198 159 45 personal
1091 1203 161 40 property
1261 1204 59 29 tax
1329 1198 35 35 in

150 1248 127 34 Chicot
299 1248 149 43 County.
471 1248 75 35 The
566 1253 60 30 tax
648 1248 137 35 records
806 1248 40 35 of
864 1249 127 35 Chicot
1013 1248 140 45 County
1174 1249 93 35 show
1288 1248 77 35 that

149 1298 190 44 Appellant
357 1297 68 36 had
442 1309 102 24 never
562 1298 155 36 assessed
734 1299 85 34 such
836 1304 96 30 taxes
949 1298 88 36 until
1059 1300 99 34 1985.
1176 1298 189 46 Appellant

151 1359 76 25 now
243 1348 165 35 contends
425 1348 77 35 that
517 1349 60 35 the
593 1354 165 39 payment
774 1349 39 35 of
825 1349 132 35 vehicle
972 1349 220 43 registration
1208 1349 71 35 fees
1296 1349 69 35 and

150 1403 113 30 motor
280 1398 72 35 fuel
369 1404 96 29 taxes
481 1399 110 34 under
608 1410 44 24 an
670 1404 200 37 agreement
886 1399 83 35 with
985 1399 60 34 the
1061 1399 100 35 State
1177 1399 39 35 of
1231 1399 133 35 Missis-

150 1448 100 44 sippi,
260 1459 21 24 a
291 1449 134 43 portion
434 1448 40 35 of
479 1449 114 34 which
602 1449 28 34 is
639 1449 195 44 eventually
843 1449 82 44 paid
934 1454 36 30 to
978 1449 156 34 counties
1143 1449 35 35 in
1186 1450 178 34 Arkansas

151 1498 28 34 is
194 1498 171 35 sufficient
379 1503 165 39 payment
558 1504 37 29 to
609 1503 92 30 meet
715 1498 59 35 the
788 1499 233 44 requirement
1036 1498 39 35 of
1086 1499 70 34 Act
1174 1500 64 33 102
1253 1498 112 36 which

151 1548 157 43 provides
323 1548 76 35 that
415 1547 31 35 “.
475 1575 6 7 .
510 1576 6 7 .
533 1553 213 31 contractors
764 1576 7 7 .
799 1576 6 7 .
833 1576 6 7 .
856 1549 88 35 have
959 1548 81 45 paid
1056 1559 67 34 any
1138 1554 97 30 taxes
1250 1554 35 30 to
1300 1559 66 24 one

153 1597 54 44 (1)
226 1609 38 24 or
281 1609 95 24 more
393 1598 166 42 counties,
581 1598 131 44 [school
729 1598 151 36 districts
896 1610 38 24 or
951 1599 282 44 municipalities]
1253 1598 40 36 of
1306 1599 59 37 the

151 1648 101 35 State
271 1648 40 35 of
326 1649 178 34 Arkansas
524 1659 45 24 on
588 1649 110 35 either
718 1649 71 35 real
808 1660 38 24 or
865 1649 159 45 personal
1044 1655 162 39 property
1224 1649 84 36 used
1328 1660 38 24 or

151 1698 165 35 intended
338 1704 35 29 to
395 1698 42 34 be
458 1698 85 35 used
565 1699 35 34 in
622 1698 241 45 performance
884 1699 39 35 of
942 1710 38 24 or
1001 1699 35 34 in
1058 1700 203 34 connection
1283 1699 82 35 with

151 1748 234 34 construction
406 1752 173 30 contracts
602 1776 6 6 .
637 1776 6 7 .
671 1748 31 35 .”

336 1825 65 34 We
422 1824 70 35 find
515 1824 77 35 that
614 1829 165 40 payment
800 1825 39 34 of
857 1830 97 30 taxes
976 1824 110 36 under
1107 1825 59 35 the
1187 1826 178 35 Arkansas

150 1874 109 38 Gross
276 1875 161 44 Receipts
453 1875 70 34 Act
539 1885 38 24 or
593 1875 59 35 the
668 1875 178 35 Arkansas
863 1875 274 45 Compensating
1153 1877 74 34 Tax
1243 1877 69 34 Act
1327 1886 38 24 or

150 1924 100 36 other
264 1925 180 35 interstate
457 1930 60 29 tax
531 1930 218 39 agreements
763 1925 82 35 does
859 1931 60 30 not
932 1930 94 31 meet
1039 1925 69 36 this
1122 1926 242 44 requirement.

151 1975 190 43 Appellant
355 1975 154 35 certified
524 1980 37 30 at
574 1976 60 34 the
648 1976 85 35 time
746 1976 27 34 it
787 1976 122 44 placed
923 1976 60 35 the
997 1975 58 36 bid
1071 1976 26 35 it
1111 1976 70 35 had
1195 1976 170 45 complied

150 2025 84 36 with
260 2025 67 34 this
353 2026 68 34 Act
446 2025 46 44 by
517 2026 127 43 paying
670 2031 97 29 taxes
792 2026 35 35 in
852 2026 126 35 Chicot
1004 2026 150 44 County.
1181 2027 31 34 It
1237 2027 28 34 is
1289 2037 76 24 now

151 2074 209 44 undisputed
373 2074 76 35 that
461 2085 45 24 no
519 2080 97 30 taxes
628 2086 90 24 were
730 2075 81 44 paid
823 2075 146 45 directly
981 2080 36 30 to
1030 2076 126 35 Chicot
1169 2076 139 43 County
1321 2076 44 43 by

150 2124 200 43 Appellant.
367 2124 201 44 Obviously,
585 2125 59 34 the
659 2124 191 43 legislative
864 2126 111 33 intent
991 2125 34 34 in
1041 2125 68 34 this
1125 2125 155 35 instance
1295 2136 70 23 was

150 2173 78 34 that
238 2178 164 38 payment
411 2173 39 34 of
457 2178 97 29 taxes
564 2173 44 34 be
617 2173 103 35 made
729 2173 145 44 directly
884 2179 35 29 to
929 2174 59 34 the
997 2179 128 38 county
1135 2179 59 30 tax
1203 2175 162 34 collector

151 2221 70 35 and
233 2227 60 29 not
303 2227 37 29 to
351 2233 20 24 a
383 2227 90 29 state
484 2233 132 33 agency
627 2222 114 35 which
752 2223 113 34 would
876 2223 196 43 ultimately
1083 2223 103 35 remit
1198 2234 20 24 a
1230 2223 135 45 portion

151 2271 40 35 of
207 2276 97 31 taxes
325 2271 166 36 collected
511 2272 46 44 by
576 2272 60 35 the
655 2273 101 35 State
775 2272 40 35 of
831 2273 179 36 Arkansas
1030 2278 36 29 to
1086 2273 86 35 each
1192 2278 137 39 county.

242 2349 218 44 Appellant’s
483 2349 92 35 third
599 2350 69 34 and
691 2349 82 35 final
797 2355 184 38 argument
1004 2350 27 34 is
1054 2350 77 35 that
1153 2351 70 34 Act
1250 2351 64 34 102
1337 2350 28 34 is

151 2399 319 34 unconstitutional.
490 2399 189 43 Appellant
697 2399 166 35 contends
881 2400 77 34 that
976 2399 60 35 the
1054 2400 102 43 equal
1174 2400 191 44 protection
