1662 2689
305 263 67 34 396

398 1323 71 35 The
489 1323 168 35 McMath
679 1325 81 33 Law
779 1324 106 40 Firm,
907 1323 55 43 by:
984 1324 122 33 James
1125 1324 112 33 Bruce
1257 1322 180 41 McMath,
1459 1321 53 35 for

303 1373 186 44 appellant.

393 1448 139 44 Friday,
548 1448 175 44 Eldredge
739 1449 31 34 &
788 1448 120 41 Clark,
923 1448 54 43 by:
991 1448 73 35 Bill
1075 1448 37 34 S.
1130 1447 120 42 Clark,
1265 1447 68 36 and
1346 1449 111 41 Barry
1470 1449 39 33 E.

305 1498 137 44 Coplin,
463 1498 53 35 for
536 1498 164 44 appellee.

395 1574 153 35 Robert
560 1574 44 34 H.
617 1574 170 40 Dudley,
798 1573 141 35 Justice.

951 1573 199 43 Appellant,
1162 1572 59 35 the
1231 1572 154 45 plaintiff
1392 1572 119 41 below,

304 1623 148 43 brought
479 1623 68 35 suit
574 1624 136 42 against
738 1623 182 43 appellees,
949 1623 76 34 who
1052 1634 60 23 are
1139 1622 276 35 administrators
1444 1622 68 35 and

303 1673 177 43 engineers
491 1672 52 36 for
553 1673 59 34 the
620 1673 178 36 Arkansas
809 1673 172 43 Highway
991 1672 68 35 and
1069 1672 285 44 Transportation
1364 1673 147 43 Depart-

304 1727 105 35 ment,
422 1722 53 35 for
488 1722 140 43 injuries
641 1721 176 36 sustained
829 1723 35 33 in
877 1733 20 23 a
910 1722 177 35 car-truck
1098 1722 114 34 wreck
1222 1722 112 34 which
1347 1721 165 35 occurred

303 1777 37 29 at
362 1782 44 24 an
430 1771 216 43 abnormally
669 1771 193 43 dangerous
886 1771 160 44 highway
1069 1772 231 34 intersection.
1324 1772 189 42 Appellant

302 1820 133 43 alleged
450 1821 76 34 that
540 1821 59 33 the
612 1821 153 36 creation
779 1820 39 34 of
829 1821 59 34 the
902 1821 220 34 intersection
1136 1831 70 23 was
1220 1832 21 23 a
1255 1820 175 43 negligent
1444 1825 66 36 act,

302 1869 68 35 and
381 1869 76 35 that
467 1870 159 42 allowing
636 1870 26 34 it
672 1875 36 29 to
718 1870 162 34 continue
890 1870 34 34 in
934 1869 173 35 existence
1116 1869 188 35 amounted
1314 1874 36 29 to
1360 1880 21 23 a
1391 1869 120 34 willful

302 1918 69 35 and
396 1924 138 29 wanton
559 1918 178 44 disregard
763 1918 39 35 of
824 1919 205 44 appellant’s
1055 1918 122 44 safety.
1204 1919 74 34 The
1303 1918 79 34 trial
1405 1918 107 44 judge

302 1968 181 35 dismissed
495 1963 59 39 the
565 1968 68 34 suit
644 1979 44 24 on
700 1968 60 35 the
770 1968 134 43 ground
916 1968 76 34 that
1004 1969 59 34 the
1075 1968 171 44 appellees
1258 1979 89 23 were
1359 1967 153 35 immune

302 2017 90 35 from
409 2022 68 30 tort
494 2018 146 43 liability
657 2018 53 34 for
727 2023 73 29 acts
817 2018 112 34 which
946 2017 165 35 occurred
1128 2017 119 35 within
1264 2018 59 34 the
1339 2028 120 24 course
1475 2017 39 34 of

302 2067 88 35 their
410 2072 90 30 state
520 2067 243 45 employment.
785 2068 65 34 We
870 2068 123 34 affirm.

485 2143 186 44 Sovereign
684 2143 185 44 immunity
881 2142 68 36 and
962 2143 59 35 the
1033 2143 185 43 immunity
1230 2143 39 34 of
1278 2148 90 29 state
1379 2143 132 34 officers

302 2192 68 36 and
394 2193 193 44 employees
612 2204 59 24 are
693 2198 68 29 two
783 2192 163 35 different
968 2198 162 39 concepts
1155 2192 81 35 with
1260 2198 67 29 two
1350 2192 161 35 different

301 2242 127 43 origins
438 2242 69 36 and
517 2253 174 34 purposes.
702 2243 185 43 Sovereign
898 2243 184 43 immunity
1092 2242 186 43 originates
1287 2242 82 35 with
1379 2242 133 35 Article

302 2293 42 40 V,
356 2292 18 43 §
386 2293 44 33 20
440 2292 39 35 of
485 2292 59 35 the
553 2292 178 36 Arkansas
740 2292 236 35 Constitution
986 2293 111 34 which
1107 2292 167 44 provides,
1286 2292 117 43 “[t]he
1412 2293 100 34 State

302 2342 39 34 of
349 2342 178 35 Arkansas
538 2342 88 34 shall
637 2353 102 24 never
750 2342 43 34 be
804 2342 103 35 made
917 2342 190 35 defendant
1118 2342 34 34 in
1164 2353 68 33 any
1242 2342 40 34 of
1290 2342 60 34 her
1361 2342 149 34 courts.”

301 2392 112 34 There
428 2391 28 35 is
472 2403 44 23 no
532 2391 130 35 similar
678 2391 258 35 constitutional
952 2391 156 35 doctrine
1123 2392 178 43 providing
1317 2391 53 34 for
1386 2391 123 35 immu-
