1666 2691
303 269 69 34 464

533 408 83 34 This
626 408 117 43 option
753 412 35 29 to
797 407 208 44 repurchase
1014 407 27 34 is
1051 411 60 29 not
1120 406 132 43 strictly
1261 416 45 24 an
1315 406 129 43 option,
1454 406 62 33 but

304 458 27 34 is
346 458 93 34 what
454 458 27 34 is
497 457 135 43 usually
647 456 152 35 referred
814 461 36 30 to
865 467 37 24 as
918 467 20 23 a
953 456 212 43 preemptive
1179 455 92 43 right
1285 466 38 24 or
1339 466 20 23 a
1374 454 92 44 right
1480 454 40 35 of

303 508 73 34 first
391 507 139 35 refusal.
547 507 67 34 See
629 506 131 35 Corbin
775 506 56 35 On
848 506 196 41 Contracts,
1062 506 17 42 §
1097 506 63 34 261
1182 505 137 43 (1963).
1336 505 74 34 The
1424 505 92 43 right

303 563 132 30 creates
451 568 44 24 an
509 557 118 44 option
642 556 106 35 based
762 567 44 24 on
822 567 20 24 a
856 555 175 36 condition
1046 555 185 45 precedent
1246 555 68 35 and
1329 554 187 44 ordinarily

304 607 165 45 promises
479 607 77 35 that
565 606 120 36 before
693 606 147 44 offering
850 607 59 34 the
918 611 162 40 property
1089 605 54 36 for
1152 605 72 36 sale
1233 616 38 24 or
1280 605 181 44 accepting
1472 616 44 24 an

302 657 88 36 offer
405 658 91 34 from
510 657 156 41 another,
682 657 59 35 the
755 667 114 25 owner
884 656 68 35 will
967 656 74 35 first
1055 656 88 35 offer
1158 656 59 35 the
1231 660 162 40 property
1408 660 35 30 to
1458 655 58 35 the

303 708 159 43 optionee
473 712 36 30 at
520 708 60 34 the
590 707 131 35 offered
733 707 93 44 price
836 718 38 23 or
886 712 36 29 at
933 717 95 24 some
1039 706 276 44 predetermined
1326 705 104 45 price.
1442 706 75 34 The

303 757 154 43 wording
467 756 39 34 of
514 757 96 34 these
620 761 184 35 contracts,
816 756 167 40 however,
994 756 27 36 is
1032 756 133 34 critical
1176 755 68 35 and
1254 755 69 35 will
1332 766 84 32 vary
1426 755 91 35 from

303 811 157 30 contract
468 811 36 28 to
512 810 167 35 contract,
690 805 144 43 thereby
842 805 166 43 affecting
1017 805 59 34 the
1084 805 139 42 specific
1230 804 93 42 right
1332 804 58 34 the
1398 804 117 43 option

304 854 119 36 holder
444 855 72 34 has.
539 854 50 35 Id.
614 854 17 43 §
655 855 79 40 261,
756 855 64 33 261
826 856 43 32 A.
892 854 118 34 “Such
1031 854 27 34 is
1080 864 20 24 a
1122 854 169 34 Contract
1311 853 54 34 for
1385 864 21 23 a
1427 853 89 34 First

304 903 157 42 Refusal,
477 904 167 43 although
659 904 59 34 the
733 903 108 43 Right
855 904 77 34 that
947 903 26 34 it
987 908 133 30 creates
1135 914 81 32 may
1230 902 43 35 be
1287 902 180 35 described
1482 902 34 35 in

303 953 99 35 other
426 959 116 29 terms.
567 953 94 35 Such
686 959 105 29 terms
815 963 59 25 are
899 952 100 35 ‘First
1023 952 108 44 Right
1156 958 34 30 to
1214 953 98 42 Buy,’
1338 951 119 44 ‘Right
1480 951 40 36 of

304 1003 241 45 Preemption,’
574 1003 102 35 ‘First
703 1003 167 43 Privilege
896 1008 36 29 to
958 1002 196 42 Purchase,’
1184 1002 101 35 ‘First
1312 1001 109 45 Right
1448 1001 68 35 and

304 1053 153 44 Option’.
476 1054 39 34 In
533 1064 44 24 no
593 1064 80 24 case
689 1064 60 24 are
765 1053 59 34 the
840 1053 90 43 legal
947 1053 163 34 relations
1127 1052 39 35 of
1180 1052 32 35 O
1230 1052 69 34 and
1316 1053 27 33 B
1366 1050 148 47 [owner/

304 1103 121 44 buyer]
453 1103 252 35 determinable
729 1102 90 35 from
844 1103 59 34 the
926 1113 103 25 name
1053 1102 111 35 alone.
1190 1103 39 33 In
1255 1102 46 34 all
1325 1112 107 30 cases,
1459 1102 58 34 the

304 1153 262 45 interpretation
581 1152 153 44 requires
749 1152 201 43 knowledge
963 1152 40 35 of
1014 1152 60 35 the
1089 1152 109 35 entire
1212 1156 150 36 context,
1378 1156 139 30 context

304 1203 39 35 of
360 1202 89 36 facts
470 1213 37 24 as
528 1203 75 34 well
624 1213 38 24 as
682 1207 139 30 context
840 1202 40 35 of
896 1202 145 35 words.”
1063 1201 50 35 Id.
1137 1202 17 43 §
1177 1202 64 34 261
1247 1202 44 34 A.

395 1289 65 35 We
470 1289 88 34 have
567 1293 60 30 not
637 1287 184 36 construed
832 1288 84 35 such
927 1299 21 24 a
958 1293 168 36 contract,
1137 1288 63 35 but
1209 1298 98 25 cases
1317 1287 92 35 from
1418 1288 99 34 other

300 1338 236 44 jurisdictions
556 1349 59 24 are
635 1338 220 36 informative
874 1339 35 34 in
929 1337 138 44 dealing
1086 1337 83 36 with
1189 1338 59 35 the
1267 1342 157 31 contract
1444 1338 72 34 lan-

303 1399 123 33 guage.
443 1389 39 34 In
495 1390 88 33 New
594 1390 126 33 Haven
737 1390 92 42 Trap
841 1387 104 36 Rock
960 1388 182 44 Company
1155 1399 31 23 v.
1205 1389 100 39 Tata,
1325 1388 63 34 149
1405 1387 111 37 Conn.

307 1439 76 40 181,
403 1439 63 34 177
482 1438 93 34 A.2d
590 1439 66 33 798
675 1437 138 43 (1962),
828 1438 60 34 the
901 1437 118 44 option
1033 1443 37 29 to
1084 1437 209 43 repurchase
1306 1448 71 24 was
1392 1437 125 35 almost

304 1487 163 35 identical
482 1493 35 29 to
531 1488 60 34 the
605 1498 65 24 one
684 1488 35 34 in
733 1498 63 24 our
810 1497 80 26 case
904 1492 122 39 except
1040 1487 54 34 for
1108 1486 59 36 the
1180 1487 93 34 verb:
1289 1486 35 36 If
1335 1486 60 37 the
1409 1486 107 44 buyer

305 1537 110 35 “shall
428 1537 161 35 consider
599 1536 121 44 selling
733 1536 74 36 said
818 1536 200 43 premises,”
1032 1536 214 35 notification
1258 1541 93 29 must
1363 1536 44 34 be
1417 1536 100 42 given

303 1586 59 35 the
381 1587 100 35 seller
500 1591 35 29 to
554 1587 218 43 repurchase.
793 1586 40 34 In
852 1586 192 43 discussing
1063 1585 68 35 this
1151 1585 170 45 provision
1341 1585 59 34 the
1418 1590 99 30 court

303 1635 86 36 said:

426 1721 75 35 The
514 1721 154 44 plaintiff
678 1721 68 35 and
760 1721 58 35 the
830 1720 208 36 defendants
1051 1731 104 33 agree
1167 1721 77 35 that
1256 1720 60 35 the
1328 1720 188 45 provisions

427 1771 35 35 in
472 1771 60 34 the
541 1771 87 35 deed
639 1771 147 43 relating
796 1775 35 30 to
842 1770 209 45 repurchase
1061 1771 45 43 by
1116 1771 59 34 the
1185 1770 154 44 plaintiff
1346 1770 139 35 created
1496 1781 20 23 a

428 1821 211 44 preemptive
649 1820 92 44 right
751 1820 34 35 in
796 1820 59 35 the
865 1820 154 44 plaintiff
1026 1820 118 35 rather
1153 1820 86 35 than
1249 1831 21 23 a
1280 1820 98 35 strict
1388 1820 127 43 option.

428 1871 39 34 In
481 1870 68 35 this
563 1881 90 30 case,
669 1870 166 40 however,
849 1870 60 34 the
922 1869 154 44 wording
1090 1869 40 35 of
1140 1870 59 34 the
1212 1870 171 43 provision
1398 1869 118 35 differs

427 1920 196 44 materially
634 1919 91 35 from
734 1920 77 35 that
821 1919 112 35 which
943 1919 28 35 is
982 1919 176 45 generally
1167 1918 85 36 used
1263 1919 69 35 and
1342 1919 28 35 is
1380 1918 91 36 cited
1482 1919 34 34 in

427 1970 60 35 the
500 1980 96 25 cases
610 1969 69 35 and
693 1969 202 36 authorities
909 1980 92 33 upon
1015 1969 113 35 which
1141 1970 60 34 the
1213 1969 207 35 defendants
1433 1969 82 43 rely.

427 2020 188 43 Generally
626 2020 177 43 speaking,
816 2030 20 24 a
848 2020 216 43 preemption
1075 2019 82 35 does
1169 2024 60 30 not
1240 2019 77 43 give
1328 2030 20 24 a
1360 2029 155 34 preemp-

427 2070 111 34 tioner
554 2070 60 34 the
630 2079 114 34 power
760 2074 35 30 to
812 2069 135 44 compel
963 2079 45 25 an
1024 2068 177 44 unwilling
1218 2079 115 25 owner
1349 2073 35 30 to
1401 2069 72 40 sell;
1490 2068 27 35 it

428 2119 129 44 merely
567 2119 152 44 requires
729 2119 59 35 the
796 2129 126 31 owner,
932 2118 99 36 when
1041 2118 69 35 and
1119 2118 30 35 if
1155 2119 44 35 he
1208 2118 137 35 decides
1355 2123 35 30 to
1400 2118 71 41 sell,
1481 2123 36 30 to

427 2169 87 34 offer
523 2169 59 35 the
590 2174 162 39 property
760 2169 74 34 first
842 2174 36 29 to
887 2169 59 34 the
954 2168 254 44 preemptioner
1217 2173 37 30 at
1262 2169 60 34 the
1330 2167 185 45 stipulated

427 2219 104 44 price,
548 2219 98 42 [cites
657 2218 174 43 omitted].
845 2220 105 39 Here,
962 2218 26 35 it
998 2229 71 24 was
1080 2229 182 32 necessary
1272 2218 80 43 only
1363 2217 53 35 for
1426 2218 90 34 Tata

427 2273 36 30 to
472 2268 76 43 give
556 2268 149 43 thought
713 2273 35 30 to
757 2278 37 24 or
803 2267 172 36 entertain
984 2268 59 35 the
1051 2267 79 35 idea
1138 2267 40 35 of
1183 2267 132 44 selling.
1326 2268 56 34 He
1390 2266 58 36 did
1457 2272 60 30 not

427 2318 87 35 have
534 2323 35 30 to
589 2317 122 36 decide
730 2323 36 30 to
785 2317 44 35 do
850 2329 47 24 so.

303 2404 75 34 The
396 2409 99 30 court
514 2403 108 36 found
642 2403 59 35 the
719 2403 118 44 option
856 2403 184 43 triggered.
1061 2403 116 35 While
1195 2403 98 35 there
1311 2414 90 23 were
1418 2403 98 34 other
