1664 2697
261 404 107 36 board
386 404 39 35 of
440 405 184 35 education
643 405 79 34 fails
740 410 36 29 to
793 410 57 30 act
867 405 120 35 within
1005 405 90 44 sixty
1114 404 77 45 (60)
1211 405 84 44 days
1313 405 40 35 of

260 455 129 44 receipt
400 455 40 35 of
448 466 20 24 a
480 460 139 39 request
631 455 54 35 for
696 455 220 41 annexation,
929 455 59 35 the
999 455 205 45 petitioning
1215 455 135 35 district

260 516 81 33 may
353 511 137 38 request
503 505 59 35 the
574 504 123 36 circuit
710 511 98 29 court
820 511 36 29 to
868 505 91 35 issue
972 517 20 23 a
1004 505 77 35 writ
1093 505 40 35 of
1142 505 207 36 mandamus

259 561 37 29 to
316 555 74 35 said
410 560 127 39 county
557 555 121 35 board.

1280 264 68 34 477

322 647 184 35 Inasmuch
527 658 38 24 as
585 648 60 34 the
665 648 88 34 Ross
774 649 77 34 Van
871 648 92 34 Ness
983 647 127 36 School
1131 647 113 36 Board
1264 648 85 44 peti­

135 697 118 34 tioned
263 697 54 35 for
326 698 208 34 annexation
544 697 109 35 under
663 698 70 34 Act
742 699 80 40 445,
833 708 37 24 as
880 697 183 41 amended,
1073 698 59 34 the
1141 699 69 33 Act
1219 697 63 35 left
1291 698 59 35 the

136 746 128 35 Chicot
274 747 139 43 County
423 746 114 36 Board
547 747 40 34 of
594 747 194 35 Education
798 747 145 35 without
952 747 186 35 discretion
1148 753 36 29 to
1193 747 89 44 deny
1292 748 59 34 the

136 796 145 44 petition
294 796 40 35 of
343 796 59 35 the
414 797 116 34 school
544 796 108 35 board
666 798 197 42 requesting
876 797 210 35 annexation
1099 803 36 29 to
1147 798 59 34 the
1218 797 131 43 adjoin­

136 846 58 43 ing
210 846 139 35 Eudora
364 846 126 35 School
505 846 156 35 District.
677 846 140 35 Section
833 846 212 44 80-4602(a)
1062 847 69 34 and
1145 847 130 35 section
1291 848 58 34 80-­

136 896 149 43 4609(c)
309 901 90 29 state
419 896 77 35 that
516 896 61 35 the
597 901 129 39 county
747 896 109 35 board
876 896 40 35 of
935 897 185 35 education
1141 897 89 35 shall
1251 897 100 35 order

136 946 210 34 annexation
358 951 36 29 to
406 945 177 44 adjoining
595 946 162 35 districts.
770 947 74 34 The
855 946 94 35 word
962 946 134 35 “shall”
1109 947 99 34 when
1220 947 83 34 used
1316 947 34 35 in

136 1005 20 25 a
169 1000 132 30 statute
312 1006 119 24 means
443 996 77 34 that
532 995 60 35 the
603 995 199 44 legislature
814 996 163 35 intended
990 996 207 44 mandatory
1208 997 142 44 compli­

136 1055 87 25 ance
235 1045 83 35 with
330 1045 59 34 the
400 1050 131 30 statute
542 1045 115 35 unless
670 1046 85 34 such
767 1057 45 23 an
824 1046 263 44 interpretation
1100 1044 113 37 would
1226 1046 77 35 lead
1315 1052 36 30 to

136 1105 45 25 an
197 1094 191 45 absurdity.
403 1095 186 35 Arkansas
602 1096 104 34 State
720 1096 174 44 Highway
911 1097 238 34 Commission
1163 1107 30 24 v.
1210 1096 140 44 Mabry,

137 1145 68 34 229
218 1145 86 35 Ark.
318 1146 79 40 261,
412 1147 65 33 315
492 1145 144 35 S.W.2d
650 1146 68 34 900
731 1145 138 43 (1958).
883 1147 51 34 To
946 1146 137 44 require
1095 1147 208 34 annexation
1316 1152 36 30 to

135 1194 61 36 the
207 1194 177 44 adjoining
395 1195 152 35 districts
558 1195 29 35 is
599 1196 203 35 reasonable
813 1195 68 36 and
892 1196 179 44 practical.
1083 1196 221 35 Annexation
1315 1202 36 30 to

135 1244 62 35 the
207 1244 178 44 adjoining
396 1245 162 41 districts,
571 1256 127 33 among
709 1246 98 35 other
818 1246 127 43 things,
956 1251 175 40 promotes
1141 1247 60 34 the
1211 1247 140 44 sharing

136 1294 41 35 of
185 1295 156 43 physical
353 1295 113 44 plants
479 1306 128 33 among
619 1296 60 34 the
690 1296 145 42 schools,
848 1295 187 36 facilitates
1048 1296 59 35 the
1119 1296 184 44 objectives
1315 1296 40 36 of

136 1345 71 34 Act
228 1346 81 40 445,
331 1345 105 35 limits
458 1346 60 34 the
539 1345 157 35 distance
717 1351 36 29 to
774 1346 43 35 be
838 1346 166 35 travelled
1026 1346 45 44 by
1093 1347 167 41 students,
1282 1347 69 35 and

136 1394 188 36 maintains
345 1395 145 44 existing
511 1395 254 36 communities.

322 1486 66 35 We
400 1486 157 36 affirmed
571 1487 209 35 annexation
792 1493 36 29 to
841 1498 44 24 an
898 1487 178 44 adjoining
1089 1488 116 35 school
1218 1488 134 35 district

136 1546 117 25 across
267 1542 128 38 county
408 1537 85 35 lines
507 1537 111 35 under
631 1538 70 34 Act
716 1538 67 34 229
798 1537 39 36 of
852 1538 99 42 1969,
966 1538 60 35 the
1039 1548 180 34 precursor
1233 1537 39 36 of
1282 1540 70 34 Act

137 1587 68 33 445
215 1586 40 35 of
265 1587 101 40 1983,
375 1587 35 34 in
418 1587 123 35 Saline
552 1588 138 43 County
699 1588 120 35 Board
826 1587 46 44 of
872 1588 240 35 Education v.
1122 1590 74 33 Hot
1204 1589 148 44 Springs

136 1636 123 35 Board
277 1636 47 45 of
335 1637 211 41 Education,
569 1639 68 33 270
657 1638 86 34 Ark.
770 1639 75 39 136,
867 1638 67 34 603
957 1638 144 35 S.W.2d
1122 1639 67 34 413
1214 1638 137 43 (1980),

137 1687 221 42 recognizing
373 1687 87 41 that,
476 1687 35 35 in
527 1692 145 30 matters
688 1687 39 34 of
739 1687 195 42 education,
950 1698 64 25 our
1028 1688 224 35 constitution
1270 1688 80 43 (art.

141 1737 53 39 14,
223 1736 17 42 §
273 1738 27 39 1,
327 1747 38 23 as
390 1736 187 43 amended)
604 1742 91 30 vests
721 1737 35 34 in
781 1738 59 34 the
865 1737 199 44 legislature
1089 1738 59 34 the
1173 1737 85 44 duty
1283 1739 68 34 and

137 1785 178 44 authority
329 1790 35 29 to
378 1786 102 34 make
494 1786 172 43 provision
680 1786 54 34 for
749 1787 59 34 the
821 1787 274 40 establishment,
1110 1788 243 34 maintenance

137 1834 69 34 and
227 1839 143 38 support
389 1834 39 34 of
445 1846 20 23 a
485 1845 162 24 common
668 1835 117 34 school
805 1840 128 39 system
953 1836 35 34 in
1008 1846 63 23 our
1091 1841 100 29 state.

322 1924 76 41 We,
413 1923 186 43 therefore,
613 1925 170 35 conclude
797 1925 77 35 that
888 1936 87 24 once
990 1937 21 24 a
1025 1936 124 34 proper
1164 1925 145 45 petition
1324 1926 28 35 is

136 1973 81 36 filed
228 1974 84 35 with
322 1985 21 24 a
354 1980 127 39 county
491 1974 109 36 board
610 1975 41 35 of
658 1975 184 36 education
852 1975 110 36 under
972 1977 70 34 Act
1052 1977 80 41 445,
1144 1976 208 36 annexation

136 2029 36 30 to
196 2024 178 44 adjoining
397 2025 152 35 districts
573 2025 28 35 is
625 2025 208 46 mandatory
857 2026 68 35 and
949 2026 86 36 such
1058 2027 113 43 filings
1196 2032 156 40 preempt

136 2072 196 37 utilization
347 2074 40 35 of
398 2076 98 34 other
512 2081 228 36 enactments,
756 2077 85 34 such
857 2087 37 24 as
912 2077 18 42 §
949 2077 141 34 80-418.
1107 2076 244 45 Accordingly,

136 2123 60 35 the
208 2124 127 35 Chicot
347 2124 139 44 County
499 2125 114 34 Board
625 2125 40 35 of
674 2125 194 35 Education
879 2125 59 35 did
951 2131 60 29 not
1022 2126 88 34 have
1121 2126 184 35 discretion
1317 2131 36 30 to

136 2172 91 45 deny
247 2174 60 34 the
327 2174 88 34 Ross
435 2175 78 34 Van
533 2175 92 34 Ness
646 2174 127 35 School
794 2175 142 35 Board’s
957 2175 156 44 petition.

227 2265 76 34 The
316 2266 155 43 appellee
484 2265 106 35 raises
604 2266 132 34 several
749 2266 107 35 issues
870 2277 45 24 on
928 2276 93 26 cross
1035 2268 136 42 appeal;
1184 2266 167 42 however,

136 2314 36 35 in
192 2314 88 44 light
300 2314 40 35 of
356 2325 62 24 our
438 2314 141 45 holding
600 2316 97 34 these
716 2316 113 43 points
850 2316 87 35 need
957 2321 61 30 not
1037 2316 44 35 be
1100 2316 196 35 addressed.

228 2406 181 35 Affirmed.
