1660 2687
308 401 200 42 Appellant,
525 400 43 33 he
583 399 145 35 omitted
745 410 67 32 any
828 399 177 34 reference
1020 404 35 28 to
1071 399 52 34 his
1139 398 114 43 injury
1268 408 38 24 or
1321 408 200 33 compensa-

309 450 82 34 tion.
406 450 172 34 Williams
590 448 167 36 concedes
770 449 97 34 these
880 448 89 35 facts
982 448 62 33 but
1056 448 121 34 claims
1190 447 76 34 that
1278 448 60 33 the
1349 446 174 44 president

309 499 39 34 of
359 500 59 33 the
432 499 189 43 Appellant
635 509 171 33 company
820 498 72 35 told
907 498 72 34 him
994 503 35 28 to
1043 498 86 34 omit
1144 508 67 32 any
1226 496 176 35 reference
1416 501 35 29 to
1465 496 59 34 the

309 549 113 44 injury
443 549 148 34 because
611 549 26 34 it
657 547 113 35 would
791 549 102 33 make
913 548 52 34 his
986 547 183 35 insurance
1188 557 44 33 go
1251 557 57 33 up.

310 263 65 32 588

399 626 83 35 This
510 636 80 24 case
617 626 148 34 involves
793 626 80 44 only
900 636 44 24 an
972 625 91 34 issue
1090 624 39 35 of
1153 624 137 34 witness
1317 623 204 44 credibility.

310 676 172 34 Williams
498 675 148 35 testified
662 676 44 34 he
721 674 111 36 called
848 674 184 45 Raymond
1049 675 159 40 Roberts,
1225 673 59 35 the
1299 673 173 45 president
1488 673 39 35 of

310 726 59 34 the
393 726 189 44 Appellant
607 736 181 33 company,
815 725 69 35 and
909 724 72 35 told
1006 724 73 35 him
1103 724 39 35 of
1164 724 60 34 the
1248 723 114 44 injury
1387 723 43 34 he
1455 723 68 34 had

309 775 176 35 sustained
528 774 101 35 while
671 775 153 42 working
868 774 53 35 for
965 775 159 33 Western
1168 773 277 44 Waterproofing
1488 773 34 34 in

309 825 198 35 Oklahoma
526 824 68 35 and
612 824 39 35 of
666 824 52 35 his
737 824 89 34 back
844 834 142 32 surgery
1003 823 68 34 and
1090 824 77 33 that
1184 823 44 34 he
1244 833 70 24 was
1333 822 127 35 invited
1479 822 44 43 by

310 874 149 34 Roberts
478 879 35 29 to
532 884 99 24 come
649 874 34 34 in
703 873 68 34 and
791 874 102 34 make
912 884 44 23 an
975 872 211 44 application
1205 872 54 34 for
1278 872 244 44 employment.

311 923 135 43 Freddy
463 923 83 34 Carl
563 923 99 34 Scott
678 922 149 34 testified
843 923 76 34 that
936 922 43 34 he
995 932 70 23 was
1082 926 138 39 present
1235 921 100 34 when
1352 921 171 34 Williams

310 972 110 34 called
431 972 150 34 Roberts
592 972 68 34 and
672 971 71 35 told
755 971 149 35 Roberts
915 972 77 33 that
1001 971 45 33 he
1056 982 70 23 was
1137 970 140 42 waiting
1288 976 36 28 to
1335 971 43 33 be
1388 970 136 34 cleared

309 1021 45 43 by
366 1021 52 34 his
431 1021 120 34 doctor
563 1021 119 34 before
694 1021 44 34 he
749 1021 101 34 could
863 1031 99 24 come
973 1025 35 29 to
1021 1021 179 33 Arkansas
1212 1019 54 34 for
1278 1020 244 43 employment.

401 1096 172 35 Williams
586 1096 149 35 testified
748 1096 76 34 that
836 1096 99 34 when
948 1096 44 33 he
1003 1095 94 35 filled
1109 1101 61 29 out
1182 1095 52 34 his
1247 1095 211 44 application
1471 1094 53 35 for

310 1147 94 34 work
421 1147 34 34 in
473 1146 159 35 Roberts’
651 1156 173 34 presence,
843 1146 148 34 Roberts
1009 1145 106 35 asked
1133 1145 72 34 him
1222 1145 76 34 how
1316 1145 43 34 he
1376 1144 63 35 felt
1456 1144 68 35 and

310 1196 144 35 decided
469 1196 52 35 his
536 1207 68 33 pay
619 1195 113 35 would
747 1196 43 34 be
804 1195 65 35 less
885 1196 85 34 than
985 1195 59 34 the
1059 1195 63 35 full
1136 1206 69 33 pay
1219 1194 93 35 scale
1326 1194 149 35 because
1488 1194 40 35 of

310 1246 183 35 Williams’
505 1246 90 35 back
605 1246 185 35 condition.
803 1246 172 34 Williams
986 1245 150 35 testified
1146 1245 77 34 that
1233 1244 102 35 while
1345 1244 108 43 filling
1463 1250 61 29 out

310 1297 52 34 his
390 1297 234 44 employment
653 1296 221 44 application,
904 1296 43 34 he
975 1295 106 35 asked
1109 1295 30 35 if
1165 1295 43 34 he
1236 1294 122 36 should
1387 1294 138 35 include

310 1346 224 35 information
556 1346 107 35 about
685 1346 52 34 his
759 1346 90 34 back
870 1345 175 35 condition
1067 1345 69 35 and
1159 1345 149 35 Roberts
1330 1344 129 45 replied
1481 1344 44 36 he

310 1396 123 35 should
449 1401 60 29 not
525 1396 148 35 because
689 1396 26 34 it
731 1396 113 34 would
860 1396 103 34 make
978 1395 53 34 his
1047 1395 207 35 “insurance
1269 1405 44 33 go
1328 1395 81 44 up”.
1426 1395 99 35 Scott

309 1446 149 35 testified
470 1446 148 34 Roberts
629 1445 72 35 told
714 1445 171 35 Williams
897 1450 59 30 not
967 1450 35 30 to
1014 1445 154 35 mention
1180 1445 58 34 the
1250 1445 89 35 back
1348 1444 175 35 condition

310 1496 34 34 in
365 1496 59 34 the
444 1496 233 43 employment
698 1495 210 44 application
929 1495 53 34 for
1002 1495 184 35 insurance
1205 1505 150 24 reasons.

401 1572 149 34 Roberts
562 1571 123 35 denied
699 1571 172 34 Williams
884 1571 69 34 had
965 1570 72 35 told
1050 1571 73 34 him
1134 1570 40 35 of
1183 1571 52 34 his
1248 1570 90 35 back
1349 1570 174 35 condition

310 1620 68 35 and
396 1620 123 35 denied
537 1621 118 43 telling
673 1621 173 34 Williams
863 1626 36 29 to
916 1620 118 43 falsify
1051 1621 52 34 his
1121 1620 235 43 employment
1373 1620 150 43 applica-

309 1671 82 34 tion.
413 1671 147 34 Roberts
579 1670 148 35 testified
746 1670 51 34 his
816 1680 173 34 company
1007 1680 69 24 was
1095 1669 221 35 self-insured
1336 1669 148 43 through
1502 1680 20 24 a

309 1720 236 43 self-insuring
564 1720 87 34 fund
670 1720 68 34 and
757 1720 44 34 he
819 1720 81 43 only
918 1719 81 44 paid
1019 1720 173 34 Williams
1212 1720 127 36 $10.00
1358 1729 60 34 per
1437 1719 86 34 hour

310 1770 148 34 because
469 1769 172 35 Williams
652 1780 69 24 was
733 1769 114 44 trying
858 1774 36 30 to
904 1769 82 35 take
996 1780 20 23 a
1028 1768 157 36 shortcut
1195 1774 35 29 to
1241 1769 234 43 employment
1486 1779 37 24 as

310 1830 20 23 a
338 1819 241 43 journeyman.
592 1819 74 34 The
677 1818 275 35 administrative
963 1819 65 33 law
1036 1818 109 44 judge
1156 1817 97 35 ruled
1264 1818 35 34 in
1311 1818 97 34 favor
1418 1817 40 35 of
1465 1817 59 35 the

311 1868 179 35 Claimant
520 1868 182 35 Williams.
733 1868 75 34 The
837 1869 179 34 Arkansas
1046 1868 175 34 Workers’
1253 1867 271 44 Compensation

310 1918 233 35 Commission
564 1918 167 35 affirmed.

401 1995 65 34 We
477 1994 71 34 find
560 1994 97 35 there
668 1995 28 33 is
708 1994 208 35 substantial
928 1993 162 35 evidence
1101 1999 36 29 to
1148 1999 143 38 support
1302 1994 59 34 the
1372 1993 151 35 decision

309 2043 40 35 of
366 2045 59 34 the
445 2044 173 35 Workers’
641 2044 272 43 Compensation
934 2044 244 34 Commission.

401 2120 148 34 Roberts
568 2119 148 35 testified
734 2119 44 35 he
795 2120 99 34 knew
913 2119 172 35 Williams
1104 2119 68 34 and
1190 2119 99 34 knew
1306 2119 40 34 of
1360 2119 52 34 his
1431 2118 93 35 work

309 2169 82 35 with
414 2170 159 34 Western
595 2169 277 44 Waterproofing
894 2169 35 34 in
950 2169 106 34 Little
1077 2169 100 34 Rock
1196 2168 92 44 prior
1309 2174 35 29 to
1365 2168 102 43 going
1488 2173 35 30 to

310 2219 208 35 Oklahoma.
532 2220 56 33 He
599 2218 204 41 contended,
816 2218 167 41 however,
995 2218 77 35 that
1084 2218 172 35 Williams
1268 2218 68 34 lied
1347 2229 44 23 on
1403 2218 51 34 his
1462 2217 61 43 job

310 2269 210 43 application
536 2268 106 35 about
657 2269 52 34 his
724 2268 184 35 education
923 2268 86 34 level
1024 2268 68 35 and
1107 2268 44 34 he
1165 2267 59 35 did
1238 2273 60 29 not
1312 2268 146 34 disclose
1471 2267 53 35 his

310 2319 234 43 employment
564 2319 83 34 with
668 2319 160 34 Western
849 2318 278 43 Waterproofing
1148 2318 34 34 in
1203 2317 208 35 Oklahoma.

401 2394 172 35 Williams
601 2394 114 35 stated
742 2405 43 23 on
813 2394 53 35 his
894 2393 210 45 application
1132 2394 76 34 that
1235 2393 44 34 he
1306 2392 137 36 worked
1470 2392 53 35 for
