1657 2693
155 398 186 43 adversary
361 398 206 44 proceeding
587 398 110 35 when:

1300 258 63 33 431

283 512 53 42 (1)
357 513 59 33 the
434 512 138 43 moving
591 517 101 39 party
710 523 69 24 was
798 512 193 44 previously
1009 512 220 44 represented
1248 512 45 43 by
1311 512 59 34 the

281 567 158 38 attorney
464 562 115 34 whose
604 561 291 44 disqualification
922 562 43 34 he
991 572 75 24 now
1093 562 108 40 seeks;
1230 561 53 43 (2)
1311 562 59 34 the

281 617 142 29 matters
444 611 186 36 embraced
651 611 119 35 within
791 612 58 34 the
870 611 150 44 pending
1041 612 68 34 suit
1129 622 59 24 are
1207 611 163 35 substan-

282 661 101 43 tially
391 660 137 36 related
535 666 36 29 to
580 661 59 34 the
647 666 145 30 matters
800 672 38 24 or
846 661 59 34 the
914 671 104 24 cause
1026 661 40 34 of
1071 660 115 36 action
1196 660 53 35 for
1257 661 112 34 which

281 711 60 34 the
351 716 157 39 attorney
521 711 193 44 previously
726 711 220 44 represented
957 711 60 35 the
1028 712 138 42 moving
1177 716 112 39 party;
1302 711 68 34 and

284 760 53 43 (3)
349 761 59 34 the
417 766 159 38 attorney
586 760 27 35 is
624 761 234 44 representing
868 772 44 23 an
923 761 185 44 adversary
1117 760 40 36 of
1163 760 59 35 the
1231 766 140 30 movant

282 816 100 38 party
402 811 33 34 in
456 811 59 34 the
535 810 151 44 pending
707 811 78 34 suit.

157 924 202 36 Heathcoat
371 936 30 24 v.
414 926 114 35 Santa
541 926 48 34 Fe
601 925 184 35 Internat’l
799 926 114 43 Corp.,
930 926 67 34 532
1012 926 35 34 F.
1062 926 108 44 Supp.
1185 926 63 34 961
1268 925 101 44 (E.D.

157 975 86 35 Ark.
271 974 116 43 1982).
413 975 34 34 If
466 976 59 34 the
547 980 68 30 two
638 975 132 35 actions
793 986 59 24 are
874 975 108 35 found
1006 981 35 29 to
1064 976 43 34 be
1129 976 242 44 substantially

157 1024 145 41 related,
314 1036 20 23 a
345 1025 237 44 presumption
595 1025 106 34 arises
713 1026 76 34 that
800 1026 59 34 the
870 1025 130 35 former
1011 1026 133 34 client’s
1156 1025 216 35 confidences

158 1085 90 25 were
269 1074 168 36 disclosed
459 1080 36 30 to
517 1074 59 35 the
598 1074 130 36 former
749 1081 169 38 attorney,
941 1075 113 35 which
1076 1075 215 35 confidences
1313 1076 59 35 the

158 1130 160 38 attorney
330 1125 110 43 might
453 1136 61 24 use
525 1130 36 29 to
574 1125 59 35 the
645 1125 186 36 detriment
843 1125 39 35 of
891 1125 59 35 the
962 1131 141 29 movant
1116 1126 34 34 in
1163 1125 59 35 the
1234 1131 138 29 current

158 1174 126 36 action.
297 1174 51 36 Id.
363 1176 74 34 The
448 1180 99 31 court
558 1175 69 35 will
639 1176 172 34 entertain
823 1175 67 35 this
903 1176 237 44 presumption
1152 1175 69 35 and
1232 1176 68 34 will
1313 1181 59 29 not

158 1224 135 45 inquire
320 1225 72 34 into
418 1226 60 34 the
504 1230 125 30 nature
655 1226 69 34 and
752 1230 116 30 extent
894 1225 40 35 of
958 1226 59 34 the
1043 1225 226 35 confidences.
1298 1226 75 35 The

158 1274 222 35 confidential
391 1274 216 41 disclosures,
619 1275 154 35 whether
784 1275 116 35 actual
911 1286 38 24 or
960 1275 196 44 presumed,
1168 1276 205 35 necessitate

158 1325 61 34 the
227 1323 291 45 disqualification
527 1324 40 34 of
574 1324 60 36 the
643 1330 158 39 attorney
811 1325 99 34 when
920 1325 45 34 he
973 1330 194 39 represents
1177 1336 45 24 an
1231 1325 142 35 adverse

159 1374 143 35 interest
311 1374 34 34 in
355 1385 20 23 a
384 1374 131 35 related
526 1379 137 30 matter.
673 1375 103 34 State
785 1375 46 44 of
831 1374 85 35 Ark.
926 1386 31 23 v.
967 1377 100 33 Dean
1075 1374 118 36 Foods
1200 1375 173 35 Products

161 1425 72 38 Co.,
255 1425 83 39 Inc.,
360 1425 65 35 605
449 1423 84 36 F.2d
556 1425 67 34 380
646 1424 78 43 (8th
745 1425 71 34 Cir.
842 1424 116 43 1979).

373 1539 176 44 Applying
565 1538 98 35 these
678 1539 91 35 rules
785 1544 36 30 to
836 1538 59 35 the
911 1549 80 25 case
1007 1544 36 30 at
1059 1539 74 42 bar,
1150 1539 98 35 Scott
1264 1540 108 43 previ­

159 1588 98 44 ously
271 1589 219 43 represented
503 1588 60 36 the
577 1588 110 35 elders
702 1600 37 24 as
753 1589 200 44 petitioners
967 1589 54 35 for
1034 1589 266 44 incorporation;
1314 1590 60 34 the

159 1643 139 39 present
312 1638 134 35 lawsuit
459 1649 165 24 concerns
636 1639 60 34 the
709 1639 206 43 obligations
929 1639 38 34 of
977 1639 60 34 the
1050 1639 130 35 church
1192 1639 110 34 under
1313 1639 61 34 the

160 1687 138 35 articles
315 1687 39 34 of
368 1688 254 43 incorporation
638 1708 49 4 —
703 1699 20 23 a
740 1688 243 43 substantially
1000 1689 132 33 related
1149 1693 137 36 matter;
1305 1689 68 33 and

160 1737 99 34 Scott
271 1736 27 34 is
311 1737 234 43 representing
558 1736 143 35 himself
710 1748 38 23 as
760 1748 44 23 an
817 1736 184 45 adversary
1013 1743 101 38 party
1125 1743 36 29 to
1173 1737 59 34 the
1243 1737 130 35 church

159 1785 69 36 and
238 1785 59 35 the
305 1786 121 35 elders.
436 1787 66 34 We
510 1786 68 35 will
587 1797 161 33 presume
756 1787 76 35 that
840 1786 223 36 confidential
1072 1787 203 35 disclosures
1284 1798 89 25 were

159 1835 104 36 made
277 1841 36 29 to
327 1836 98 35 Scott
439 1836 45 44 by
499 1836 59 35 the
572 1836 111 35 elders
698 1837 69 34 and
782 1837 76 35 that
871 1837 98 34 these
983 1837 112 43 might
1110 1838 43 34 be
1166 1837 84 35 used
1264 1842 36 30 to
1314 1837 59 35 the

159 1886 122 34 elders’
304 1885 186 36 detriment
511 1887 35 34 in
568 1886 60 35 the
648 1892 140 29 current
809 1886 126 35 action.
957 1887 245 43 Accordingly,
1225 1887 98 35 Scott
1344 1888 28 34 is

158 1935 221 43 disqualified
389 1935 91 35 from
490 1946 69 32 any
569 1936 246 43 participation
825 1936 36 34 in
871 1936 69 34 this
950 1936 138 35 lawsuit
1098 1948 39 23 as
1147 1947 46 23 an
1204 1941 169 39 attorney,

159 1984 155 35 whether
323 1985 235 43 representing
569 1985 143 34 himself
718 1996 38 23 or
765 1986 126 34 others.
901 1986 35 33 A
945 1986 127 43 lawyer
1082 1986 28 34 is
1120 1990 59 30 not
1189 1986 185 43 permitted

159 2039 36 29 to
210 2044 62 24 use
287 2033 224 36 information
527 2034 165 43 acquired
707 2034 150 44 through
873 2035 273 43 representation
1161 2034 54 35 for
1230 2035 52 34 his
1298 2046 76 24 own

159 2093 176 34 purposes.
359 2084 148 34 EC-4-5.
530 2083 181 44 Although
733 2084 67 35 this
822 2089 98 30 court
941 2090 128 29 cannot
1090 2084 135 36 restrict
1246 2085 127 34 Scott’s

159 2133 260 35 constitutional
430 2134 92 43 right
533 2138 36 30 to
580 2133 43 35 be
633 2144 20 24 a
665 2139 101 39 party
777 2134 147 43 litigant,
936 2134 44 35 he
991 2134 28 35 is
1030 2134 227 35 admonished
1268 2140 59 29 not
1337 2140 36 29 to

159 2182 104 36 make
273 2184 158 43 personal
442 2195 61 23 use
513 2182 40 36 of
560 2194 68 33 any
639 2183 224 36 information
874 2183 173 45 imparted
1058 2189 35 30 to
1104 2185 73 34 him
1187 2195 38 23 as
1236 2195 20 24 a
1268 2185 106 34 result

159 2233 40 34 of
216 2232 52 35 his
289 2233 91 44 prior
400 2233 272 44 representation
693 2233 39 35 of
749 2234 59 35 the
827 2233 141 35 church.

252 2347 173 35 Reversed
447 2348 68 35 and
537 2347 189 35 remanded
748 2348 54 35 for
823 2348 225 44 proceedings
1070 2354 60 30 not
1151 2349 224 34 inconsistent

159 2397 83 35 with
263 2397 68 34 this
352 2398 148 43 opinion.
