1645 2704
233 421 59 34 the
305 431 106 29 same;
424 426 35 28 to
473 420 139 43 provide
625 420 53 34 for
691 420 170 34 exclusive
870 419 218 43 jurisdiction
1102 419 34 34 in
1149 419 170 42 chancery

234 476 98 29 court
349 470 52 34 for
417 470 193 43 taxpayers’
628 470 115 42 illegal
760 469 157 35 exaction
934 469 152 35 lawsuits
1102 468 217 43 challenging

234 526 75 28 rate
329 521 181 38 increases;
531 519 68 35 and
620 519 54 34 for
693 520 99 33 other
812 529 173 33 purposes.

1254 278 62 34 197

237 595 199 43 (Emphasis
457 594 140 42 added.)

202 669 75 34 The
298 669 113 35 action
433 668 39 35 of
489 668 59 35 the
569 668 207 44 respondent
797 668 33 34 in
852 668 172 43 changing
1045 668 59 34 the
1125 667 107 35 ballot
1252 678 69 23 was

111 719 231 44 appropriate.

296 795 75 33 The
380 793 181 44 petitioner
571 798 81 29 next
661 792 165 35 contends
836 792 76 35 that
921 793 59 34 the
989 792 145 44 popular
1143 802 102 24 name
1255 791 67 34 and

113 845 108 34 ballot
235 844 76 34 title
325 855 59 23 are
397 849 57 29 too
468 843 141 44 lengthy
624 854 37 23 as
676 842 153 35 certified
843 843 45 42 by
902 841 217 45 respondent.
1136 843 39 33 In
1188 843 90 33 Dust
1291 852 30 23 v.

113 896 151 38 Riviere,
279 895 67 33 277
361 894 84 34 Ark.
465 895 28 39 1,
509 894 66 34 638
591 893 144 34 S.W.2d
749 893 66 34 663
833 892 137 43 (1982),
985 903 51 23 we
1050 891 113 35 stated
1176 891 76 35 that
1265 891 59 34 the

113 944 119 43 length
247 943 39 35 of
297 954 20 23 a
333 944 106 34 ballot
453 943 76 35 title
543 942 125 35 “could
683 942 42 34 be
739 954 20 23 a
774 943 129 34 serious
917 942 173 44 objection
1105 941 147 35 because
1265 941 59 34 the

114 995 65 33 law
198 994 196 42 recognizes
413 993 76 34 that
507 1004 44 24 an
570 993 156 34 elector’s
744 993 84 34 time
846 992 27 34 is
891 992 133 35 limited
1043 992 34 34 in
1095 992 190 43 occupying
1304 1002 20 23 a

114 1044 118 42 voting
248 1044 139 34 booth.”
404 1043 75 34 The
494 1042 173 45 approved
683 1042 76 35 title
775 1043 34 33 in
825 1044 90 32 Dust
932 1041 171 35 exceeded
1119 1042 68 34 700
1203 1041 121 40 words,

115 1094 102 33 while
227 1093 69 34 this
307 1092 153 36 certified
471 1093 109 34 ballot
591 1093 75 34 title
677 1092 27 34 is
716 1091 192 45 comprised
919 1092 39 34 of
965 1092 80 43 only
1058 1092 65 33 353
1136 1091 110 35 words
1258 1090 68 35 and

115 1143 60 34 the
186 1143 76 34 title
273 1153 38 23 as
323 1142 167 44 proposed
503 1142 44 44 by
559 1142 182 44 petitioner
753 1142 183 34 contained
950 1142 66 34 339
1028 1140 122 35 words.
1164 1142 64 33 We
1240 1141 86 34 have

116 1192 193 44 previously
323 1191 172 45 approved
508 1202 20 24 a
542 1192 108 34 ballot
663 1191 76 35 title
751 1191 198 43 containing
963 1192 67 33 735
1045 1191 121 34 words.
1180 1192 146 33 Newton

115 1254 31 22 v.
167 1242 100 40 Hall,
292 1243 63 34 196
376 1242 84 34 Ark.
481 1242 80 40 929,
585 1242 65 33 120
670 1241 143 34 S.W.2d
834 1241 67 34 364
922 1240 138 43 (1938).
1080 1240 75 34 The
1174 1239 153 35 certified

117 1292 108 34 ballot
246 1291 27 34 is
295 1297 59 29 not
373 1291 130 43 unduly
523 1291 250 35 cumbersome.

207 1366 84 34 This
304 1367 114 34 action
430 1377 69 23 was
511 1366 80 34 filed
604 1366 34 34 in
651 1365 67 35 this
731 1366 110 34 Court
852 1376 37 23 as
902 1376 44 24 an
958 1365 146 43 original
1117 1365 124 34 action.
1254 1364 74 34 The

117 1417 72 34 sole
200 1416 92 34 issue
302 1416 28 34 is
342 1416 152 34 whether
504 1417 60 33 the
574 1417 172 43 Attorney
757 1415 179 35 General’s
948 1415 129 35 refusal
1089 1420 36 29 to
1136 1414 123 44 certify
1270 1414 59 34 the

118 1467 146 43 popular
283 1477 102 24 name
403 1466 67 34 and
489 1466 108 35 ballot
615 1466 87 40 title,
721 1477 37 23 as
777 1465 188 35 submitted
984 1465 45 44 by
1047 1464 193 45 petitioner,
1258 1475 70 23 was

119 1527 195 24 erroneous.
325 1517 68 34 .See
402 1516 84 34 Ark.
497 1516 89 35 Stat.
598 1517 92 33 Ann.
704 1515 17 43 §
734 1516 104 34 2-208
852 1515 123 44 (Supp.
991 1514 117 43 1985).
1119 1515 75 34 The
1203 1514 125 41 action,

118 1567 107 43 solely
240 1567 154 34 between
409 1566 182 44 petitioner
607 1565 68 36 and
691 1565 216 45 respondent,
924 1566 62 34 has
1001 1565 87 34 been
1104 1565 106 35 heard
1225 1576 44 23 on
1284 1575 44 24 an

119 1616 205 44 expediated
339 1617 101 34 basis.
457 1616 111 35 Other
583 1616 128 44 parties
726 1616 76 34 who
817 1626 80 33 may
911 1615 43 35 be
969 1615 185 35 interested
1169 1615 87 34 have
1270 1619 59 30 not

119 1667 87 34 been
222 1666 99 43 given
337 1677 43 23 an
396 1666 222 43 opportunity
633 1671 36 29 to
684 1671 132 29 contest
831 1666 59 33 the
903 1665 143 43 validity
1061 1664 39 35 of
1112 1666 59 33 the
1186 1664 143 44 popular

119 1727 104 23 name
245 1726 38 24 or
306 1716 107 34 ballot
435 1715 76 35 title
533 1715 80 41 and,
637 1715 256 44 consequently,
916 1715 68 34 this
1007 1719 127 30 matter
1156 1714 39 35 of
1214 1714 116 44 public

119 1766 143 34 interest
288 1766 62 34 has
377 1771 59 29 not
462 1765 87 35 been
577 1764 144 36 decided
748 1776 43 23 on
818 1776 20 23 a
865 1764 86 45 fully
978 1764 221 44 adjudicated
1226 1763 101 35 basis.

118 1816 201 41 Therefore,
333 1816 67 34 this
414 1815 139 44 opinion
566 1815 88 35 shall
668 1821 59 29 not
741 1820 139 39 prevent
893 1815 98 34 other
1005 1814 185 35 interested
1203 1813 126 45 parties

121 1866 91 34 from
233 1866 193 43 contesting
447 1866 60 34 the
526 1865 144 44 validity
692 1865 39 34 of
750 1865 58 35 the
829 1864 153 35 certified
1004 1864 144 44 popular
1170 1875 102 23 name
1293 1874 37 24 or

121 1916 109 34 ballot
249 1916 86 34 title.

213 1990 91 34 Writ
324 1989 133 35 denied.

214 2065 159 40 Purtle,
394 2065 42 40 J.,
457 2069 59 29 not
537 2064 255 44 participating.
