1640 2688
297 404 42 32 37
352 403 144 43 petition
508 403 68 34 and
588 403 35 34 in
635 403 67 34 this
714 404 134 43 appeal,
861 414 50 24 we
922 403 87 35 need
1021 404 80 43 only
1112 403 131 35 discuss
1255 404 58 34 the
1324 404 74 34 first
1409 404 96 43 point

296 452 43 34 he
351 452 117 41 raises,
482 452 93 35 since
588 463 50 24 we
651 452 70 35 find
735 453 26 34 it
774 453 62 34 has
849 453 112 34 merit.
975 453 74 34 The
1062 453 176 44 appellant
1250 453 165 34 contends
1428 453 76 34 that

295 502 59 34 the
372 502 78 35 trial
469 507 97 30 court
584 502 98 35 erred
701 503 98 34 when
817 503 26 34 it
861 502 138 35 refused
1018 508 35 29 to
1071 503 141 44 appoint
1231 514 44 23 an
1294 508 157 39 attorney
1469 509 35 29 to

296 558 174 38 represent
488 552 71 35 him
577 552 124 44 during
718 553 59 34 the
793 553 89 35 trial.
903 554 65 33 We
984 553 71 35 find
1073 553 76 35 that
1166 553 59 35 the
1242 554 175 43 appellant
1434 565 70 23 was

295 602 123 35 denied
444 603 52 34 his
522 603 258 34 constitutional
807 603 91 43 right
923 609 36 29 to
984 603 188 35 assistance
1197 603 39 35 of
1258 604 150 40 counsel,
1435 603 68 35 and

295 652 220 44 accordingly
535 664 133 23 reverse
688 653 58 34 the
765 653 203 35 conviction.

297 265 68 33 240

384 729 74 34 The
478 729 88 35 facts
586 729 114 44 giving
721 730 66 34 rise
806 735 35 29 to
860 730 68 35 this
948 730 163 36 situation
1132 741 59 24 are
1210 741 37 24 as
1268 730 140 35 follows.
1429 731 74 34 The

294 779 175 44 appellant
501 790 69 24 was
602 779 150 44 charged
784 780 82 34 with
898 780 210 44 aggravated
1141 780 146 44 robbery
1318 780 34 35 in
1385 781 118 34 Miller

294 829 150 43 County,
458 829 188 41 Arkansas,
661 829 34 35 in
709 830 202 34 connection
926 830 81 35 with
1022 841 20 23 a
1056 831 88 43 May
1162 832 51 39 11,
1232 831 98 40 1981,
1345 831 155 43 robbery.

295 879 55 34 He
371 889 69 24 was
462 879 72 34 also
555 879 151 43 charged
728 879 44 44 by
793 879 171 35 amended
985 880 223 34 information
1231 880 34 34 in
1287 880 214 44 Hempstead

294 928 149 44 County,
459 929 188 41 Arkansas,
663 929 82 34 with
761 929 192 44 attempted
968 930 128 43 capital
1111 930 139 34 murder
1265 930 53 34 for
1333 930 169 44 allegedly

293 978 155 43 pointing
461 989 20 23 a
495 989 69 32 gun
578 983 36 30 at
627 979 59 34 the
698 979 168 43 arresting
880 979 115 34 officer
1008 980 98 34 when
1120 980 44 33 he
1176 991 69 23 was
1260 980 242 43 apprehended

293 1026 53 34 for
358 1027 58 34 the
428 1027 155 43 robbery.
596 1028 74 34 The
681 1028 176 43 appellant
868 1039 69 23 was
949 1028 178 34 convicted
1139 1029 34 34 in
1186 1029 118 34 Miller
1316 1029 139 43 County
1466 1029 39 34 of

293 1075 58 34 the
368 1076 210 42 aggravated
596 1076 146 43 robbery
759 1077 128 42 charge
904 1077 68 34 and
989 1077 185 34 sentenced
1191 1083 36 28 to
1244 1078 60 33 life
1322 1078 178 43 imprison-

292 1129 105 29 ment.
414 1126 56 32 He
484 1136 69 23 was
567 1125 178 34 convicted
759 1126 35 33 in
810 1126 215 43 Hempstead
1040 1126 139 43 County
1193 1137 44 23 on
1252 1127 59 33 the
1324 1127 128 42 charge
1465 1127 40 34 of

292 1173 192 44 attempted
495 1174 128 43 capital
634 1174 139 34 murder
784 1174 68 35 and
863 1175 184 34 sentenced
1058 1180 36 30 to
1105 1186 20 23 a
1136 1176 217 34 consecutive
1364 1177 44 33 20
1419 1187 82 32 year

292 1228 170 30 sentence.
473 1224 57 34 An
540 1224 210 44 accomplice
759 1224 35 34 in
803 1224 59 35 the
872 1225 156 43 robbery,
1041 1225 130 34 Fabian
1182 1225 156 42 Costillo,
1349 1237 69 23 was
1428 1226 72 34 also

292 1273 177 35 convicted
488 1273 34 35 in
543 1274 118 35 Miller
680 1274 149 44 County.
850 1274 134 36 Circuit
1003 1274 112 45 Judge
1133 1275 90 35 John
1243 1275 163 36 Goodson
1425 1287 74 33 pre-

291 1323 96 34 sided
407 1334 79 24 over
507 1324 82 35 both
610 1324 39 35 of
666 1325 204 43 appellant’s
890 1325 96 35 trials
1007 1325 68 35 and
1095 1336 79 24 over
1195 1326 173 35 Costillo’s
1389 1326 89 35 trial.

381 1400 56 34 On
451 1400 199 35 November
663 1402 31 39 9,
713 1402 99 39 1981,
826 1401 59 34 the
897 1402 176 43 appellant
1085 1402 81 34 filed
1179 1413 20 23 a
1209 1413 68 32 pro
1288 1413 38 23 se
1338 1402 113 34 notice
1463 1402 40 34 of

291 1449 123 44 appeal
429 1449 68 34 and
512 1460 43 24 on
570 1450 100 43 April
689 1451 52 40 14,
761 1451 87 33 1982
863 1450 43 35 he
921 1451 79 34 filed
1015 1462 20 23 a
1046 1462 68 32 pro
1128 1462 38 23 se
1180 1451 130 34 motion
1325 1452 139 43 seeking
1479 1463 20 23 a

290 1498 73 34 free
375 1499 194 44 transcript.
583 1499 74 35 The
669 1500 130 34 motion
811 1511 70 23 was
893 1500 123 35 denied
1029 1500 69 35 and
1110 1501 59 34 the
1181 1501 123 44 appeal
1316 1512 69 24 was
1398 1512 102 24 never

290 1548 186 43 perfected.
490 1549 114 40 Later,
617 1560 20 23 a
645 1560 67 33 pro
723 1560 37 24 se
771 1550 131 34 motion
914 1549 53 35 for
978 1561 21 23 a
1011 1550 137 34 belated
1160 1551 123 43 appeal
1295 1562 69 23 was
1375 1551 124 34 denied

290 1597 45 44 by
349 1598 68 34 this
431 1603 108 29 court.
554 1598 74 35 The
642 1599 176 43 appellant
832 1599 82 35 then
928 1599 80 35 filed
1023 1611 20 23 a
1058 1600 143 43 petition
1216 1600 35 34 in
1265 1601 123 34 circuit
1401 1606 98 29 court

290 1647 53 35 for
355 1647 100 35 relief
463 1648 108 34 under
582 1648 90 35 Rule
684 1650 53 33 37.
750 1650 33 33 A
793 1649 162 34 different
962 1649 108 44 judge
1081 1649 158 44 presided
1250 1661 79 24 over
1340 1650 59 35 the
1409 1651 90 34 Rule

291 1698 43 33 37
344 1697 210 44 evidentiary
564 1698 153 43 hearing,
727 1699 93 34 since
829 1699 112 43 Judge
950 1699 163 35 Goodson
1122 1711 70 23 was
1201 1700 220 44 subpoenaed
1431 1712 37 22 as
1478 1711 20 24 a

290 1746 146 34 witness.

379 1822 73 34 The
462 1823 175 43 appellant
647 1834 70 24 was
728 1824 219 43 represented
958 1825 34 33 in
1003 1825 59 34 the
1072 1825 119 34 Miller
1202 1825 138 44 County
1350 1826 147 43 robbery

288 1871 78 34 trial
382 1871 44 44 by
441 1872 154 35 retained
610 1873 150 41 counsel,
776 1874 99 34 Gene
890 1874 199 35 Harrelson.
1106 1874 56 35 On
1177 1875 152 34 October
1345 1877 30 39 5,
1395 1876 100 40 1981,

287 1921 59 34 the
367 1921 68 44 day
456 1927 51 29 set
528 1922 53 35 for
602 1923 79 34 trial
703 1923 34 34 in
760 1924 216 43 Hempstead
999 1924 139 44 County
1159 1935 43 24 on
1223 1925 59 34 the
1303 1925 193 44 attempted

287 1971 128 43 capital
424 1971 139 35 murder
572 1972 138 43 charge,
720 1973 70 34 Mr.
802 1974 189 34 Harrelson
1001 1985 69 23 was
1080 1974 183 44 permitted
1273 1980 35 29 to
1316 1975 179 34 withdraw

287 2031 37 23 as
350 2021 203 43 appellant’s
578 2027 168 39 attorney.
773 2023 75 34 The
872 2023 100 34 order
996 2024 200 43 permitting
1221 2024 213 35 withdrawal
1460 2025 39 34 of

286 2071 139 33 counsel
447 2076 106 29 states
575 2071 76 35 that
673 2072 59 34 the
752 2073 131 33 motion
906 2078 35 29 to
963 2073 178 34 withdraw
1163 2084 69 24 was
1254 2074 80 34 filed
1356 2074 45 43 by
1424 2075 70 33 Mr.

287 2120 199 41 Harrelson,
498 2120 82 35 with
591 2121 59 34 the
661 2121 164 35 “consent
836 2122 68 34 and
916 2123 186 43 approval”
1113 2122 39 35 of
1159 2123 59 35 the
1228 2123 186 44 appellant,
1426 2124 69 34 and

286 2169 76 35 that
382 2169 113 36 “from
516 2175 202 31 statements
738 2171 39 35 of
794 2172 150 41 counsel,
965 2177 203 30 statements
1188 2173 39 35 of
1243 2178 141 30 consent
1404 2173 91 35 from

286 2219 145 35 Charles
457 2221 53 34 W.
536 2221 163 44 Philyaw,
725 2221 68 35 and
817 2222 99 35 other
940 2222 114 44 things
1079 2222 68 35 and
1172 2223 101 44 proof
1294 2223 118 35 before
1436 2224 60 34 the

286 2269 144 42 Court,”
448 2270 59 35 the
522 2276 98 29 court
637 2271 108 35 found
762 2272 97 34 there
875 2283 70 24 was
962 2273 170 37 sufficient
1148 2283 104 25 cause
1267 2279 36 29 to
1320 2274 99 34 allow
1436 2274 59 34 the

285 2319 213 35 withdrawal
519 2320 68 35 and
608 2321 26 34 it
653 2332 70 24 was
744 2321 34 34 in
798 2322 59 34 the
877 2322 75 34 best
972 2322 142 35 interest
1133 2322 40 35 of
1185 2323 136 43 justice.

375 2396 74 34 The
477 2397 175 43 appellant
681 2398 186 34 maintains
895 2399 76 35 that
1001 2400 69 33 Mr.
1101 2400 189 34 Harrelson
1318 2400 177 34 withdrew
