1656 2688
1266 269 66 33 357

219 1438 158 39 Pickens,
396 1439 171 43 McLarty
587 1440 31 33 &
643 1440 151 40 Watson,
813 1439 55 44 by:
886 1441 123 33 James
1025 1441 42 33 A.
1087 1441 179 42 McLarty,
1285 1440 54 35 for

128 1487 188 43 appellant.

219 1567 140 43 Friday,
382 1567 176 44 Eldredge
581 1570 31 32 &
638 1568 121 41 Clark,
781 1569 55 43 by:
857 1569 189 34 Frederick
1065 1570 37 34 S.
1128 1571 135 42 Ursery,
1286 1570 53 34 for

127 1617 167 43 appellee.

219 1697 140 35 Steele
383 1698 114 41 Hays,
520 1698 142 35 Justice.

685 1698 199 45 Appellant,
909 1700 102 43 Betty
1033 1698 114 43 Odell,
1170 1700 79 35 filed
1271 1700 68 35 this

128 1747 116 35 action
263 1748 35 35 in
316 1748 149 35 Jackson
484 1748 151 45 County,
654 1749 115 35 where
787 1749 60 36 she
865 1749 93 42 lives,
978 1750 136 44 against
1133 1750 60 35 her
1211 1750 128 35 former

128 1798 187 43 employer,
335 1798 177 35 Arkansas
533 1799 152 35 General
706 1799 188 35 Industries
914 1800 76 41 Co.,
1011 1800 111 35 which
1142 1806 157 38 operates
1318 1812 21 23 a

129 1847 283 44 manufacturing
433 1848 96 44 plant
549 1848 35 35 in
604 1849 119 34 White
743 1849 149 44 County.

220 1927 75 36 The
304 1928 188 45 complaint
502 1934 107 30 states
619 1929 177 45 appellant
805 1941 70 24 was
885 1930 98 35 hired
993 1931 121 34 at-will
1125 1930 34 35 in
1174 1932 86 34 1959
1271 1931 69 35 and

128 1988 71 25 was
221 1978 208 36 terminated
450 1990 43 24 on
516 1980 128 34 March
666 1981 32 40 7,
725 1981 98 41 1984,
845 1980 53 35 for
920 1980 122 44 failing
1063 1985 36 31 to
1120 1991 146 34 arrange
1287 1981 53 35 for

128 2028 188 36 continued
335 2029 147 35 absence
501 2029 91 36 from
610 2030 95 35 work
722 2030 68 35 due
808 2036 35 29 to
862 2042 44 24 an
926 2031 124 44 injury,
1070 2031 35 35 in
1122 2031 163 35 violation
1304 2031 40 35 of

128 2089 174 34 company
315 2079 121 44 policy.
453 2080 31 34 It
498 2080 127 43 alleges
640 2091 45 24 an
699 2080 214 42 intentional,
928 2081 170 43 wrongful
1111 2081 182 44 discharge
1306 2082 34 34 in

128 2129 165 34 violation
305 2129 39 35 of
352 2129 116 44 public
479 2130 112 43 policy
602 2130 69 34 and
682 2130 60 35 the
752 2131 178 34 Arkansas
942 2131 174 34 Workers’
1128 2131 211 44 Compensa-

129 2178 73 34 tion
211 2180 81 39 Act,
303 2179 165 43 resulting
477 2179 35 34 in
522 2180 67 33 loss
598 2178 40 36 of
644 2180 146 40 income,
800 2180 130 34 mental
940 2181 158 42 anguish,
1109 2181 154 43 physical
1272 2180 69 35 and

129 2228 132 33 mental
275 2228 80 43 pain
369 2228 68 34 and
450 2228 177 43 suffering.
642 2229 75 34 The
729 2229 189 43 complaint
931 2229 129 43 prayed
1074 2229 53 34 for
1140 2240 199 33 compensa-

129 2282 77 37 tory
226 2276 69 34 and
316 2277 152 43 punitive
487 2277 176 43 damages.

221 2356 119 44 Citing
359 2357 177 35 Arkansas
556 2358 107 34 Rules
681 2357 40 35 of
737 2357 88 35 Civil
845 2357 193 36 Procedure
1056 2359 91 34 Rule
1168 2358 172 44 12(b)(3),

129 2406 139 44 dealing
287 2406 82 36 with
388 2407 173 44 improper
578 2418 121 31 venue,
717 2408 87 35 AGI
823 2408 122 35 moved
964 2413 35 30 to
1017 2408 137 35 dismiss
1172 2408 59 35 the
1248 2419 92 24 com-
