1648 2688
315 394 79 35 trial
411 394 112 35 which
541 394 113 35 would
672 394 34 35 in
724 394 103 35 effect
844 394 205 35 undermine
1065 395 60 35 the
1141 395 177 44 discovery
1335 395 191 44 deposition

314 444 146 43 granted
481 443 45 45 by
545 444 59 35 the
624 450 108 29 court.

315 256 67 32 448

499 521 172 35 Williams
685 522 121 34 claims
820 521 60 35 the
893 521 192 44 deposition
1099 533 70 23 was
1184 533 182 33 necessary
1380 522 147 35 because

314 571 140 43 Tippett
473 570 69 35 had
561 570 99 44 given
679 571 97 34 three
794 570 162 36 different
975 576 203 30 statements
1197 577 36 29 to
1251 572 59 34 the
1329 572 110 44 police
1457 571 69 35 and

314 620 172 35 Williams
500 620 131 35 needed
645 625 35 30 to
693 621 100 34 know
805 621 113 34 which
931 626 187 30 statement
1131 621 113 35 would
1258 621 43 35 be
1313 621 60 35 the
1386 622 91 34 basis
1490 621 40 35 of

313 670 169 44 Tippett’s
507 670 186 45 testimony
717 676 36 30 at
778 671 90 35 trial.
895 672 179 41 However,
1099 672 60 34 the
1182 677 200 40 prosecutor
1407 677 36 30 at
1467 672 59 35 the

313 720 141 45 pretrial
473 721 143 43 hearing
635 721 171 35 informed
826 721 172 36 Williams
1016 722 112 35 which
1147 727 187 30 statement
1352 722 113 35 would
1483 720 43 37 be

313 770 84 35 used
418 776 37 30 at
476 771 89 35 trial.
588 769 104 37 Since
713 772 172 35 Williams
907 771 141 45 already
1069 773 98 34 knew
1188 772 112 35 which
1321 777 203 31 statements

312 820 113 35 would
442 821 43 34 be
501 821 84 34 used
602 826 37 30 at
655 821 91 41 trial,
764 822 172 35 Williams
952 833 70 24 was
1038 828 60 29 not
1115 822 200 44 prejudiced
1331 828 37 30 at
1384 823 79 35 trial
1480 823 45 44 by

312 871 169 43 Tippett’s
494 870 129 35 refusal
636 876 35 29 to
684 882 132 24 answer
828 872 60 34 the
900 871 192 44 deposition
1104 873 175 43 questions
1292 873 69 34 and
1374 873 60 34 the
1445 873 79 34 trial

312 920 127 34 court’s
453 920 125 34 failure
592 925 35 30 to
640 921 135 43 compel
789 921 141 44 Tippett
943 926 36 29 to
992 921 45 35 do
1050 932 48 24 so.
1114 923 65 33 We
1192 921 44 35 do
1251 927 59 29 not
1324 933 134 23 reverse
1471 922 53 35 for

312 969 273 43 nonprejudicial
599 980 104 24 error.
718 971 114 33 Berna
845 981 30 23 v.
890 971 113 40 State,
1019 972 68 33 282
1101 971 85 34 Ark.
1203 972 79 40 563,
1298 972 68 34 670
1381 972 143 34 S.W.2d

312 1019 67 33 435
403 1017 137 44 (1984).

495 1095 121 34 Under
628 1096 86 34 Ark.
729 1096 89 34 Stat.
832 1097 92 34 Ann.
941 1096 17 43 §
973 1097 154 34 43-2725
1144 1096 116 45 (Repl.
1279 1097 118 43 1977),
1411 1108 38 24 as
1462 1103 62 38 put

311 1144 73 34 into
392 1144 104 34 effect
505 1144 45 43 by
559 1155 63 24 our
631 1145 91 34 Rule
735 1146 36 33 11
779 1145 59 43 (f),
848 1156 52 24 we
908 1146 157 34 consider
1074 1146 47 34 all
1129 1146 190 43 objections
1329 1147 150 43 brought
1488 1152 35 29 to

310 1204 63 23 our
398 1193 170 35 attention
594 1194 34 34 in
654 1194 59 34 the
738 1194 170 35 abstracts
934 1195 68 34 and
1028 1195 105 34 briefs
1159 1196 35 34 in
1219 1196 141 43 appeals
1386 1196 91 34 from
1502 1207 21 23 a

310 1248 162 29 sentence
488 1242 39 35 of
541 1242 60 35 life
618 1243 262 44 imprisonment
896 1255 39 23 or
951 1244 115 35 death.
1086 1245 39 34 In
1142 1245 68 34 this
1227 1256 80 23 case
1323 1256 51 24 we
1390 1245 72 35 find
1478 1257 44 23 no

310 1291 203 44 prejudicial
538 1303 93 24 error
656 1293 34 34 in
714 1293 60 35 the
797 1293 112 44 points
934 1294 131 43 argued
1089 1305 38 24 or
1151 1295 34 34 in
1209 1295 99 34 other
1332 1295 190 43 objections

310 1342 198 35 abstracted
528 1342 54 35 for
602 1343 132 35 review.

399 1419 181 36 Affirmed.

400 1498 159 40 Purtle,
579 1497 43 42 J.,
643 1503 60 29 not
723 1498 255 44 participating.

462 1774 155 35 Michael
639 1775 249 35 HALLMAN
908 1786 28 24 v.
959 1776 152 34 STATE
1130 1776 40 35 of
1186 1777 179 35 Arkansas

308 1849 65 35 CR
394 1851 180 34 85-153-A

1197 1854 68 34 706
1286 1854 144 34 S.W.2d
1451 1855 63 34 381

633 1927 171 44 Supreme
824 1928 110 35 Court
954 1929 40 34 of
1010 1929 179 35 Arkansas

570 1977 152 44 Opinion
742 1977 171 36 delivered
935 1979 128 34 March
1084 1981 55 39 31,
1165 1980 87 34 1986
