1656 2688
299 418 59 29 not
371 413 123 33 render
507 424 20 23 a
541 413 212 34 transaction
765 413 169 34 usurious.
949 414 129 33 Harris
1089 424 30 22 v.
1135 413 182 42 Guaranty
1328 413 184 34 Financial

301 463 115 41 Corp.,
429 463 68 32 244
507 462 85 33 Ark.
606 463 159 39 218, 424
776 461 143 34 S.W.2d
931 463 66 32 355
1011 461 137 42 (1968).
1162 463 179 39 However,
1353 473 20 22 a
1384 462 128 42 charge

298 510 112 34 which
427 511 28 33 is
471 510 135 34 labeled
623 521 20 23 a
660 511 150 43 penalty,
828 510 62 34 but
906 511 112 33 which
1035 511 27 33 is
1079 511 108 42 really
1203 521 20 23 a
1240 510 202 43 subterfuge
1457 510 54 34 for

299 559 152 41 interest,
463 570 80 33 may
554 559 122 35 render
687 570 20 24 a
718 560 212 34 transaction
941 560 168 34 usurious.
1121 559 166 35 Redbarn
1299 559 209 40 Chemicals,

298 611 69 33 Inc.
396 621 30 23 v.
455 609 203 41 Bradshaw,
688 610 68 33 254
783 609 85 35 Ark.
899 610 78 40 557,
1006 610 69 34 494
1102 609 144 35 S.W.2d
1274 610 68 34 720
1372 609 136 43 (1973).

298 659 180 43 Although
497 670 51 23 we
567 659 159 35 examine
744 659 85 35 each
849 670 80 24 case
947 659 40 35 of
1002 659 68 35 this
1090 665 81 38 type
1189 670 43 24 on
1252 660 46 34 all
1317 659 39 35 of
1373 660 42 34 its
1435 670 75 24 own

298 709 189 43 particular
498 708 100 41 facts,
610 714 68 29 two
689 709 39 34 of
736 709 59 34 the
806 709 168 44 principal
985 709 129 34 factors
1127 709 34 34 in
1172 709 230 43 determining
1414 709 30 34 if
1452 710 58 34 the

297 758 128 43 charge
434 758 28 34 is
471 758 92 43 truly
572 769 20 23 a
602 759 140 43 penalty
751 769 59 24 are
818 759 154 34 whether
981 759 59 34 the
1048 759 129 42 charge
1185 759 28 34 is
1222 758 91 35 fixed
1322 759 35 34 in
1366 764 144 29 amount

298 807 68 35 and
395 808 153 34 whether
577 808 26 34 it
632 808 28 34 is
689 808 154 34 assessed
872 819 38 23 as
939 819 20 24 a
988 808 167 35 one-time
1183 808 138 44 charge.
1350 810 100 33 Bunn
1478 819 30 24 v.

302 857 270 44 Weyerhaeuser
590 858 73 41 Co.,
684 858 66 34 268
769 858 85 34 Ark.
874 858 80 41 445,
975 859 65 33 598
1060 857 144 35 S.W.2d
1224 859 44 34 54
1288 857 137 44 (1980).
1445 858 65 35 We

298 907 79 35 look
390 912 35 30 to
439 907 98 35 those
550 913 68 29 two
632 907 129 35 factors
775 908 149 35 because
938 908 81 44 they
1033 919 59 24 are
1106 908 186 35 indicators
1307 908 39 35 of
1357 908 152 35 whether

297 957 59 35 the
365 957 127 44 charge
501 958 28 34 is
538 957 165 44 designed
712 963 35 29 to
757 958 124 35 induce
890 963 138 39 prompt
1037 963 164 39 payment
1211 958 68 35 and
1288 959 154 34 whether
1451 959 59 34 the

297 1007 171 35 borrower
481 1008 62 34 has
557 1008 26 35 it
596 1008 35 34 in
644 1008 52 34 his
710 1018 113 34 power
836 1013 36 30 to
885 1008 100 35 avoid
998 1008 59 35 the
1069 1009 155 43 charges.
1238 1010 123 42 Hayes
1372 1020 30 23 v.
1415 1009 94 34 First

296 1057 174 35 National
489 1058 101 34 Bank
611 1057 46 44 of
670 1058 191 43 Memphis,
885 1059 67 33 256
974 1059 85 33 Ark.
1083 1059 79 40 328,
1186 1060 66 33 507
1275 1058 143 35 S.W.2d
1441 1060 63 33 701

299 1106 137 43 (1974).

301 273 66 34 356

388 1173 104 39 Here,
503 1172 58 34 the
570 1172 144 43 charges
724 1178 71 29 met
804 1173 59 34 the
872 1178 67 29 test
947 1173 40 34 of
993 1184 20 23 a
1022 1173 141 43 penalty
1172 1174 149 34 because
1329 1174 82 43 they
1420 1184 89 24 were

296 1220 90 35 fixed
398 1221 35 34 in
445 1226 144 30 amount
601 1222 68 34 and
681 1222 81 43 they
773 1233 90 23 were
874 1222 151 43 charged
1036 1223 81 43 only
1128 1233 65 24 one
1204 1223 94 34 time.
1311 1223 97 43 They
1420 1234 89 23 were

296 1276 59 29 not
375 1270 251 44 compounded.

479 1338 189 43 Appellant
695 1337 166 36 contends
889 1338 76 35 that
992 1338 59 35 the
1078 1338 144 43 charges
1251 1349 59 24 are
1338 1339 171 34 excessive

296 1387 148 35 because
455 1387 82 44 they
548 1387 44 35 do
603 1393 60 29 not
675 1388 82 34 bear
768 1399 67 32 any
847 1388 224 44 relationship
1082 1393 36 30 to
1129 1388 59 35 the
1199 1389 184 43 appellee’s
1395 1388 113 35 added

296 1447 163 34 expenses
477 1437 159 35 incurred
654 1437 34 34 in
706 1438 207 44 attempting
931 1443 35 29 to
983 1438 123 34 collect
1122 1438 60 35 the
1198 1444 78 38 past
1292 1438 68 35 due
1377 1439 130 34 install­

295 1492 123 29 ments.
441 1487 74 34 The
536 1493 184 37 argument
742 1488 27 34 is
791 1488 145 34 without
958 1488 102 34 merit
1081 1488 149 35 because
1251 1488 59 35 the
1332 1489 176 43 appellant

295 1536 131 35 offered
441 1547 44 24 no
501 1537 102 44 proof
614 1548 44 24 on
674 1537 59 35 the
748 1538 134 43 subject
897 1537 68 35 and
981 1538 59 34 the
1055 1538 133 35 burden
1203 1549 69 24 was
1288 1549 93 34 upon
1396 1539 61 34 her
1472 1544 35 29 to

295 1587 93 34 show
403 1598 115 33 usury.
535 1589 122 42 Hayes
670 1599 30 23 v.
716 1589 93 33 First
824 1588 173 35 National
1010 1588 102 35 Bank
1127 1588 46 44 of
1179 1588 191 45 Memphis,
1387 1599 119 34 supra.

385 1652 180 36 Affirmed.

385 1720 160 41 Purtle,
566 1721 42 40 J.,
630 1726 59 29 not
709 1721 255 44 participating.

432 1976 101 43 Betty
553 1976 43 34 A.
618 1976 160 34 ODELL
798 1987 28 23 v.
848 1977 266 34 ARKANSAS
1135 1977 232 34 GENERAL

703 2026 293 34 INDUSTRIES
1018 2026 76 35 CO.

294 2100 130 33 85-272

1184 2103 66 33 705
1272 2102 143 34 S.W.2d
1435 2103 67 33 438

621 2175 170 43 Supreme
811 2175 110 34 Court
941 2175 39 35 of
997 2176 179 34 Arkansas

557 2224 152 44 Opinion
729 2224 172 35 delivered
922 2226 128 34 March
1074 2227 52 39 17,
1152 2227 87 33 1986
