1640 2696
146 410 100 40 1979,
261 409 81 44 Guy
356 410 114 34 Green
485 410 35 34 in
538 411 88 33 1950
641 410 79 41 and,
735 411 125 34 others.
874 412 83 33 Two
971 411 39 34 of
1020 411 99 34 those
1132 411 122 34 deaths
1267 422 90 23 were

141 459 138 34 violent:
294 459 89 34 John
397 461 137 33 Hoover
546 471 70 23 was
629 460 184 34 murdered
825 471 44 24 on
881 460 60 35 the
952 460 99 43 night
1063 460 39 35 of
1112 460 175 44 February
1303 462 52 40 10,

147 510 100 39 1948;
268 509 156 44 Dorothy
445 509 135 35 Bovard
600 509 80 35 died
700 521 44 23 on
765 510 175 44 February
962 512 31 39 3,
1018 511 86 34 1965
1126 510 91 35 from
1236 522 20 23 a
1277 510 79 35 self-

143 558 154 35 inflicted
308 559 149 43 gunshot
467 559 126 35 wound
605 564 35 30 to
651 560 60 34 the
722 560 99 34 head.
833 560 75 34 The
919 560 140 35 murder
1070 560 39 35 of
1117 560 91 35 John
1220 562 137 33 Hoover

143 620 71 23 was
230 620 102 23 never
348 609 124 34 solved.
490 610 88 34 Mrs.
596 610 102 44 Dopp
715 610 68 34 and
800 611 87 34 Mrs.
904 610 133 35 Deleon
1053 610 149 35 testified
1217 616 36 29 to
1268 610 90 35 their

143 658 80 35 firm
239 659 108 34 belief
359 659 76 34 that
452 659 153 44 Spencer
622 659 135 35 Bovard
774 671 69 23 was
859 660 212 44 responsible
1087 660 54 35 for
1157 661 90 34 John
1263 662 93 33 Hoo-

143 709 87 34 ver’s
250 708 115 35 death.
386 709 246 44 Surprisingly,
652 710 59 34 the
729 710 120 34 record
869 710 27 34 is
915 710 123 35 devoid
1056 710 40 35 of
1111 721 68 33 any
1198 721 161 34 response

145 758 90 35 from
257 760 70 33 Mr.
350 759 133 35 Bovard
504 765 36 29 to
560 760 99 34 those
679 760 158 44 startling
858 761 228 34 accusations.

1311 272 40 32 21

392 852 52 33 De
463 852 103 33 Novo
585 852 139 33 Review
743 850 46 45 of
803 851 179 44 Chancery
1004 852 109 34 Cases

377 932 211 44 Ordinarily,
601 943 51 24 we
663 932 45 35 do
720 938 59 29 not
791 944 133 23 reverse
936 944 20 23 a
968 933 197 35 chancellor
1176 934 114 34 where
1301 934 59 34 the

145 981 153 34 decision
308 986 97 29 turns
415 982 130 43 largely
555 992 44 24 on
609 982 161 44 disputed
780 982 89 35 facts
880 982 69 35 and
958 983 138 34 witness
1106 983 204 44 credibility,
1321 995 38 23 as

146 1041 51 23 we
214 1030 127 35 accede
357 1036 35 29 to
409 1031 52 34 his
478 1031 155 44 superior
650 1032 147 44 position
814 1037 36 29 to
866 1032 142 34 observe
1024 1032 59 35 the
1099 1033 174 34 witnesses
1291 1033 68 35 and

146 1090 113 33 gauge
285 1080 88 34 their
399 1081 197 34 demeanor.
624 1082 68 34 But
717 1081 137 35 witness
880 1082 187 35 demeanor
1093 1082 27 35 is
1146 1082 124 44 simply
1295 1094 65 23 one

146 1130 162 34 criterion
322 1130 39 34 of
371 1130 230 44 determining
614 1131 205 44 credibility,
834 1131 68 35 and
915 1132 100 34 when
1029 1143 65 23 one
1105 1132 134 34 version
1252 1132 39 35 of
1301 1133 59 34 the

146 1179 90 34 facts
255 1185 127 29 cannot
400 1180 43 34 be
461 1180 193 35 reconciled
673 1181 83 34 with
774 1181 209 44 undisputed
1000 1181 163 42 versions,
1182 1193 38 23 or
1238 1182 27 34 is
1284 1193 74 23 ren­

146 1228 105 35 dered
275 1234 57 30 too
355 1230 219 43 implausible
597 1235 35 30 to
655 1230 43 35 be
721 1230 153 35 believed
897 1231 99 34 when
1019 1231 183 35 measured
1224 1232 136 43 against

146 1289 161 24 common
341 1280 211 43 experience,
585 1280 83 34 then
699 1280 187 35 demeanor
918 1286 128 29 cannot
1077 1281 155 35 override
1262 1282 99 34 other

146 1329 139 44 equally
302 1329 141 35 reliable
458 1330 150 35 criteria.
627 1331 194 41 Moreover,
837 1331 173 44 chancery
1026 1342 96 24 cases
1138 1342 60 24 are
1214 1331 87 35 tried
1317 1331 44 36 de

147 1389 87 24 novo
254 1379 68 35 and
341 1380 99 34 when
459 1391 51 23 we
529 1380 71 35 find
620 1391 62 24 our
701 1391 76 24 own
796 1381 122 34 review
937 1381 40 35 of
992 1381 60 35 the
1071 1381 120 35 record
1210 1386 36 30 to
1264 1382 44 34 be
1326 1382 35 34 in

147 1429 144 35 marked
303 1429 253 44 disagreement
567 1430 83 35 with
662 1431 59 34 the
731 1431 225 35 chancellor’s
967 1431 149 44 findings
1127 1432 27 34 it
1165 1432 27 35 is
1203 1442 63 24 our
1276 1431 85 45 duty

146 1484 36 29 to
192 1490 144 24 reverse.
347 1480 128 34 ARCP
485 1481 55 34 52.
550 1482 96 33 Rose
654 1492 30 23 v.
695 1482 114 40 Dunn,
820 1482 68 33 284
898 1481 85 34 Ark.
994 1482 135 40 42, 679
1140 1481 142 35 S.W.2d
1296 1483 65 33 180

148 1528 139 43 (1984);
311 1529 90 35 Walt
418 1532 146 32 Bennett
582 1530 97 34 Ford
693 1542 31 23 v.
743 1530 150 35 Pulaski
912 1532 138 42 County
1067 1531 145 44 Special
1228 1531 134 35 School

146 1580 158 40 District,
326 1580 68 33 274
414 1580 84 34 Ark.
521 1580 80 40 208,
623 1580 66 34 623
712 1580 142 35 S.W.2d
879 1581 64 34 186
966 1580 138 44 (1981).

571 1671 144 33 Hoover
737 1672 200 41 Testimony

240 1751 39 33 In
297 1751 154 43 January
473 1752 87 33 1945
580 1751 60 34 the
658 1752 155 34 Hoovers
830 1763 90 23 were
937 1752 105 43 living
1060 1753 35 33 in
1113 1753 135 34 Kansas
1267 1753 91 43 City.

147 1799 89 34 Lula
248 1800 88 42 May
348 1801 137 33 Hoover
495 1800 138 34 worked
645 1800 34 34 in
691 1811 19 24 a
722 1801 110 34 coffee
842 1801 86 44 shop
938 1801 205 44 frequented
1154 1802 45 43 by
1209 1802 152 44 Spencer

148 1848 146 35 Bovard.
307 1849 113 34 When
431 1849 43 34 he
485 1849 107 35 asked
603 1850 61 34 her
675 1849 53 35 for
739 1850 108 41 dates,
859 1851 61 34 she
930 1850 73 35 told
1014 1851 73 34 him
1098 1851 43 35 he
1151 1851 101 35 could
1263 1862 99 24 come

147 1903 36 29 to
193 1898 61 34 her
266 1898 102 35 home
379 1898 68 35 and
457 1904 93 30 meet
560 1899 61 35 her
632 1905 150 38 parents,
793 1900 112 35 which
916 1900 44 35 he
970 1900 70 35 did.
1052 1901 92 34 Over
1154 1901 59 34 the
1223 1901 138 35 months

147 1948 77 35 that
248 1948 159 35 followed
431 1949 43 34 he
497 1949 145 35 became
665 1950 68 35 like
757 1961 20 24 a
800 1950 156 35 member
979 1950 39 35 of
1039 1951 59 34 the
1121 1950 132 45 family,
1278 1962 83 24 even

147 1999 185 43 proposing
353 1999 172 44 marriage
545 2005 36 29 to
602 2000 88 35 Lula
711 2001 88 43 May
819 2002 148 33 Hoover.

239 2080 135 43 During
384 2081 52 34 his
445 2081 106 41 visits,
562 2081 153 44 Spencer
726 2082 134 34 Bovard
870 2082 113 43 began
992 2088 37 29 to
1038 2082 131 35 discuss
1179 2083 82 34 with
1271 2083 90 34 John

148 2130 139 34 Hoover
300 2130 59 34 the
371 2130 81 34 land
465 2131 34 33 in
512 2131 191 34 Arkansas.
718 2132 31 33 It
762 2131 69 35 had
844 2132 169 42 belonged
1026 2137 36 29 to
1074 2132 60 34 the
1145 2133 216 34 Northwest-

147 2189 60 23 ern
223 2179 88 34 Coal
327 2179 68 34 and
411 2180 188 42 Mortgage
614 2180 184 43 Company
812 2181 112 33 which
939 2181 69 34 had
1024 2181 169 34 dissolved
1208 2182 35 33 in
1261 2183 99 33 1922.

147 2227 106 35 Some
272 2228 39 34 of
327 2228 59 35 the
405 2229 97 34 stock
520 2228 170 44 belonged
709 2234 36 30 to
764 2230 59 34 the
842 2235 110 29 estate
970 2230 40 35 of
1026 2230 152 45 Spencer
1198 2231 163 34 Bovard’s

147 2283 99 38 great
259 2279 111 41 uncle,
385 2279 88 34 John
488 2280 45 33 H.
548 2279 146 35 Bovard.
710 2280 151 44 Spencer
875 2280 135 35 Bovard
1023 2292 70 23 was
1106 2292 20 23 a
1140 2280 221 36 co-adminis-

147 2334 110 30 trator
278 2329 39 35 of
333 2329 59 35 the
412 2335 120 30 estate.

239 2411 90 34 John
358 2413 136 33 Hoover
522 2412 69 34 had
618 2412 132 43 mining
777 2413 202 43 experience
1005 2413 69 35 and
1100 2413 83 35 with
1210 2414 152 43 Spencer
