1667 2700
142 382 141 34 entered
298 382 90 35 after
402 382 59 35 the
475 392 104 24 cause
593 393 70 23 was
678 382 88 35 tried
781 387 35 30 to
831 394 20 23 a
862 383 81 43 jury
957 382 53 35 for
1025 382 59 35 the
1098 388 207 29 assessment
1319 382 39 34 of

138 432 73 43 just
226 432 269 44 compensation.
512 432 159 35 Potlatch
687 432 122 35 moved
824 433 59 34 the
898 432 135 35 Circuit
1048 432 110 35 Court
1173 438 35 29 to
1223 432 132 43 modify

142 482 43 34 its
211 482 128 34 March
363 483 55 40 28,
446 483 88 34 1984
558 484 56 33 Ex
634 489 103 37 parte
761 482 112 35 Order
898 482 44 43 by
966 482 175 44 requiring
1165 483 132 34 AP&L
1320 487 35 29 to

142 532 157 35 describe
321 531 68 35 and
410 531 170 35 condemn
603 532 59 35 the
684 532 98 35 lands
804 533 111 34 which
937 532 114 35 would
1073 532 62 35 fall
1156 532 119 35 within
1298 533 58 34 the

143 582 154 42 “danger
309 582 94 34 tree”
417 592 90 24 area.
523 582 39 34 In
575 592 171 33 response,
759 583 132 34 AP&L
903 581 194 36 contended
1109 583 76 34 that
1197 582 158 35 Potlatch

143 631 69 35 had
224 631 202 43 challenged
437 632 44 34 its
491 631 93 43 right
594 637 37 29 to
642 632 170 35 condemn
823 632 153 43 “danger
987 633 124 40 trees,”
1123 633 60 34 the
1194 638 116 29 extent
1320 632 39 35 of

144 682 42 34 its
200 692 114 34 power
327 687 35 29 to
375 682 181 40 condemn,
570 681 69 35 and
652 682 60 34 the
723 681 143 45 validity
879 682 39 35 of
928 682 43 35 its
985 682 131 44 taking.
1131 683 31 34 It
1175 682 181 44 requested

143 732 77 34 that
240 732 59 34 the
319 732 108 34 entire
447 731 115 35 action
583 732 43 34 be
645 732 212 35 transferred
877 738 36 29 to
934 732 184 44 Chancery
1139 733 119 34 Court.

1288 242 66 33 527

235 818 158 34 Potlatch
403 818 79 34 filed
493 828 44 24 an
547 817 172 36 amended
729 829 131 24 answer
870 818 69 35 and
949 819 249 34 counterclaim
1208 819 148 43 alleging

143 867 77 35 that
229 867 30 34 if
264 868 133 34 AP&L
405 878 89 24 were
502 867 146 43 granted
658 868 59 34 the
726 868 91 43 right
826 873 35 29 to
869 873 59 30 cut
938 868 154 44 “danger
1101 869 111 34 trees”
1222 868 135 35 outside

143 917 60 34 the
220 918 65 33 180
298 917 73 35 foot
384 917 238 44 right-of-way
634 918 160 34 Potlatch
807 917 113 35 would
933 918 194 44 effectively
1139 919 44 34 be
1195 918 162 44 deprived

143 967 40 34 of
201 967 44 34 its
267 967 91 43 right
379 972 35 29 to
435 977 133 33 engage
589 968 34 34 in
645 967 60 35 the
726 968 133 34 normal
880 978 122 24 course
1023 967 39 36 of
1081 968 42 34 its
1145 968 154 35 business
1321 968 39 34 of

142 1017 154 43 growing
319 1017 135 41 timber,
478 1017 225 44 particularly
725 1018 34 34 in
783 1028 20 24 a
825 1018 96 43 large
942 1029 82 23 area
1047 1017 162 44 adjacent
1231 1023 35 29 to
1288 1017 68 36 and

144 1066 136 35 outside
301 1068 59 33 the
386 1068 63 34 180
472 1067 73 35 foot
567 1067 238 44 right-of-way
827 1068 69 34 and
918 1068 77 34 that
1016 1068 133 34 AP&L
1171 1068 122 35 should
1315 1068 43 34 be

143 1116 125 35 denied
281 1117 59 34 the
352 1117 91 43 right
455 1122 35 30 to
502 1122 59 29 cut
574 1117 154 43 “danger
741 1118 111 34 trees”
865 1118 136 34 outside
1013 1118 59 35 the
1089 1119 64 33 180
1166 1118 72 34 foot
1250 1118 106 43 right-

143 1166 130 45 of-way
284 1167 113 35 unless
409 1167 26 35 it
445 1166 216 36 condemned
672 1167 191 36 additional
874 1168 256 44 rights-of-way
1141 1168 39 35 of
1187 1168 170 36 sufficient

144 1216 107 35 width
271 1222 35 29 to
325 1217 137 35 include
481 1217 46 34 all
547 1218 154 42 “danger
720 1218 123 35 trees.”
863 1218 160 35 Potlatch
1042 1218 73 34 also
1134 1218 129 44 prayed
1281 1219 77 34 that

144 1267 133 34 AP&L
287 1267 208 44 specifically
506 1266 157 35 describe
672 1267 69 34 and
752 1267 169 35 condemn
931 1268 60 34 the
1001 1273 99 29 route
1110 1268 39 34 of
1156 1268 202 35 reasonable

144 1327 127 23 access.
289 1317 39 33 In
343 1327 160 33 response
518 1321 35 30 to
568 1317 60 34 the
642 1317 260 41 counterclaim,
916 1318 133 34 AP&L
1064 1317 129 44 prayed
1208 1318 76 34 that
1299 1318 58 34 the

144 1365 116 35 action
275 1366 43 34 be
331 1366 210 35 transferred
556 1371 35 30 to
606 1366 184 44 Chancery
804 1367 120 34 Court.
940 1367 116 41 Later,
1071 1367 158 35 Potlatch
1243 1368 80 34 filed
1337 1378 20 24 a

144 1415 132 36 motion
299 1416 54 35 for
376 1427 95 24 more
493 1415 141 36 definite
657 1421 186 30 statement
866 1417 209 43 contending
1098 1417 77 35 that
1197 1417 160 35 AP&L’s

143 1466 192 43 complaint
350 1466 242 44 insufficiently
608 1466 180 36 described
804 1467 84 35 both
902 1467 61 35 the
978 1467 154 43 “danger
1147 1468 95 34 tree”
1260 1478 98 25 areas

144 1515 70 35 and
229 1516 203 35 reasonable
446 1527 116 24 access
578 1522 126 29 routes.
721 1518 40 34 In
776 1528 171 33 response,
963 1518 133 34 AP&L
1111 1517 103 44 again
1229 1517 129 45 prayed

144 1566 77 34 that
241 1566 59 34 the
320 1566 114 34 action
455 1567 43 34 be
517 1566 213 35 transferred
750 1572 36 29 to
806 1567 184 43 Chancery
1011 1568 120 34 Court.

236 1651 51 43 By
297 1651 272 36 Memorandum
579 1652 152 44 Opinion
740 1652 104 35 dated
853 1653 100 44 April
968 1653 389 41 11,1985,theNevada

144 1701 135 34 Circuit
291 1701 110 34 Court
410 1701 79 35 held
500 1701 77 35 that
587 1702 26 34 it
623 1702 70 34 had
703 1702 134 43 subject
847 1707 128 30 matter
981 1702 219 44 jurisdiction
1210 1714 79 24 over
1299 1704 59 34 the

142 1761 82 24 case
236 1750 68 35 and
317 1751 77 35 that
405 1752 132 34 AP&L
549 1751 60 35 did
620 1757 61 29 not
693 1752 88 35 have
791 1752 60 35 the
862 1752 177 45 authority
1050 1757 36 30 to
1098 1763 44 33 go
1154 1753 134 35 outside
1298 1754 60 34 the

143 1800 217 36 condemned
379 1802 64 34 180
458 1802 74 35 foot
546 1802 240 44 right-of-way
800 1807 36 30 to
851 1803 151 35 exercise
1016 1804 133 34 control
1164 1814 79 24 over
1258 1814 98 34 prop-

143 1857 76 39 erty
237 1851 53 35 for
308 1851 111 36 which
438 1852 26 35 it
481 1852 70 35 had
569 1858 60 30 not
647 1853 82 43 paid
742 1853 74 44 just
833 1854 270 43 compensation.
1124 1854 156 41 Further,
1299 1854 59 35 the

143 1907 100 29 court
262 1902 80 34 held
361 1902 75 35 that
455 1903 59 34 the
532 1908 178 29 easement
728 1903 54 35 for
800 1903 130 43 ingress
949 1904 69 34 and
1038 1914 114 32 egress
1171 1904 124 42 sought
1313 1905 46 42 by

143 1952 134 33 AP&L
300 1957 92 28 must
414 1952 43 34 be
478 1952 211 43 specifically
711 1952 136 34 defined
869 1952 69 35 and
961 1952 215 35 condemned
1199 1953 68 34 and
1285 1954 73 42 just

143 2000 261 43 compensation
413 2000 91 44 paid.
514 2001 219 43 Thereupon,
743 2001 132 34 AP&L
884 2001 122 34 moved
1016 2002 59 34 the
1083 2007 99 29 court
1191 2006 35 29 to
1235 2001 123 43 clarify

143 2060 39 23 or
202 2049 35 34 in
258 2049 59 34 the
337 2049 213 41 alternative,
572 2055 35 29 to
628 2050 87 34 alter
735 2061 38 24 or
793 2050 126 35 amend
939 2051 44 34 its
1003 2050 160 44 findings.

235 2134 57 35 On
314 2135 100 43 April
441 2137 52 39 15,
521 2136 99 41 1985,
643 2135 60 35 the
726 2136 134 35 Circuit
883 2137 110 34 Court
1016 2137 141 34 entered
1179 2137 43 35 its
1245 2137 113 35 Order

144 2185 162 43 granting
325 2185 188 35 Potlatch’s
533 2186 131 34 motion
684 2191 35 29 to
738 2186 133 44 modify
889 2186 60 35 the
967 2187 129 34 March
1116 2188 56 40 28,
1196 2188 88 33 1984
1302 2188 57 33 Ex

139 2240 106 38 parte
265 2235 112 34 Order
397 2235 68 34 and
485 2235 175 44 requiring
679 2236 133 34 AP&L
831 2241 36 29 to
886 2236 210 44 specifically
1115 2236 156 35 describe
1290 2236 68 35 and

143 2284 171 34 condemn
328 2284 59 35 the
399 2285 99 34 lands
511 2295 79 24 over
603 2285 112 34 which
729 2286 27 34 it
768 2285 135 35 desired
916 2291 35 29 to
965 2286 151 34 exercise
1129 2286 84 35 such
1226 2286 132 35 control

144 2344 38 23 as
198 2339 36 28 to
249 2339 70 35 cut,
335 2334 81 34 trim
432 2345 37 23 or
485 2345 137 23 remove
639 2334 153 43 “danger
807 2335 124 34 trees.”
948 2336 40 33 In
1004 2335 166 41 addition,
1187 2335 59 34 the
1260 2340 99 30 court

143 2382 148 43 granted
315 2383 187 34 Potlatch’s
528 2384 131 33 motion
685 2383 53 34 for
764 2394 96 24 more
883 2384 142 34 definite
1049 2389 187 29 statement
1261 2395 37 23 or
1323 2389 36 29 to
