1649 2698
313 425 125 44 degree
453 425 136 45 battery
604 431 140 36 statute,
759 426 85 35 Ark.
860 426 89 35 Stat.
966 427 91 34 Ann.
1076 426 17 43 ยง
1110 426 192 43 41-1602(1
1310 426 72 44 )(a)
1402 426 122 45 (Supp.

318 476 116 43 1983),
445 476 156 35 contains
612 476 97 35 three
718 476 176 36 elements:
908 476 53 43 (1)
974 487 20 24 a
1005 477 146 43 battery,
1164 477 54 43 (2)
1230 476 203 36 committed
1443 477 82 35 with

313 526 59 35 the
388 537 147 33 purpose
551 526 39 35 of
603 527 144 43 causing
763 527 155 43 physical
935 527 124 44 injury,
1076 527 70 34 and
1164 527 53 43 (3)
1236 527 143 44 causing
1395 527 130 35 serious

313 576 154 44 physical
478 576 124 44 injury.
614 577 199 43 Appellant,
825 577 34 34 in
871 576 114 41 effect,
997 588 123 32 argues
1132 578 76 34 that
1218 577 44 34 he
1272 578 80 42 only
1362 577 163 34 intended

312 631 36 29 to
364 636 104 24 cause
483 626 154 43 physical
654 626 124 43 injury,
795 631 59 29 not
870 626 130 34 serious
1016 626 154 44 physical
1187 626 124 43 injury,
1328 626 69 35 and
1413 627 111 34 there-

312 674 84 42 fore,
415 675 59 34 the
490 675 92 35 third
600 675 149 35 element
766 675 27 34 is
812 676 152 42 missing.
982 676 74 34 The
1073 681 183 37 argument
1274 676 27 34 is
1319 676 106 34 based
1442 687 44 23 on
1504 687 20 24 a

313 724 300 35 misconstruction
627 724 40 35 of
678 725 59 34 the
751 729 139 30 statute.
906 725 75 34 The
994 726 80 43 only
1089 726 138 42 specific
1241 725 110 35 intent
1366 725 159 44 required

312 774 45 43 by
370 774 59 34 the
441 779 130 30 statute
584 774 27 35 is
625 774 58 34 the
696 775 110 34 intent
819 780 36 29 to
867 785 105 24 cause
985 774 154 44 physical
1152 775 123 43 injury.
1291 775 232 44 Unquestion-

312 823 90 44 ably,
416 824 99 34 twice
526 824 144 43 striking
683 824 115 34 Nolen
810 835 44 23 on
866 825 59 34 the
936 824 73 35 side
1020 825 40 34 of
1068 824 59 35 the
1138 824 78 35 face
1228 825 82 34 with
1322 825 52 34 his
1386 825 56 34 fist
1454 836 69 24 was

312 873 162 34 evidence
485 873 39 34 of
532 885 44 23 an
589 873 110 35 intent
710 879 35 29 to
757 884 104 24 cause
872 874 154 44 physical
1038 874 123 43 injury.
1175 875 74 34 The
1260 874 92 35 third
1364 875 159 41 element,

311 923 143 42 causing
473 923 129 34 serious
620 923 154 43 physical
794 923 123 44 injury,
937 935 69 23 was
1025 924 157 43 supplied
1200 924 99 34 when
1317 925 60 33 the
1395 924 128 35 serious

311 972 154 43 physical
486 972 113 44 injury
620 973 152 42 actually
791 972 176 35 occurred.

315 285 44 33 74

403 1074 38 34 In
457 1074 226 44 anticipation
699 1074 39 34 of
750 1074 59 34 the
824 1075 109 34 above
948 1074 151 43 holding,
1116 1075 176 44 appellant
1307 1086 124 33 argues
1447 1076 76 34 that

310 1134 83 23 even
405 1123 30 35 if
443 1123 59 35 the
512 1124 80 44 only
603 1123 110 35 intent
725 1124 158 44 required
895 1135 69 24 was
976 1125 59 34 the
1046 1125 110 34 intent
1167 1130 35 29 to
1213 1126 144 34 commit
1368 1125 154 44 physical

310 1173 125 44 injury,
447 1173 69 34 and
527 1174 44 34 he
581 1184 71 24 was
663 1173 109 36 found
783 1179 36 29 to
830 1174 88 35 have
928 1174 77 35 that
1016 1175 111 35 intent
1138 1180 36 29 at
1185 1175 60 35 the
1255 1175 86 35 time
1351 1176 45 34 he
1406 1176 118 34 struck

310 1223 126 40 Nolen,
453 1223 76 35 that
545 1223 110 35 intent
670 1224 69 34 had
754 1224 123 34 ceased
894 1225 45 42 by
954 1224 58 35 the
1027 1225 85 34 time
1126 1225 76 34 that
1218 1225 116 34 Nolen
1349 1225 106 35 broke
1470 1225 52 35 his

310 1273 163 43 kneecap.
488 1273 105 40 Thus,
608 1273 43 34 he
665 1284 133 33 argues,
813 1274 44 34 he
869 1274 59 34 did
942 1279 59 29 not
1015 1275 87 34 have
1115 1274 59 34 the
1186 1275 164 43 requisite
1363 1275 111 34 intent
1487 1280 35 29 to

309 1332 104 25 cause
428 1323 155 42 physical
598 1323 113 43 injury
726 1328 37 30 at
777 1323 59 34 the
851 1329 155 29 moment
1019 1324 60 34 the
1093 1324 130 34 serious
1238 1324 156 43 physical
1408 1324 113 44 injury

309 1372 176 34 occurred.
500 1372 73 35 The
586 1377 183 38 argument
782 1372 28 35 is
823 1373 145 34 without
982 1373 131 35 factual
1127 1379 152 38 support.
1295 1374 155 43 Viewing
1463 1374 59 34 the

309 1421 162 35 evidence
482 1427 89 29 most
582 1421 180 45 favorably
772 1427 35 29 to
818 1423 59 34 the
888 1423 165 43 appellee,
1066 1434 37 23 as
1114 1434 51 23 we
1176 1428 92 30 must
1279 1423 55 41 do,
1347 1424 59 34 the
1416 1424 105 34 blows

309 1476 35 29 to
363 1471 115 35 Nolen
498 1471 68 35 and
586 1471 59 35 the
664 1472 166 43 breaking
850 1472 39 35 of
905 1472 59 34 the
983 1473 153 43 kneecap
1156 1484 89 23 were
1264 1484 20 23 a
1305 1479 77 38 part
1401 1473 40 34 of
1456 1484 65 24 one

308 1521 205 34 continuous
528 1532 217 24 occurrence.
762 1522 113 34 There
890 1533 69 23 was
976 1522 162 35 evidence
1153 1528 36 29 to
1204 1522 152 35 indicate
1371 1523 76 35 that
1462 1524 59 34 the

308 1570 225 44 prerequisite
553 1571 110 34 intent
683 1582 69 24 was
773 1571 68 35 still
862 1577 147 39 present.

540 1674 38 34 In
596 1673 166 41 addition,
780 1674 59 34 the
856 1674 176 44 appellant
1049 1684 124 33 argues
1190 1675 76 34 that
1284 1675 59 34 the
1359 1675 162 35 evidence

307 1733 70 23 was
404 1723 208 34 insufficient
639 1728 35 29 to
700 1723 131 34 sustain
859 1724 58 34 the
944 1724 193 34 conviction
1164 1724 54 35 for
1245 1724 173 44 burglary.
1446 1725 74 35 The

307 1771 166 35 elements
500 1772 39 34 of
562 1773 59 34 the
647 1773 107 34 crime
779 1772 40 35 of
842 1773 164 43 burglary
1032 1784 69 24 are:
1132 1773 52 43 (1)
1214 1774 58 35 the
1299 1774 155 44 entering
1481 1786 39 23 or

308 1821 192 44 remaining
527 1822 202 44 unlawfully
755 1822 34 34 in
816 1834 44 23 an
886 1823 203 44 occupiable
1115 1829 172 30 structure
1312 1824 40 35 of
1374 1825 145 34 another

307 1882 133 33 person,
463 1871 53 43 (2)
537 1872 82 35 with
639 1872 58 35 the
715 1883 147 34 purpose
880 1872 40 36 of
935 1873 219 44 committing
1173 1874 132 35 therein
1324 1885 44 24 an
1387 1874 132 36 offense

306 1922 205 43 punishable
538 1922 44 44 by
608 1922 272 44 imprisonment.
907 1924 85 34 Ark.
1020 1924 89 35 Stat.
1136 1925 91 34 Ann.
1257 1924 17 43 ยง
1303 1924 212 44 41-2002(1)

308 1971 116 44 (Repl.
445 1972 117 42 1977).
578 1973 189 43 Appellant
782 1972 82 35 does
880 1978 59 29 not
955 1973 137 45 dispute
1107 1974 76 34 that
1197 1975 59 34 the
1271 1974 162 35 evidence
1447 1986 70 23 was

305 2021 171 35 sufficient
490 2032 44 24 on
548 2023 59 33 the
621 2022 73 35 first
708 2023 159 41 element,
883 2028 109 38 entry.
1009 2024 149 41 Instead,
1174 2024 43 34 he
1231 2035 123 32 argues
1368 2024 76 35 that
1459 2025 59 34 the

305 2070 100 36 State
426 2071 59 34 did
506 2077 59 29 not
587 2082 103 34 prove
711 2073 59 34 the
790 2072 126 35 second
939 2073 159 41 element,
1120 2073 110 35 intent
1251 2079 35 29 to
1307 2074 143 35 commit
1472 2085 45 24 an

305 2120 132 35 offense
456 2121 206 43 punishable
681 2122 45 43 by
747 2121 273 45 imprisonment.
1041 2123 75 34 The
1136 2124 95 34 short
1251 2134 131 24 answer
1402 2129 36 29 to
1458 2124 60 34 the

305 2176 184 37 argument
499 2171 27 34 is
537 2171 76 35 that
624 2171 58 34 the
692 2172 100 34 State
802 2172 59 34 did
872 2183 103 33 prove
985 2172 45 44 by
1039 2172 110 35 direct
1159 2172 161 35 evidence
1330 2174 76 34 that
1416 2174 101 34 while

305 2220 109 35 inside
429 2220 59 34 the
501 2221 147 34 victimโs
663 2221 103 34 home
779 2221 59 34 the
853 2222 176 44 appellant
1043 2222 70 41 did,
1129 2223 34 33 in
1178 2223 83 40 fact,
1277 2223 240 44 intentionally

304 2270 144 34 commit
464 2281 45 23 an
525 2271 132 34 offense
674 2271 205 43 punishable
896 2272 45 42 by
958 2272 273 43 imprisonment,
1248 2273 126 34 second
1390 2272 127 43 degree

305 2319 146 44 battery.

394 2421 180 35 Affirmed.
