<?xml version='1.0' encoding='utf-8'?>
<alto xmlns="http://www.loc.gov/standards/alto/ns-v3#">
  <!--Created by Innodata R.E.D. RLI tool: 2017-04-25 06:27:38.454030-->
  <Description>
    <MeasurementUnit>pixel</MeasurementUnit>
    <sourceImageInformation>
      <fileName>32044078577194_00297_1.tif</fileName>
    </sourceImageInformation>
    <OCRProcessing ID="OP_1">
      <ocrProcessingStep>
        <processingStepDescription>Alto coordinates refer to the deskewed TIFF file. 
		To convert point (x, y) to original image (TIFF or JP2) apply transformation matrix T=(m00, m01, m10, m11, b0, b1) using the rule:
			T * (x,y) = (m00 * x + m01 * y + b0), (m10 * x + m11 * y + b1)</processingStepDescription>
        <processingStepSettings>RED.transform=(0.9999755001000415, 0.006999942833473391, -0.006999942833473391, 0.9999755001000415, -18.380000000000006, 0.2680000000000291)</processingStepSettings>
      </ocrProcessingStep>
    </OCRProcessing>
  </Description>
  <Styles>
    <TextStyle FONTFAMILY="Times New Roman" FONTSIZE="10.00" FONTSTYLE="bold" FONTTYPE="serif" FONTWIDTH="proportional" ID="Style_2"/>
    <TextStyle FONTFAMILY="Times New Roman" FONTSIZE="10.00" FONTSTYLE="bold smallcaps" FONTTYPE="serif" FONTWIDTH="proportional" ID="Style_3"/>
    <TextStyle FONTFAMILY="Times New Roman" FONTSIZE="11.00" FONTTYPE="serif" FONTWIDTH="proportional" ID="Style_4"/>
    <TextStyle FONTFAMILY="Times New Roman" FONTSIZE="11.00" FONTSTYLE="bold italics" FONTTYPE="serif" FONTWIDTH="proportional" ID="Style_5"/>
  </Styles>
  <Tags>
    <StructureTag ID="b593-11" LABEL="p"/>
    <StructureTag ID="b594-1" LABEL="pagelabel"/>
    <StructureTag ID="b594-6" LABEL="p"/>
    <StructureTag ID="b594-7" LABEL="blockquote"/>
    <StructureTag ID="b594-8" LABEL="p"/>
    <StructureTag ID="b594-9" LABEL="p"/>
    <StructureTag ID="b594-10" LABEL="judges"/>
  </Tags>
  <Layout>
    <Page HEIGHT="2691" ID="PG_594" PHYSICAL_IMG_NR="594" WIDTH="1666">
      <PrintSpace HEIGHT="2691" HPOS="0" ID="PS_594" VPOS="0" WIDTH="1666">
        <TextBlock HEIGHT="243.0" HPOS="306.0" ID="BL_594.1" TAGREFS="b593-11" VPOS="396.0" WIDTH="1214.0">
          <TextLine HEIGHT="43" HPOS="306" ID="TL_594.1.1" VPOS="396" WIDTH="1213">
            <String CONTENT="the" HEIGHT="34" HPOS="306" ID="ST_594.1.1.1" STYLEREFS="Style_4" VPOS="400" WIDTH="59" WC="1.00" CC="000" TAGREFS=""/>
            <SP HPOS="365" ID="SP_594.1.1.2" VPOS="399" WIDTH="15"/>
            <String CONTENT="execution" HEIGHT="35" HPOS="380" ID="ST_594.1.1.3" STYLEREFS="Style_4" VPOS="399" WIDTH="180" WC="0.94" CC="000000000" TAGREFS=""/>
            <SP HPOS="560" ID="SP_594.1.1.4" VPOS="398" WIDTH="15"/>
            <String CONTENT="of" HEIGHT="35" HPOS="575" ID="ST_594.1.1.5" STYLEREFS="Style_4" VPOS="398" WIDTH="39" WC="0.93" CC="00" TAGREFS=""/>
            <SP HPOS="614" ID="SP_594.1.1.6" VPOS="399" WIDTH="14"/>
            <String CONTENT="her" HEIGHT="34" HPOS="628" ID="ST_594.1.1.7" STYLEREFS="Style_4" VPOS="399" WIDTH="60" WC="1.00" CC="000" TAGREFS=""/>
            <SP HPOS="688" ID="SP_594.1.1.8" VPOS="399" WIDTH="15"/>
            <String CONTENT="will," HEIGHT="40" HPOS="703" ID="ST_594.1.1.9" STYLEREFS="Style_4" VPOS="399" WIDTH="78" WC="0.92" CC="00000" TAGREFS=""/>
            <SP HPOS="781" ID="SP_594.1.1.10" VPOS="403" WIDTH="17"/>
            <String CONTENT="two" HEIGHT="30" HPOS="798" ID="ST_594.1.1.11" STYLEREFS="Style_4" VPOS="403" WIDTH="67" WC="1.00" CC="000" TAGREFS=""/>
            <SP HPOS="865" ID="SP_594.1.1.12" VPOS="397" WIDTH="15"/>
            <String CONTENT="children" HEIGHT="36" HPOS="880" ID="ST_594.1.1.13" STYLEREFS="Style_4" VPOS="397" WIDTH="155" WC="0.90" CC="00000000" TAGREFS=""/>
            <SP HPOS="1035" ID="SP_594.1.1.14" VPOS="397" WIDTH="16"/>
            <String CONTENT="had" HEIGHT="35" HPOS="1051" ID="ST_594.1.1.15" STYLEREFS="Style_4" VPOS="397" WIDTH="69" WC="0.94" CC="000" TAGREFS=""/>
            <SP HPOS="1120" ID="SP_594.1.1.16" VPOS="397" WIDTH="16"/>
            <String CONTENT="died," HEIGHT="41" HPOS="1136" ID="ST_594.1.1.17" STYLEREFS="Style_4" VPOS="397" WIDTH="90" WC="0.97" CC="00000" TAGREFS=""/>
            <SP HPOS="1226" ID="SP_594.1.1.18" VPOS="398" WIDTH="18"/>
            <String CONTENT="Bob" HEIGHT="34" HPOS="1244" ID="ST_594.1.1.19" STYLEREFS="Style_4" VPOS="398" WIDTH="73" WC="0.90" CC="000" TAGREFS=""/>
            <SP HPOS="1317" ID="SP_594.1.1.20" VPOS="397" WIDTH="16"/>
            <String CONTENT="Cisco" HEIGHT="35" HPOS="1333" ID="ST_594.1.1.21" STYLEREFS="Style_4" VPOS="397" WIDTH="103" WC="1.00" CC="00000" TAGREFS=""/>
            <SP HPOS="1436" ID="SP_594.1.1.22" VPOS="396" WIDTH="15"/>
            <String CONTENT="and" HEIGHT="36" HPOS="1451" ID="ST_594.1.1.23" STYLEREFS="Style_4" VPOS="396" WIDTH="68" WC="1.00" CC="000" TAGREFS=""/>
          </TextLine>
          <TextLine HEIGHT="46" HPOS="308" ID="TL_594.1.2" VPOS="447" WIDTH="1212">
            <String CONTENT="Dale" HEIGHT="35" HPOS="308" ID="ST_594.1.2.1" STYLEREFS="Style_4" VPOS="450" WIDTH="88" WC="0.70" CC="0000" TAGREFS=""/>
            <SP HPOS="396" ID="SP_594.1.2.2" VPOS="450" WIDTH="14"/>
            <String CONTENT="Cisco." HEIGHT="35" HPOS="410" ID="ST_594.1.2.3" STYLEREFS="Style_4" VPOS="450" WIDTH="113" WC="1.00" CC="000000" TAGREFS=""/>
            <SP HPOS="523" ID="SP_594.1.2.4" VPOS="450" WIDTH="15"/>
            <String CONTENT="The" HEIGHT="34" HPOS="538" ID="ST_594.1.2.5" STYLEREFS="Style_4" VPOS="450" WIDTH="75" WC="0.96" CC="000" TAGREFS=""/>
            <SP HPOS="613" ID="SP_594.1.2.6" VPOS="449" WIDTH="13"/>
            <String CONTENT="second" HEIGHT="35" HPOS="626" ID="ST_594.1.2.7" STYLEREFS="Style_4" VPOS="449" WIDTH="127" WC="0.98" CC="000000" TAGREFS=""/>
            <SP HPOS="753" ID="SP_594.1.2.8" VPOS="448" WIDTH="14"/>
            <String CONTENT="paragraph" HEIGHT="45" HPOS="767" ID="ST_594.1.2.9" STYLEREFS="Style_4" VPOS="448" WIDTH="196" WC="1.00" CC="000000000" TAGREFS=""/>
            <SP HPOS="963" ID="SP_594.1.2.10" VPOS="447" WIDTH="16"/>
            <String CONTENT="bequeathed" HEIGHT="45" HPOS="979" ID="ST_594.1.2.11" STYLEREFS="Style_4" VPOS="447" WIDTH="218" WC="0.88" CC="0000000000" TAGREFS=""/>
            <SP HPOS="1197" ID="SP_594.1.2.12" VPOS="448" WIDTH="14"/>
            <String CONTENT="her" HEIGHT="34" HPOS="1211" ID="ST_594.1.2.13" STYLEREFS="Style_4" VPOS="448" WIDTH="61" WC="0.91" CC="000" TAGREFS=""/>
            <SP HPOS="1272" ID="SP_594.1.2.14" VPOS="453" WIDTH="14"/>
            <String CONTENT="estate" HEIGHT="29" HPOS="1286" ID="ST_594.1.2.15" STYLEREFS="Style_4" VPOS="453" WIDTH="110" WC="1.00" CC="000000" TAGREFS=""/>
            <SP HPOS="1396" ID="SP_594.1.2.16" VPOS="452" WIDTH="14"/>
            <String CONTENT="to" HEIGHT="29" HPOS="1410" ID="ST_594.1.2.17" STYLEREFS="Style_4" VPOS="452" WIDTH="35" WC="0.79" CC="00" TAGREFS=""/>
            <SP HPOS="1445" ID="SP_594.1.2.18" VPOS="448" WIDTH="14"/>
            <String CONTENT="her" HEIGHT="34" HPOS="1459" ID="ST_594.1.2.19" STYLEREFS="Style_4" VPOS="448" WIDTH="61" WC="0.94" CC="000" TAGREFS=""/>
          </TextLine>
          <TextLine HEIGHT="46" HPOS="307" ID="TL_594.1.3" VPOS="497" WIDTH="1212">
            <String CONTENT="living" HEIGHT="43" HPOS="307" ID="ST_594.1.3.1" STYLEREFS="Style_4" VPOS="500" WIDTH="103" WC="0.70" CC="000000" TAGREFS=""/>
            <SP HPOS="410" ID="SP_594.1.3.2" VPOS="499" WIDTH="14"/>
            <String CONTENT="children" HEIGHT="35" HPOS="424" ID="ST_594.1.3.3" STYLEREFS="Style_4" VPOS="499" WIDTH="155" WC="0.72" CC="00000000" TAGREFS=""/>
            <SP HPOS="579" ID="SP_594.1.3.4" VPOS="499" WIDTH="15"/>
            <String CONTENT="and" HEIGHT="34" HPOS="594" ID="ST_594.1.3.5" STYLEREFS="Style_4" VPOS="499" WIDTH="67" WC="0.77" CC="000" TAGREFS=""/>
            <SP HPOS="661" ID="SP_594.1.3.6" VPOS="500" WIDTH="16"/>
            <String CONTENT="the" HEIGHT="34" HPOS="677" ID="ST_594.1.3.7" STYLEREFS="Style_4" VPOS="500" WIDTH="59" WC="0.77" CC="000" TAGREFS=""/>
            <SP HPOS="736" ID="SP_594.1.3.8" VPOS="510" WIDTH="13"/>
            <String CONTENT="one" HEIGHT="23" HPOS="749" ID="ST_594.1.3.9" STYLEREFS="Style_4" VPOS="510" WIDTH="65" WC="0.91" CC="000" TAGREFS=""/>
            <SP HPOS="814" ID="SP_594.1.3.10" VPOS="498" WIDTH="13"/>
            <String CONTENT="grandchild." HEIGHT="44" HPOS="827" ID="ST_594.1.3.11" STYLEREFS="Style_4" VPOS="498" WIDTH="215" WC="0.68" CC="00000000000" TAGREFS=""/>
            <SP HPOS="1042" ID="SP_594.1.3.12" VPOS="498" WIDTH="17"/>
            <String CONTENT="The" HEIGHT="34" HPOS="1059" ID="ST_594.1.3.13" STYLEREFS="Style_4" VPOS="498" WIDTH="74" WC="0.78" CC="000" TAGREFS=""/>
            <SP HPOS="1133" ID="SP_594.1.3.14" VPOS="499" WIDTH="13"/>
            <String CONTENT="last" HEIGHT="33" HPOS="1146" ID="ST_594.1.3.15" STYLEREFS="Style_4" VPOS="499" WIDTH="66" WC="0.68" CC="0000" TAGREFS=""/>
            <SP HPOS="1212" ID="SP_594.1.3.16" VPOS="497" WIDTH="15"/>
            <String CONTENT="paragraph" HEIGHT="44" HPOS="1227" ID="ST_594.1.3.17" STYLEREFS="Style_4" VPOS="497" WIDTH="196" WC="0.86" CC="000000000" TAGREFS=""/>
            <SP HPOS="1423" ID="SP_594.1.3.18" VPOS="498" WIDTH="15"/>
            <String CONTENT="then" HEIGHT="34" HPOS="1438" ID="ST_594.1.3.19" STYLEREFS="Style_4" VPOS="498" WIDTH="81" WC="0.80" CC="0000" TAGREFS=""/>
          </TextLine>
          <TextLine HEIGHT="47" HPOS="306" ID="TL_594.1.4" VPOS="546" WIDTH="1214">
            <String CONTENT="stated" HEIGHT="34" HPOS="306" ID="ST_594.1.4.1" STYLEREFS="Style_4" VPOS="549" WIDTH="113" WC="0.99" CC="000000" TAGREFS=""/>
            <SP HPOS="419" ID="SP_594.1.4.2" VPOS="549" WIDTH="17"/>
            <String CONTENT="that" HEIGHT="34" HPOS="436" ID="ST_594.1.4.3" STYLEREFS="Style_4" VPOS="549" WIDTH="76" WC="0.99" CC="0000" TAGREFS=""/>
            <SP HPOS="512" ID="SP_594.1.4.4" VPOS="549" WIDTH="18"/>
            <String CONTENT="if" HEIGHT="44" HPOS="530" ID="ST_594.1.4.5" STYLEREFS="Style_5" VPOS="549" WIDTH="36" WC="1.00" CC="00" TAGREFS=""/>
            <SP HPOS="566" ID="SP_594.1.4.6" VPOS="560" WIDTH="8"/>
            <String CONTENT="any" HEIGHT="32" HPOS="574" ID="ST_594.1.4.7" STYLEREFS="Style_4" VPOS="560" WIDTH="68" WC="1.00" CC="000" TAGREFS=""/>
            <SP HPOS="642" ID="SP_594.1.4.8" VPOS="549" WIDTH="16"/>
            <String CONTENT="of" HEIGHT="34" HPOS="658" ID="ST_594.1.4.9" STYLEREFS="Style_4" VPOS="549" WIDTH="39" WC="1.00" CC="00" TAGREFS=""/>
            <SP HPOS="697" ID="SP_594.1.4.10" VPOS="549" WIDTH="14"/>
            <String CONTENT="her" HEIGHT="33" HPOS="711" ID="ST_594.1.4.11" STYLEREFS="Style_4" VPOS="549" WIDTH="61" WC="1.00" CC="000" TAGREFS=""/>
            <SP HPOS="772" ID="SP_594.1.4.12" VPOS="548" WIDTH="16"/>
            <String CONTENT="children" HEIGHT="34" HPOS="788" ID="ST_594.1.4.13" STYLEREFS="Style_4" VPOS="548" WIDTH="155" WC="0.89" CC="00000000" TAGREFS=""/>
            <SP HPOS="943" ID="SP_594.1.4.14" VPOS="547" WIDTH="17"/>
            <String CONTENT="predeceased" HEIGHT="44" HPOS="960" ID="ST_594.1.4.15" STYLEREFS="Style_4" VPOS="547" WIDTH="230" WC="0.93" CC="00000000000" TAGREFS=""/>
            <SP HPOS="1190" ID="SP_594.1.4.16" VPOS="547" WIDTH="17"/>
            <String CONTENT="her," HEIGHT="40" HPOS="1207" ID="ST_594.1.4.17" STYLEREFS="Style_4" VPOS="547" WIDTH="72" WC="0.90" CC="0000" TAGREFS=""/>
            <SP HPOS="1279" ID="SP_594.1.4.18" VPOS="547" WIDTH="18"/>
            <String CONTENT="their" HEIGHT="34" HPOS="1297" ID="ST_594.1.4.19" STYLEREFS="Style_4" VPOS="547" WIDTH="88" WC="0.93" CC="00000" TAGREFS=""/>
            <SP HPOS="1385" ID="SP_594.1.4.20" VPOS="546" WIDTH="18"/>
            <String CONTENT="shares" HEIGHT="35" HPOS="1403" ID="ST_594.1.4.21" STYLEREFS="Style_4" VPOS="546" WIDTH="117" WC="0.97" CC="000000" TAGREFS=""/>
          </TextLine>
          <TextLine HEIGHT="43" HPOS="306" ID="TL_594.1.5" VPOS="596" WIDTH="1213">
            <String CONTENT="would" HEIGHT="34" HPOS="306" ID="ST_594.1.5.1" STYLEREFS="Style_4" VPOS="599" WIDTH="113" WC="0.93" CC="00000" TAGREFS=""/>
            <SP HPOS="419" ID="SP_594.1.5.2" VPOS="604" WIDTH="15"/>
            <String CONTENT="revert" HEIGHT="29" HPOS="434" ID="ST_594.1.5.3" STYLEREFS="Style_4" VPOS="604" WIDTH="110" WC="1.00" CC="000000" TAGREFS=""/>
            <SP HPOS="544" ID="SP_594.1.5.4" VPOS="604" WIDTH="13"/>
            <String CONTENT="to" HEIGHT="29" HPOS="557" ID="ST_594.1.5.5" STYLEREFS="Style_4" VPOS="604" WIDTH="36" WC="1.00" CC="00" TAGREFS=""/>
            <SP HPOS="593" ID="SP_594.1.5.6" VPOS="598" WIDTH="13"/>
            <String CONTENT="the" HEIGHT="34" HPOS="606" ID="ST_594.1.5.7" STYLEREFS="Style_4" VPOS="598" WIDTH="59" WC="1.00" CC="000" TAGREFS=""/>
            <SP HPOS="665" ID="SP_594.1.5.8" VPOS="603" WIDTH="13"/>
            <String CONTENT="estate" HEIGHT="29" HPOS="678" ID="ST_594.1.5.9" STYLEREFS="Style_4" VPOS="603" WIDTH="110" WC="1.00" CC="000000" TAGREFS=""/>
            <SP HPOS="788" ID="SP_594.1.5.10" VPOS="602" WIDTH="13"/>
            <String CONTENT="to" HEIGHT="29" HPOS="801" ID="ST_594.1.5.11" STYLEREFS="Style_4" VPOS="602" WIDTH="35" WC="1.00" CC="00" TAGREFS=""/>
            <SP HPOS="836" ID="SP_594.1.5.12" VPOS="598" WIDTH="14"/>
            <String CONTENT="be" HEIGHT="34" HPOS="850" ID="ST_594.1.5.13" STYLEREFS="Style_4" VPOS="598" WIDTH="43" WC="1.00" CC="00" TAGREFS=""/>
            <SP HPOS="893" ID="SP_594.1.5.14" VPOS="596" WIDTH="13"/>
            <String CONTENT="distributed" HEIGHT="35" HPOS="906" ID="ST_594.1.5.15" STYLEREFS="Style_4" VPOS="596" WIDTH="206" WC="0.99" CC="00000000000" TAGREFS=""/>
            <SP HPOS="1112" ID="SP_594.1.5.16" VPOS="601" WIDTH="14"/>
            <String CONTENT="to" HEIGHT="30" HPOS="1126" ID="ST_594.1.5.17" STYLEREFS="Style_4" VPOS="601" WIDTH="36" WC="1.00" CC="00" TAGREFS=""/>
            <SP HPOS="1162" ID="SP_594.1.5.18" VPOS="597" WIDTH="13"/>
            <String CONTENT="the" HEIGHT="34" HPOS="1175" ID="ST_594.1.5.19" STYLEREFS="Style_4" VPOS="597" WIDTH="59" WC="1.00" CC="000" TAGREFS=""/>
            <SP HPOS="1234" ID="SP_594.1.5.20" VPOS="597" WIDTH="13"/>
            <String CONTENT="other" HEIGHT="34" HPOS="1247" ID="ST_594.1.5.21" STYLEREFS="Style_4" VPOS="597" WIDTH="98" WC="0.89" CC="00000" TAGREFS=""/>
            <SP HPOS="1345" ID="SP_594.1.5.22" VPOS="596" WIDTH="13"/>
            <String CONTENT="legatees." HEIGHT="43" HPOS="1358" ID="ST_594.1.5.23" STYLEREFS="Style_4" VPOS="596" WIDTH="161" WC="1.00" CC="000000000" TAGREFS=""/>
          </TextLine>
        </TextBlock>
        <TextBlock HEIGHT="33.0" HPOS="308.0" ID="BL_594.2" TAGREFS="b594-1" VPOS="260.0" WIDTH="65.0">
          <TextLine HEIGHT="33" HPOS="308" ID="TL_594.2.1" VPOS="260" WIDTH="65">
            <String CONTENT="556" HEIGHT="33" HPOS="308" ID="ST_594.2.1.1" STYLEREFS="Style_4" VPOS="260" WIDTH="65" WC="0.88" CC="000" TAGREFS=""/>
          </TextLine>
        </TextBlock>
        <TextBlock HEIGHT="46.0" HPOS="398.0" ID="BL_594.4" TAGREFS="b594-6" VPOS="689.0" WIDTH="522.0">
          <TextLine HEIGHT="46" HPOS="398" ID="TL_594.4.1" VPOS="689" WIDTH="522">
            <String CONTENT="The" HEIGHT="34" HPOS="490" ID="ST_594.4.1.3" STYLEREFS="Style_4" VPOS="691" WIDTH="74" WC="0.96" CC="000" TAGREFS=""/>
            <SP HPOS="564" ID="SP_594.4.1.4" VPOS="690" WIDTH="20"/>
            <String CONTENT="trial" HEIGHT="35" HPOS="584" ID="ST_594.4.1.5" STYLEREFS="Style_4" VPOS="690" WIDTH="79" WC="0.94" CC="00000" TAGREFS=""/>
            <SP HPOS="663" ID="SP_594.4.1.6" VPOS="695" WIDTH="21"/>
            <String CONTENT="court" HEIGHT="30" HPOS="684" ID="ST_594.4.1.7" STYLEREFS="Style_4" VPOS="695" WIDTH="98" WC="0.99" CC="00000" TAGREFS=""/>
            <SP HPOS="782" ID="SP_594.4.1.8" VPOS="689" WIDTH="20"/>
            <String CONTENT="found:" HEIGHT="36" HPOS="802" ID="ST_594.4.1.9" STYLEREFS="Style_4" VPOS="689" WIDTH="118" WC="0.84" CC="000000" TAGREFS=""/>
          </TextLine>
        </TextBlock>
        <TextBlock HEIGHT="940.0" HPOS="430.0" ID="BL_594.5" TAGREFS="b594-7" VPOS="781.0" WIDTH="1091.0">
          <TextLine HEIGHT="45" HPOS="521" ID="TL_594.5.1" VPOS="781" WIDTH="999">
            <String CONTENT="The" HEIGHT="34" HPOS="521" ID="ST_594.5.1.1" STYLEREFS="Style_4" VPOS="784" WIDTH="75" WC="1.00" CC="000" TAGREFS=""/>
            <SP HPOS="596" ID="SP_594.5.1.2" VPOS="783" WIDTH="12"/>
            <String CONTENT="wording" HEIGHT="43" HPOS="608" ID="ST_594.5.1.3" STYLEREFS="Style_4" VPOS="783" WIDTH="154" WC="0.92" CC="0000000" TAGREFS=""/>
            <SP HPOS="762" ID="SP_594.5.1.4" VPOS="782" WIDTH="13"/>
            <String CONTENT="of" HEIGHT="35" HPOS="775" ID="ST_594.5.1.5" STYLEREFS="Style_4" VPOS="782" WIDTH="39" WC="1.00" CC="00" TAGREFS=""/>
            <SP HPOS="814" ID="SP_594.5.1.6" VPOS="783" WIDTH="10"/>
            <String CONTENT="the" HEIGHT="35" HPOS="824" ID="ST_594.5.1.7" STYLEREFS="Style_4" VPOS="783" WIDTH="59" WC="0.86" CC="000" TAGREFS=""/>
            <SP HPOS="883" ID="SP_594.5.1.8" VPOS="787" WIDTH="13"/>
            <String CONTENT="sentence" HEIGHT="30" HPOS="896" ID="ST_594.5.1.9" STYLEREFS="Style_4" VPOS="787" WIDTH="161" WC="0.92" CC="00000000" TAGREFS=""/>
            <SP HPOS="1057" ID="SP_594.5.1.10" VPOS="783" WIDTH="13"/>
            <String CONTENT="in" HEIGHT="33" HPOS="1070" ID="ST_594.5.1.11" STYLEREFS="Style_4" VPOS="783" WIDTH="34" WC="0.94" CC="00" TAGREFS=""/>
            <SP HPOS="1104" ID="SP_594.5.1.12" VPOS="783" WIDTH="14"/>
            <String CONTENT="the" HEIGHT="34" HPOS="1118" ID="ST_594.5.1.13" STYLEREFS="Style_4" VPOS="783" WIDTH="59" WC="0.96" CC="000" TAGREFS=""/>
            <SP HPOS="1177" ID="SP_594.5.1.14" VPOS="782" WIDTH="12"/>
            <String CONTENT="codicil" HEIGHT="34" HPOS="1189" ID="ST_594.5.1.15" STYLEREFS="Style_4" VPOS="782" WIDTH="123" WC="1.00" CC="0000000" TAGREFS=""/>
            <SP HPOS="1312" ID="SP_594.5.1.16" VPOS="781" WIDTH="13"/>
            <String CONTENT="and" HEIGHT="36" HPOS="1325" ID="ST_594.5.1.17" STYLEREFS="Style_4" VPOS="781" WIDTH="69" WC="0.83" CC="000" TAGREFS=""/>
            <SP HPOS="1394" ID="SP_594.5.1.18" VPOS="782" WIDTH="14"/>
            <String CONTENT="stated" HEIGHT="35" HPOS="1408" ID="ST_594.5.1.19" STYLEREFS="Style_4" VPOS="782" WIDTH="112" WC="0.97" CC="000000" TAGREFS=""/>
          </TextLine>
          <TextLine HEIGHT="45" HPOS="430" ID="TL_594.5.2" VPOS="831" WIDTH="1090">
            <String CONTENT="above" HEIGHT="34" HPOS="430" ID="ST_594.5.2.1" STYLEREFS="Style_4" VPOS="834" WIDTH="109" WC="0.96" CC="00000" TAGREFS=""/>
            <SP HPOS="539" ID="SP_594.5.2.2" VPOS="833" WIDTH="19"/>
            <String CONTENT="does" HEIGHT="34" HPOS="558" ID="ST_594.5.2.3" STYLEREFS="Style_4" VPOS="833" WIDTH="81" WC="1.00" CC="0000" TAGREFS=""/>
            <SP HPOS="639" ID="SP_594.5.2.4" VPOS="838" WIDTH="21"/>
            <String CONTENT="not" HEIGHT="29" HPOS="660" ID="ST_594.5.2.5" STYLEREFS="Style_4" VPOS="838" WIDTH="59" WC="1.00" CC="000" TAGREFS=""/>
            <SP HPOS="719" ID="SP_594.5.2.6" VPOS="843" WIDTH="20"/>
            <String CONTENT="name" HEIGHT="24" HPOS="739" ID="ST_594.5.2.7" STYLEREFS="Style_4" VPOS="843" WIDTH="102" WC="0.90" CC="0000" TAGREFS=""/>
            <SP HPOS="841" ID="SP_594.5.2.8" VPOS="833" WIDTH="19"/>
            <String CONTENT="the" HEIGHT="34" HPOS="860" ID="ST_594.5.2.9" STYLEREFS="Style_4" VPOS="833" WIDTH="59" WC="0.87" CC="000" TAGREFS=""/>
            <SP HPOS="919" ID="SP_594.5.2.10" VPOS="832" WIDTH="19"/>
            <String CONTENT="petitioners" HEIGHT="44" HPOS="938" ID="ST_594.5.2.11" STYLEREFS="Style_4" VPOS="832" WIDTH="200" WC="0.96" CC="00000000000" TAGREFS=""/>
            <SP HPOS="1138" ID="SP_594.5.2.12" VPOS="843" WIDTH="20"/>
            <String CONTENT="or" HEIGHT="23" HPOS="1158" ID="ST_594.5.2.13" STYLEREFS="Style_4" VPOS="843" WIDTH="37" WC="1.00" CC="00" TAGREFS=""/>
            <SP HPOS="1195" ID="SP_594.5.2.14" VPOS="833" WIDTH="19"/>
            <String CONTENT="Tommy" HEIGHT="42" HPOS="1214" ID="ST_594.5.2.15" STYLEREFS="Style_4" VPOS="833" WIDTH="148" WC="0.83" CC="00000" TAGREFS=""/>
            <SP HPOS="1362" ID="SP_594.5.2.16" VPOS="831" WIDTH="20"/>
            <String CONTENT="Donald" HEIGHT="35" HPOS="1382" ID="ST_594.5.2.17" STYLEREFS="Style_4" VPOS="831" WIDTH="138" WC="0.86" CC="000000" TAGREFS=""/>
          </TextLine>
          <TextLine HEIGHT="42" HPOS="431" ID="TL_594.5.3" VPOS="882" WIDTH="1090">
            <String CONTENT="Cisco" HEIGHT="34" HPOS="431" ID="ST_594.5.3.1" STYLEREFS="Style_4" VPOS="883" WIDTH="103" WC="0.84" CC="00000" TAGREFS=""/>
            <SP HPOS="534" ID="SP_594.5.3.2" VPOS="894" WIDTH="17"/>
            <String CONTENT="or" HEIGHT="23" HPOS="551" ID="ST_594.5.3.3" STYLEREFS="Style_4" VPOS="894" WIDTH="37" WC="1.00" CC="00" TAGREFS=""/>
            <SP HPOS="588" ID="SP_594.5.3.4" VPOS="882" WIDTH="17"/>
            <String CONTENT="Ethmer" HEIGHT="35" HPOS="605" ID="ST_594.5.3.5" STYLEREFS="Style_4" VPOS="882" WIDTH="144" WC="0.93" CC="000000" TAGREFS=""/>
            <SP HPOS="749" ID="SP_594.5.3.6" VPOS="882" WIDTH="17"/>
            <String CONTENT="Edwin" HEIGHT="34" HPOS="766" ID="ST_594.5.3.7" STYLEREFS="Style_4" VPOS="882" WIDTH="120" WC="0.97" CC="00000" TAGREFS=""/>
            <SP HPOS="886" ID="SP_594.5.3.8" VPOS="882" WIDTH="17"/>
            <String CONTENT="Cisco" HEIGHT="35" HPOS="903" ID="ST_594.5.3.9" STYLEREFS="Style_4" VPOS="882" WIDTH="103" WC="0.94" CC="00000" TAGREFS=""/>
            <SP HPOS="1006" ID="SP_594.5.3.10" VPOS="893" WIDTH="17"/>
            <String CONTENT="as" HEIGHT="23" HPOS="1023" ID="ST_594.5.3.11" STYLEREFS="Style_4" VPOS="893" WIDTH="37" WC="1.00" CC="00" TAGREFS=""/>
            <SP HPOS="1060" ID="SP_594.5.3.12" VPOS="893" WIDTH="18"/>
            <String CONTENT="a" HEIGHT="23" HPOS="1078" ID="ST_594.5.3.13" STYLEREFS="Style_4" VPOS="893" WIDTH="20" WC="0.87" CC="0" TAGREFS=""/>
            <SP HPOS="1098" ID="SP_594.5.3.14" VPOS="882" WIDTH="16"/>
            <String CONTENT="class" HEIGHT="34" HPOS="1114" ID="ST_594.5.3.15" STYLEREFS="Style_4" VPOS="882" WIDTH="88" WC="1.00" CC="00000" TAGREFS=""/>
            <SP HPOS="1202" ID="SP_594.5.3.16" VPOS="882" WIDTH="18"/>
            <String CONTENT="in" HEIGHT="33" HPOS="1220" ID="ST_594.5.3.17" STYLEREFS="Style_4" VPOS="882" WIDTH="34" WC="0.89" CC="00" TAGREFS=""/>
            <SP HPOS="1254" ID="SP_594.5.3.18" VPOS="882" WIDTH="16"/>
            <String CONTENT="the" HEIGHT="34" HPOS="1270" ID="ST_594.5.3.19" STYLEREFS="Style_4" VPOS="882" WIDTH="59" WC="0.83" CC="000" TAGREFS=""/>
            <SP HPOS="1329" ID="SP_594.5.3.20" VPOS="886" WIDTH="16"/>
            <String CONTENT="term" HEIGHT="29" HPOS="1345" ID="ST_594.5.3.21" STYLEREFS="Style_4" VPOS="886" WIDTH="90" WC="0.96" CC="0000" TAGREFS=""/>
            <SP HPOS="1435" ID="SP_594.5.3.22" VPOS="882" WIDTH="16"/>
            <String CONTENT="‘my" HEIGHT="42" HPOS="1451" ID="ST_594.5.3.23" STYLEREFS="Style_4" VPOS="882" WIDTH="70" WC="0.67" CC="990" TAGREFS=""/>
          </TextLine>
          <TextLine HEIGHT="45" HPOS="431" ID="TL_594.5.4" VPOS="930" WIDTH="1090">
            <String CONTENT="children’." HEIGHT="34" HPOS="431" ID="ST_594.5.4.1" STYLEREFS="Style_4" VPOS="932" WIDTH="177" WC="0.86" CC="0000000099" TAGREFS=""/>
            <SP HPOS="608" ID="SP_594.5.4.2" VPOS="932" WIDTH="11"/>
            <String CONTENT="This" HEIGHT="34" HPOS="619" ID="ST_594.5.4.3" STYLEREFS="Style_4" VPOS="932" WIDTH="83" WC="1.00" CC="0000" TAGREFS=""/>
            <SP HPOS="702" ID="SP_594.5.4.4" VPOS="937" WIDTH="11"/>
            <String CONTENT="term" HEIGHT="29" HPOS="713" ID="ST_594.5.4.5" STYLEREFS="Style_4" VPOS="937" WIDTH="88" WC="1.00" CC="0000" TAGREFS=""/>
            <SP HPOS="801" ID="SP_594.5.4.6" VPOS="931" WIDTH="10"/>
            <String CONTENT="referred" HEIGHT="35" HPOS="811" ID="ST_594.5.4.7" STYLEREFS="Style_4" VPOS="931" WIDTH="152" WC="0.89" CC="00000000" TAGREFS=""/>
            <SP HPOS="963" ID="SP_594.5.4.8" VPOS="932" WIDTH="10"/>
            <String CONTENT="only" HEIGHT="43" HPOS="973" ID="ST_594.5.4.9" STYLEREFS="Style_4" VPOS="932" WIDTH="79" WC="0.78" CC="0000" TAGREFS=""/>
            <SP HPOS="1052" ID="SP_594.5.4.10" VPOS="937" WIDTH="10"/>
            <String CONTENT="to" HEIGHT="28" HPOS="1062" ID="ST_594.5.4.11" STYLEREFS="Style_4" VPOS="937" WIDTH="35" WC="1.00" CC="00" TAGREFS=""/>
            <SP HPOS="1097" ID="SP_594.5.4.12" VPOS="931" WIDTH="10"/>
            <String CONTENT="the" HEIGHT="35" HPOS="1107" ID="ST_594.5.4.13" STYLEREFS="Style_4" VPOS="931" WIDTH="59" WC="0.88" CC="000" TAGREFS=""/>
            <SP HPOS="1166" ID="SP_594.5.4.14" VPOS="931" WIDTH="10"/>
            <String CONTENT="specifically" HEIGHT="44" HPOS="1176" ID="ST_594.5.4.15" STYLEREFS="Style_4" VPOS="931" WIDTH="209" WC="0.94" CC="000000000000" TAGREFS=""/>
            <SP HPOS="1385" ID="SP_594.5.4.16" VPOS="930" WIDTH="10"/>
            <String CONTENT="named" HEIGHT="35" HPOS="1395" ID="ST_594.5.4.17" STYLEREFS="Style_4" VPOS="930" WIDTH="126" WC="0.93" CC="00000" TAGREFS=""/>
          </TextLine>
          <TextLine HEIGHT="44" HPOS="430" ID="TL_594.5.5" VPOS="980" WIDTH="1091">
            <String CONTENT="children" HEIGHT="35" HPOS="430" ID="ST_594.5.5.1" STYLEREFS="Style_4" VPOS="981" WIDTH="155" WC="0.93" CC="00000000" TAGREFS=""/>
            <SP HPOS="585" ID="SP_594.5.5.2" VPOS="981" WIDTH="10"/>
            <String CONTENT="remaining" HEIGHT="43" HPOS="595" ID="ST_594.5.5.3" STYLEREFS="Style_4" VPOS="981" WIDTH="193" WC="0.89" CC="000000000" TAGREFS=""/>
            <SP HPOS="788" ID="SP_594.5.5.4" VPOS="980" WIDTH="10"/>
            <String CONTENT="from" HEIGHT="36" HPOS="798" ID="ST_594.5.5.5" STYLEREFS="Style_4" VPOS="980" WIDTH="91" WC="0.99" CC="0000" TAGREFS=""/>
            <SP HPOS="889" ID="SP_594.5.5.6" VPOS="981" WIDTH="9"/>
            <String CONTENT="the" HEIGHT="34" HPOS="898" ID="ST_594.5.5.7" STYLEREFS="Style_4" VPOS="981" WIDTH="60" WC="0.82" CC="000" TAGREFS=""/>
            <SP HPOS="958" ID="SP_594.5.5.8" VPOS="986" WIDTH="9"/>
            <String CONTENT="text" HEIGHT="29" HPOS="967" ID="ST_594.5.5.9" STYLEREFS="Style_4" VPOS="986" WIDTH="72" WC="0.96" CC="0000" TAGREFS=""/>
            <SP HPOS="1039" ID="SP_594.5.5.10" VPOS="980" WIDTH="10"/>
            <String CONTENT="of" HEIGHT="35" HPOS="1049" ID="ST_594.5.5.11" STYLEREFS="Style_4" VPOS="980" WIDTH="39" WC="0.91" CC="00" TAGREFS=""/>
            <SP HPOS="1088" ID="SP_594.5.5.12" VPOS="980" WIDTH="6"/>
            <String CONTENT="the" HEIGHT="35" HPOS="1094" ID="ST_594.5.5.13" STYLEREFS="Style_4" VPOS="980" WIDTH="60" WC="1.00" CC="000" TAGREFS=""/>
            <SP HPOS="1154" ID="SP_594.5.5.14" VPOS="980" WIDTH="8"/>
            <String CONTENT="will" HEIGHT="34" HPOS="1162" ID="ST_594.5.5.15" STYLEREFS="Style_4" VPOS="980" WIDTH="69" WC="0.90" CC="0000" TAGREFS=""/>
            <SP HPOS="1231" ID="SP_594.5.5.16" VPOS="980" WIDTH="9"/>
            <String CONTENT="which" HEIGHT="34" HPOS="1240" ID="ST_594.5.5.17" STYLEREFS="Style_4" VPOS="980" WIDTH="113" WC="0.88" CC="00000" TAGREFS=""/>
            <SP HPOS="1353" ID="SP_594.5.5.18" VPOS="991" WIDTH="10"/>
            <String CONTENT="were" HEIGHT="23" HPOS="1363" ID="ST_594.5.5.19" STYLEREFS="Style_4" VPOS="991" WIDTH="89" WC="0.91" CC="0000" TAGREFS=""/>
            <SP HPOS="1452" ID="SP_594.5.5.20" VPOS="985" WIDTH="9"/>
            <String CONTENT="not" HEIGHT="29" HPOS="1461" ID="ST_594.5.5.21" STYLEREFS="Style_4" VPOS="985" WIDTH="60" WC="0.98" CC="000" TAGREFS=""/>
          </TextLine>
          <TextLine HEIGHT="46" HPOS="431" ID="TL_594.5.6" VPOS="1029" WIDTH="1090">
            <String CONTENT="specifically" HEIGHT="44" HPOS="431" ID="ST_594.5.6.1" STYLEREFS="Style_4" VPOS="1031" WIDTH="209" WC="0.96" CC="000000000000" TAGREFS=""/>
            <SP HPOS="640" ID="SP_594.5.6.2" VPOS="1030" WIDTH="10"/>
            <String CONTENT="named" HEIGHT="35" HPOS="650" ID="ST_594.5.6.3" STYLEREFS="Style_4" VPOS="1030" WIDTH="126" WC="0.92" CC="00000" TAGREFS=""/>
            <SP HPOS="776" ID="SP_594.5.6.4" VPOS="1041" WIDTH="10"/>
            <String CONTENT="as" HEIGHT="23" HPOS="786" ID="ST_594.5.6.5" STYLEREFS="Style_4" VPOS="1041" WIDTH="38" WC="1.00" CC="00" TAGREFS=""/>
            <SP HPOS="824" ID="SP_594.5.6.6" VPOS="1030" WIDTH="10"/>
            <String CONTENT="excluded" HEIGHT="35" HPOS="834" ID="ST_594.5.6.7" STYLEREFS="Style_4" VPOS="1030" WIDTH="167" WC="0.96" CC="00000000" TAGREFS=""/>
            <SP HPOS="1001" ID="SP_594.5.6.8" VPOS="1030" WIDTH="10"/>
            <String CONTENT="in" HEIGHT="34" HPOS="1011" ID="ST_594.5.6.9" STYLEREFS="Style_4" VPOS="1030" WIDTH="34" WC="1.00" CC="00" TAGREFS=""/>
            <SP HPOS="1045" ID="SP_594.5.6.10" VPOS="1030" WIDTH="10"/>
            <String CONTENT="the" HEIGHT="34" HPOS="1055" ID="ST_594.5.6.11" STYLEREFS="Style_4" VPOS="1030" WIDTH="59" WC="0.82" CC="000" TAGREFS=""/>
            <SP HPOS="1114" ID="SP_594.5.6.12" VPOS="1030" WIDTH="9"/>
            <String CONTENT="codicil," HEIGHT="40" HPOS="1123" ID="ST_594.5.6.13" STYLEREFS="Style_4" VPOS="1030" WIDTH="134" WC="1.00" CC="00000000" TAGREFS=""/>
            <SP HPOS="1257" ID="SP_594.5.6.14" VPOS="1030" WIDTH="11"/>
            <String CONTENT="i.e." HEIGHT="34" HPOS="1268" ID="ST_594.5.6.15" STYLEREFS="Style_4" VPOS="1030" WIDTH="54" WC="0.92" CC="0000" TAGREFS=""/>
            <SP HPOS="1322" ID="SP_594.5.6.16" VPOS="1030" WIDTH="12"/>
            <String CONTENT="Bob" HEIGHT="33" HPOS="1334" ID="ST_594.5.6.17" STYLEREFS="Style_4" VPOS="1030" WIDTH="74" WC="0.86" CC="000" TAGREFS=""/>
            <SP HPOS="1408" ID="SP_594.5.6.18" VPOS="1029" WIDTH="10"/>
            <String CONTENT="Cisco" HEIGHT="35" HPOS="1418" ID="ST_594.5.6.19" STYLEREFS="Style_4" VPOS="1029" WIDTH="103" WC="0.96" CC="00000" TAGREFS=""/>
          </TextLine>
          <TextLine HEIGHT="44" HPOS="431" ID="TL_594.5.7" VPOS="1079" WIDTH="1089">
            <String CONTENT="and" HEIGHT="35" HPOS="431" ID="ST_594.5.7.1" STYLEREFS="Style_4" VPOS="1080" WIDTH="69" WC="0.98" CC="000" TAGREFS=""/>
            <SP HPOS="500" ID="SP_594.5.7.2" VPOS="1081" WIDTH="18"/>
            <String CONTENT="Dale" HEIGHT="34" HPOS="518" ID="ST_594.5.7.3" STYLEREFS="Style_4" VPOS="1081" WIDTH="89" WC="0.78" CC="0000" TAGREFS=""/>
            <SP HPOS="607" ID="SP_594.5.7.4" VPOS="1080" WIDTH="17"/>
            <String CONTENT="Cisco." HEIGHT="35" HPOS="624" ID="ST_594.5.7.5" STYLEREFS="Style_4" VPOS="1080" WIDTH="113" WC="1.00" CC="000000" TAGREFS=""/>
            <SP HPOS="737" ID="SP_594.5.7.6" VPOS="1080" WIDTH="18"/>
            <String CONTENT="Although" HEIGHT="43" HPOS="755" ID="ST_594.5.7.7" STYLEREFS="Style_4" VPOS="1080" WIDTH="180" WC="0.88" CC="00000000" TAGREFS=""/>
            <SP HPOS="935" ID="SP_594.5.7.8" VPOS="1080" WIDTH="17"/>
            <String CONTENT="‘any" HEIGHT="43" HPOS="952" ID="ST_594.5.7.9" STYLEREFS="Style_4" VPOS="1080" WIDTH="79" WC="0.83" CC="9000" TAGREFS=""/>
            <SP HPOS="1031" ID="SP_594.5.7.10" VPOS="1079" WIDTH="17"/>
            <String CONTENT="children’" HEIGHT="35" HPOS="1048" ID="ST_594.5.7.11" STYLEREFS="Style_4" VPOS="1079" WIDTH="166" WC="0.81" CC="000000009" TAGREFS=""/>
            <SP HPOS="1214" ID="SP_594.5.7.12" VPOS="1079" WIDTH="18"/>
            <String CONTENT="would" HEIGHT="35" HPOS="1232" ID="ST_594.5.7.13" STYLEREFS="Style_4" VPOS="1079" WIDTH="113" WC="1.00" CC="00000" TAGREFS=""/>
            <SP HPOS="1345" ID="SP_594.5.7.14" VPOS="1079" WIDTH="17"/>
            <String CONTENT="be" HEIGHT="34" HPOS="1362" ID="ST_594.5.7.15" STYLEREFS="Style_4" VPOS="1079" WIDTH="43" WC="1.00" CC="00" TAGREFS=""/>
            <SP HPOS="1405" ID="SP_594.5.7.16" VPOS="1090" WIDTH="17"/>
            <String CONTENT="syno-" HEIGHT="33" HPOS="1422" ID="ST_594.5.7.17" STYLEREFS="Style_4" VPOS="1090" WIDTH="98" WC="0.91" CC="00000" TAGREFS=""/>
          </TextLine>
          <TextLine HEIGHT="45" HPOS="431" ID="TL_594.5.8" VPOS="1128" WIDTH="1090">
            <String CONTENT="nomous" HEIGHT="24" HPOS="431" ID="ST_594.5.8.1" STYLEREFS="Style_4" VPOS="1141" WIDTH="144" WC="0.93" CC="000000" TAGREFS=""/>
            <SP HPOS="575" ID="SP_594.5.8.2" VPOS="1130" WIDTH="13"/>
            <String CONTENT="with" HEIGHT="35" HPOS="588" ID="ST_594.5.8.3" STYLEREFS="Style_4" VPOS="1130" WIDTH="82" WC="0.95" CC="0000" TAGREFS=""/>
            <SP HPOS="670" ID="SP_594.5.8.4" VPOS="1131" WIDTH="13"/>
            <String CONTENT="‘all" HEIGHT="34" HPOS="683" ID="ST_594.5.8.5" STYLEREFS="Style_4" VPOS="1131" WIDTH="57" WC="0.78" CC="9000" TAGREFS=""/>
            <SP HPOS="740" ID="SP_594.5.8.6" VPOS="1130" WIDTH="13"/>
            <String CONTENT="children’," HEIGHT="41" HPOS="753" ID="ST_594.5.8.7" STYLEREFS="Style_4" VPOS="1130" WIDTH="177" WC="0.94" CC="0000000099" TAGREFS=""/>
            <SP HPOS="930" ID="SP_594.5.8.8" VPOS="1129" WIDTH="14"/>
            <String CONTENT="the" HEIGHT="35" HPOS="944" ID="ST_594.5.8.9" STYLEREFS="Style_4" VPOS="1129" WIDTH="59" WC="1.00" CC="000" TAGREFS=""/>
            <SP HPOS="1003" ID="SP_594.5.8.10" VPOS="1130" WIDTH="12"/>
            <String CONTENT="key" HEIGHT="43" HPOS="1015" ID="ST_594.5.8.11" STYLEREFS="Style_4" VPOS="1130" WIDTH="64" WC="0.84" CC="000" TAGREFS=""/>
            <SP HPOS="1079" ID="SP_594.5.8.12" VPOS="1129" WIDTH="12"/>
            <String CONTENT="words" HEIGHT="35" HPOS="1091" ID="ST_594.5.8.13" STYLEREFS="Style_4" VPOS="1129" WIDTH="111" WC="0.88" CC="00000" TAGREFS=""/>
            <SP HPOS="1202" ID="SP_594.5.8.14" VPOS="1129" WIDTH="13"/>
            <String CONTENT="of" HEIGHT="35" HPOS="1215" ID="ST_594.5.8.15" STYLEREFS="Style_4" VPOS="1129" WIDTH="39" WC="1.00" CC="00" TAGREFS=""/>
            <SP HPOS="1254" ID="SP_594.5.8.16" VPOS="1128" WIDTH="9"/>
            <String CONTENT="limitation" HEIGHT="36" HPOS="1263" ID="ST_594.5.8.17" STYLEREFS="Style_4" VPOS="1128" WIDTH="186" WC="0.86" CC="0000000000" TAGREFS=""/>
            <SP HPOS="1449" ID="SP_594.5.8.18" VPOS="1140" WIDTH="13"/>
            <String CONTENT="are" HEIGHT="23" HPOS="1462" ID="ST_594.5.8.19" STYLEREFS="Style_4" VPOS="1140" WIDTH="59" WC="1.00" CC="000" TAGREFS=""/>
          </TextLine>
          <TextLine HEIGHT="43" HPOS="431" ID="TL_594.5.9" VPOS="1179" WIDTH="1090">
            <String CONTENT="‘if," HEIGHT="41" HPOS="431" ID="ST_594.5.9.1" STYLEREFS="Style_4" VPOS="1180" WIDTH="61" WC="0.73" CC="9099" TAGREFS=""/>
            <SP HPOS="492" ID="SP_594.5.9.2" VPOS="1180" WIDTH="19"/>
            <String CONTENT="‘should’," HEIGHT="40" HPOS="511" ID="ST_594.5.9.3" STYLEREFS="Style_4" VPOS="1180" WIDTH="157" WC="0.96" CC="900000099" TAGREFS=""/>
            <SP HPOS="668" ID="SP_594.5.9.4" VPOS="1180" WIDTH="18"/>
            <String CONTENT="and" HEIGHT="35" HPOS="686" ID="ST_594.5.9.5" STYLEREFS="Style_4" VPOS="1180" WIDTH="69" WC="1.00" CC="000" TAGREFS=""/>
            <SP HPOS="755" ID="SP_594.5.9.6" VPOS="1180" WIDTH="18"/>
            <String CONTENT="‘revert’." HEIGHT="35" HPOS="773" ID="ST_594.5.9.7" STYLEREFS="Style_4" VPOS="1180" WIDTH="144" WC="0.92" CC="900000099" TAGREFS=""/>
            <SP HPOS="917" ID="SP_594.5.9.8" VPOS="1179" WIDTH="19"/>
            <String CONTENT="The" HEIGHT="35" HPOS="936" ID="ST_594.5.9.9" STYLEREFS="Style_4" VPOS="1179" WIDTH="74" WC="0.96" CC="000" TAGREFS=""/>
            <SP HPOS="1010" ID="SP_594.5.9.10" VPOS="1180" WIDTH="16"/>
            <String CONTENT="testatrix’s" HEIGHT="34" HPOS="1026" ID="ST_594.5.9.11" STYLEREFS="Style_4" VPOS="1180" WIDTH="188" WC="1.00" CC="00000000000" TAGREFS=""/>
            <SP HPOS="1214" ID="SP_594.5.9.12" VPOS="1179" WIDTH="18"/>
            <String CONTENT="intention" HEIGHT="35" HPOS="1232" ID="ST_594.5.9.13" STYLEREFS="Style_4" VPOS="1179" WIDTH="169" WC="0.88" CC="000000000" TAGREFS=""/>
            <SP HPOS="1401" ID="SP_594.5.9.14" VPOS="1179" WIDTH="17"/>
            <String CONTENT="being" HEIGHT="43" HPOS="1418" ID="ST_594.5.9.15" STYLEREFS="Style_4" VPOS="1179" WIDTH="103" WC="0.96" CC="00000" TAGREFS=""/>
          </TextLine>
          <TextLine HEIGHT="45" HPOS="431" ID="TL_594.5.10" VPOS="1228" WIDTH="1090">
            <String CONTENT="children," HEIGHT="41" HPOS="431" ID="ST_594.5.10.1" STYLEREFS="Style_4" VPOS="1230" WIDTH="166" WC="0.94" CC="000000000" TAGREFS=""/>
            <SP HPOS="597" ID="SP_594.5.10.2" VPOS="1241" WIDTH="14"/>
            <String CONTENT="as" HEIGHT="23" HPOS="611" ID="ST_594.5.10.3" STYLEREFS="Style_4" VPOS="1241" WIDTH="37" WC="1.00" CC="00" TAGREFS=""/>
            <SP HPOS="648" ID="SP_594.5.10.4" VPOS="1229" WIDTH="14"/>
            <String CONTENT="named" HEIGHT="36" HPOS="662" ID="ST_594.5.10.5" STYLEREFS="Style_4" VPOS="1229" WIDTH="126" WC="0.98" CC="00000" TAGREFS=""/>
            <SP HPOS="788" ID="SP_594.5.10.6" VPOS="1229" WIDTH="13"/>
            <String CONTENT="specifically" HEIGHT="44" HPOS="801" ID="ST_594.5.10.7" STYLEREFS="Style_4" VPOS="1229" WIDTH="209" WC="0.97" CC="000000000000" TAGREFS=""/>
            <SP HPOS="1010" ID="SP_594.5.10.8" VPOS="1230" WIDTH="12"/>
            <String CONTENT="in" HEIGHT="34" HPOS="1022" ID="ST_594.5.10.9" STYLEREFS="Style_4" VPOS="1230" WIDTH="35" WC="0.99" CC="00" TAGREFS=""/>
            <SP HPOS="1057" ID="SP_594.5.10.10" VPOS="1229" WIDTH="13"/>
            <String CONTENT="the" HEIGHT="35" HPOS="1070" ID="ST_594.5.10.11" STYLEREFS="Style_4" VPOS="1229" WIDTH="59" WC="1.00" CC="000" TAGREFS=""/>
            <SP HPOS="1129" ID="SP_594.5.10.12" VPOS="1229" WIDTH="12"/>
            <String CONTENT="codicil," HEIGHT="40" HPOS="1141" ID="ST_594.5.10.13" STYLEREFS="Style_4" VPOS="1229" WIDTH="134" WC="0.99" CC="00000000" TAGREFS=""/>
            <SP HPOS="1275" ID="SP_594.5.10.14" VPOS="1229" WIDTH="14"/>
            <String CONTENT="whose" HEIGHT="35" HPOS="1289" ID="ST_594.5.10.15" STYLEREFS="Style_4" VPOS="1229" WIDTH="115" WC="0.83" CC="00000" TAGREFS=""/>
            <SP HPOS="1404" ID="SP_594.5.10.16" VPOS="1228" WIDTH="12"/>
            <String CONTENT="death" HEIGHT="36" HPOS="1416" ID="ST_594.5.10.17" STYLEREFS="Style_4" VPOS="1228" WIDTH="105" WC="0.97" CC="00000" TAGREFS=""/>
          </TextLine>
          <TextLine HEIGHT="45" HPOS="431" ID="TL_594.5.11" VPOS="1278" WIDTH="1090">
            <String CONTENT="may" HEIGHT="33" HPOS="431" ID="ST_594.5.11.1" STYLEREFS="Style_4" VPOS="1290" WIDTH="80" WC="1.00" CC="000" TAGREFS=""/>
            <SP HPOS="511" ID="SP_594.5.11.2" VPOS="1290" WIDTH="10"/>
            <String CONTENT="occur" HEIGHT="24" HPOS="521" ID="ST_594.5.11.3" STYLEREFS="Style_4" VPOS="1290" WIDTH="103" WC="0.92" CC="00000" TAGREFS=""/>
            <SP HPOS="624" ID="SP_594.5.11.4" VPOS="1279" WIDTH="10"/>
            <String CONTENT="subsequent" HEIGHT="44" HPOS="634" ID="ST_594.5.11.5" STYLEREFS="Style_4" VPOS="1279" WIDTH="210" WC="0.90" CC="0000000000" TAGREFS=""/>
            <SP HPOS="844" ID="SP_594.5.11.6" VPOS="1285" WIDTH="9"/>
            <String CONTENT="to" HEIGHT="29" HPOS="853" ID="ST_594.5.11.7" STYLEREFS="Style_4" VPOS="1285" WIDTH="36" WC="1.00" CC="00" TAGREFS=""/>
            <SP HPOS="889" ID="SP_594.5.11.8" VPOS="1280" WIDTH="10"/>
            <String CONTENT="the" HEIGHT="34" HPOS="899" ID="ST_594.5.11.9" STYLEREFS="Style_4" VPOS="1280" WIDTH="59" WC="0.81" CC="000" TAGREFS=""/>
            <SP HPOS="958" ID="SP_594.5.11.10" VPOS="1279" WIDTH="9"/>
            <String CONTENT="date" HEIGHT="35" HPOS="967" ID="ST_594.5.11.11" STYLEREFS="Style_4" VPOS="1279" WIDTH="82" WC="1.00" CC="0000" TAGREFS=""/>
            <SP HPOS="1049" ID="SP_594.5.11.12" VPOS="1279" WIDTH="8"/>
            <String CONTENT="of" HEIGHT="34" HPOS="1057" ID="ST_594.5.11.13" STYLEREFS="Style_4" VPOS="1279" WIDTH="40" WC="1.00" CC="00" TAGREFS=""/>
            <SP HPOS="1097" ID="SP_594.5.11.14" VPOS="1279" WIDTH="6"/>
            <String CONTENT="the" HEIGHT="34" HPOS="1103" ID="ST_594.5.11.15" STYLEREFS="Style_4" VPOS="1279" WIDTH="60" WC="0.93" CC="000" TAGREFS=""/>
            <SP HPOS="1163" ID="SP_594.5.11.16" VPOS="1279" WIDTH="8"/>
            <String CONTENT="codicil" HEIGHT="34" HPOS="1171" ID="ST_594.5.11.17" STYLEREFS="Style_4" VPOS="1279" WIDTH="124" WC="0.98" CC="0000000" TAGREFS=""/>
            <SP HPOS="1295" ID="SP_594.5.11.18" VPOS="1278" WIDTH="10"/>
            <String CONTENT="and" HEIGHT="35" HPOS="1305" ID="ST_594.5.11.19" STYLEREFS="Style_4" VPOS="1278" WIDTH="68" WC="0.78" CC="000" TAGREFS=""/>
            <SP HPOS="1373" ID="SP_594.5.11.20" VPOS="1278" WIDTH="11"/>
            <String CONTENT="prior" HEIGHT="44" HPOS="1384" ID="ST_594.5.11.21" STYLEREFS="Style_4" VPOS="1278" WIDTH="91" WC="1.00" CC="00000" TAGREFS=""/>
            <SP HPOS="1475" ID="SP_594.5.11.22" VPOS="1284" WIDTH="10"/>
            <String CONTENT="to" HEIGHT="29" HPOS="1485" ID="ST_594.5.11.23" STYLEREFS="Style_4" VPOS="1284" WIDTH="36" WC="1.00" CC="00" TAGREFS=""/>
          </TextLine>
          <TextLine HEIGHT="36" HPOS="430" ID="TL_594.5.12" VPOS="1328" WIDTH="1091">
            <String CONTENT="the" HEIGHT="34" HPOS="430" ID="ST_594.5.12.1" STYLEREFS="Style_4" VPOS="1330" WIDTH="60" WC="0.79" CC="000" TAGREFS=""/>
            <SP HPOS="490" ID="SP_594.5.12.2" VPOS="1329" WIDTH="13"/>
            <String CONTENT="date" HEIGHT="35" HPOS="503" ID="ST_594.5.12.3" STYLEREFS="Style_4" VPOS="1329" WIDTH="82" WC="1.00" CC="0000" TAGREFS=""/>
            <SP HPOS="585" ID="SP_594.5.12.4" VPOS="1329" WIDTH="13"/>
            <String CONTENT="of" HEIGHT="35" HPOS="598" ID="ST_594.5.12.5" STYLEREFS="Style_4" VPOS="1329" WIDTH="40" WC="1.00" CC="00" TAGREFS=""/>
            <SP HPOS="638" ID="SP_594.5.12.6" VPOS="1329" WIDTH="11"/>
            <String CONTENT="the" HEIGHT="35" HPOS="649" ID="ST_594.5.12.7" STYLEREFS="Style_4" VPOS="1329" WIDTH="60" WC="0.86" CC="000" TAGREFS=""/>
            <SP HPOS="709" ID="SP_594.5.12.8" VPOS="1330" WIDTH="13"/>
            <String CONTENT="testatrix’s" HEIGHT="34" HPOS="722" ID="ST_594.5.12.9" STYLEREFS="Style_4" VPOS="1330" WIDTH="187" WC="1.00" CC="00000000000" TAGREFS=""/>
            <SP HPOS="909" ID="SP_594.5.12.10" VPOS="1329" WIDTH="14"/>
            <String CONTENT="death." HEIGHT="35" HPOS="923" ID="ST_594.5.12.11" STYLEREFS="Style_4" VPOS="1329" WIDTH="116" WC="0.97" CC="000000" TAGREFS=""/>
            <SP HPOS="1039" ID="SP_594.5.12.12" VPOS="1329" WIDTH="15"/>
            <String CONTENT="The" HEIGHT="34" HPOS="1054" ID="ST_594.5.12.13" STYLEREFS="Style_4" VPOS="1329" WIDTH="75" WC="0.97" CC="000" TAGREFS=""/>
            <SP HPOS="1129" ID="SP_594.5.12.14" VPOS="1328" WIDTH="14"/>
            <String CONTENT="children" HEIGHT="35" HPOS="1143" ID="ST_594.5.12.15" STYLEREFS="Style_4" VPOS="1328" WIDTH="155" WC="0.81" CC="00000000" TAGREFS=""/>
            <SP HPOS="1298" ID="SP_594.5.12.16" VPOS="1328" WIDTH="15"/>
            <String CONTENT="of" HEIGHT="35" HPOS="1313" ID="ST_594.5.12.17" STYLEREFS="Style_4" VPOS="1328" WIDTH="39" WC="1.00" CC="00" TAGREFS=""/>
            <SP HPOS="1352" ID="SP_594.5.12.18" VPOS="1329" WIDTH="11"/>
            <String CONTENT="testatrix" HEIGHT="34" HPOS="1363" ID="ST_594.5.12.19" STYLEREFS="Style_4" VPOS="1329" WIDTH="158" WC="0.97" CC="000000000" TAGREFS=""/>
          </TextLine>
          <TextLine HEIGHT="44" HPOS="431" ID="TL_594.5.13" VPOS="1378" WIDTH="1090">
            <String CONTENT="who" HEIGHT="34" HPOS="431" ID="ST_594.5.13.1" STYLEREFS="Style_4" VPOS="1379" WIDTH="76" WC="1.00" CC="000" TAGREFS=""/>
            <SP HPOS="507" ID="SP_594.5.13.2" VPOS="1379" WIDTH="14"/>
            <String CONTENT="died" HEIGHT="34" HPOS="521" ID="ST_594.5.13.3" STYLEREFS="Style_4" VPOS="1379" WIDTH="79" WC="1.00" CC="0000" TAGREFS=""/>
            <SP HPOS="600" ID="SP_594.5.13.4" VPOS="1379" WIDTH="13"/>
            <String CONTENT="prior" HEIGHT="43" HPOS="613" ID="ST_594.5.13.5" STYLEREFS="Style_4" VPOS="1379" WIDTH="93" WC="0.96" CC="00000" TAGREFS=""/>
            <SP HPOS="706" ID="SP_594.5.13.6" VPOS="1385" WIDTH="13"/>
            <String CONTENT="to" HEIGHT="28" HPOS="719" ID="ST_594.5.13.7" STYLEREFS="Style_4" VPOS="1385" WIDTH="36" WC="1.00" CC="00" TAGREFS=""/>
            <SP HPOS="755" ID="SP_594.5.13.8" VPOS="1379" WIDTH="13"/>
            <String CONTENT="the" HEIGHT="34" HPOS="768" ID="ST_594.5.13.9" STYLEREFS="Style_4" VPOS="1379" WIDTH="59" WC="0.96" CC="000" TAGREFS=""/>
            <SP HPOS="827" ID="SP_594.5.13.10" VPOS="1379" WIDTH="13"/>
            <String CONTENT="date" HEIGHT="34" HPOS="840" ID="ST_594.5.13.11" STYLEREFS="Style_4" VPOS="1379" WIDTH="82" WC="1.00" CC="0000" TAGREFS=""/>
            <SP HPOS="922" ID="SP_594.5.13.12" VPOS="1378" WIDTH="13"/>
            <String CONTENT="of" HEIGHT="35" HPOS="935" ID="ST_594.5.13.13" STYLEREFS="Style_4" VPOS="1378" WIDTH="39" WC="0.96" CC="00" TAGREFS=""/>
            <SP HPOS="974" ID="SP_594.5.13.14" VPOS="1379" WIDTH="10"/>
            <String CONTENT="the" HEIGHT="34" HPOS="984" ID="ST_594.5.13.15" STYLEREFS="Style_4" VPOS="1379" WIDTH="59" WC="1.00" CC="000" TAGREFS=""/>
            <SP HPOS="1043" ID="SP_594.5.13.16" VPOS="1379" WIDTH="14"/>
            <String CONTENT="making" HEIGHT="42" HPOS="1057" ID="ST_594.5.13.17" STYLEREFS="Style_4" VPOS="1379" WIDTH="141" WC="0.95" CC="000000" TAGREFS=""/>
            <SP HPOS="1198" ID="SP_594.5.13.18" VPOS="1378" WIDTH="14"/>
            <String CONTENT="of" HEIGHT="34" HPOS="1212" ID="ST_594.5.13.19" STYLEREFS="Style_4" VPOS="1378" WIDTH="39" WC="1.00" CC="00" TAGREFS=""/>
            <SP HPOS="1251" ID="SP_594.5.13.20" VPOS="1378" WIDTH="11"/>
            <String CONTENT="the" HEIGHT="35" HPOS="1262" ID="ST_594.5.13.21" STYLEREFS="Style_4" VPOS="1378" WIDTH="59" WC="0.83" CC="000" TAGREFS=""/>
            <SP HPOS="1321" ID="SP_594.5.13.22" VPOS="1379" WIDTH="13"/>
            <String CONTENT="testatrix’s" HEIGHT="33" HPOS="1334" ID="ST_594.5.13.23" STYLEREFS="Style_4" VPOS="1379" WIDTH="187" WC="1.00" CC="00000000000" TAGREFS=""/>
          </TextLine>
          <TextLine HEIGHT="45" HPOS="431" ID="TL_594.5.14" VPOS="1427" WIDTH="1089">
            <String CONTENT="Last" HEIGHT="34" HPOS="431" ID="ST_594.5.14.1" STYLEREFS="Style_4" VPOS="1429" WIDTH="84" WC="1.00" CC="0000" TAGREFS=""/>
            <SP HPOS="515" ID="SP_594.5.14.2" VPOS="1429" WIDTH="16"/>
            <String CONTENT="Will" HEIGHT="34" HPOS="531" ID="ST_594.5.14.3" STYLEREFS="Style_4" VPOS="1429" WIDTH="81" WC="0.91" CC="0000" TAGREFS=""/>
            <SP HPOS="612" ID="SP_594.5.14.4" VPOS="1429" WIDTH="17"/>
            <String CONTENT="and" HEIGHT="34" HPOS="629" ID="ST_594.5.14.5" STYLEREFS="Style_4" VPOS="1429" WIDTH="69" WC="1.00" CC="000" TAGREFS=""/>
            <SP HPOS="698" ID="SP_594.5.14.6" VPOS="1430" WIDTH="15"/>
            <String CONTENT="Testament," HEIGHT="39" HPOS="713" ID="ST_594.5.14.7" STYLEREFS="Style_4" VPOS="1430" WIDTH="213" WC="0.95" CC="0000000000" TAGREFS=""/>
            <SP HPOS="926" ID="SP_594.5.14.8" VPOS="1428" WIDTH="17"/>
            <String CONTENT="i.e." HEIGHT="35" HPOS="943" ID="ST_594.5.14.9" STYLEREFS="Style_4" VPOS="1428" WIDTH="53" WC="0.92" CC="0000" TAGREFS=""/>
            <SP HPOS="996" ID="SP_594.5.14.10" VPOS="1430" WIDTH="17"/>
            <String CONTENT="Tommy" HEIGHT="42" HPOS="1013" ID="ST_594.5.14.11" STYLEREFS="Style_4" VPOS="1430" WIDTH="149" WC="0.93" CC="00000" TAGREFS=""/>
            <SP HPOS="1162" ID="SP_594.5.14.12" VPOS="1428" WIDTH="16"/>
            <String CONTENT="Donald" HEIGHT="35" HPOS="1178" ID="ST_594.5.14.13" STYLEREFS="Style_4" VPOS="1428" WIDTH="138" WC="0.90" CC="000000" TAGREFS=""/>
            <SP HPOS="1316" ID="SP_594.5.14.14" VPOS="1428" WIDTH="17"/>
            <String CONTENT="Cisco" HEIGHT="34" HPOS="1333" ID="ST_594.5.14.15" STYLEREFS="Style_4" VPOS="1428" WIDTH="102" WC="1.00" CC="00000" TAGREFS=""/>
            <SP HPOS="1435" ID="SP_594.5.14.16" VPOS="1427" WIDTH="16"/>
            <String CONTENT="and" HEIGHT="35" HPOS="1451" ID="ST_594.5.14.17" STYLEREFS="Style_4" VPOS="1427" WIDTH="69" WC="0.90" CC="000" TAGREFS=""/>
          </TextLine>
          <TextLine HEIGHT="44" HPOS="431" ID="TL_594.5.15" VPOS="1477" WIDTH="1089">
            <String CONTENT="Ethmer" HEIGHT="35" HPOS="431" ID="ST_594.5.15.1" STYLEREFS="Style_4" VPOS="1478" WIDTH="144" WC="0.77" CC="000000" TAGREFS=""/>
            <SP HPOS="575" ID="SP_594.5.15.2" VPOS="1478" WIDTH="10"/>
            <String CONTENT="Edwin" HEIGHT="35" HPOS="585" ID="ST_594.5.15.3" STYLEREFS="Style_4" VPOS="1478" WIDTH="120" WC="0.99" CC="00000" TAGREFS=""/>
            <SP HPOS="705" ID="SP_594.5.15.4" VPOS="1478" WIDTH="11"/>
            <String CONTENT="Cisco," HEIGHT="41" HPOS="716" ID="ST_594.5.15.5" STYLEREFS="Style_4" VPOS="1478" WIDTH="113" WC="1.00" CC="000000" TAGREFS=""/>
            <SP HPOS="829" ID="SP_594.5.15.6" VPOS="1489" WIDTH="11"/>
            <String CONTENT="were" HEIGHT="24" HPOS="840" ID="ST_594.5.15.7" STYLEREFS="Style_4" VPOS="1489" WIDTH="90" WC="0.99" CC="0000" TAGREFS=""/>
            <SP HPOS="930" ID="SP_594.5.15.8" VPOS="1483" WIDTH="9"/>
            <String CONTENT="not" HEIGHT="30" HPOS="939" ID="ST_594.5.15.9" STYLEREFS="Style_4" VPOS="1483" WIDTH="59" WC="1.00" CC="000" TAGREFS=""/>
            <SP HPOS="998" ID="SP_594.5.15.10" VPOS="1478" WIDTH="10"/>
            <String CONTENT="mentioned" HEIGHT="35" HPOS="1008" ID="ST_594.5.15.11" STYLEREFS="Style_4" VPOS="1478" WIDTH="199" WC="0.91" CC="000000000" TAGREFS=""/>
            <SP HPOS="1207" ID="SP_594.5.15.12" VPOS="1477" WIDTH="10"/>
            <String CONTENT="specifically" HEIGHT="44" HPOS="1217" ID="ST_594.5.15.13" STYLEREFS="Style_4" VPOS="1477" WIDTH="209" WC="0.93" CC="000000000000" TAGREFS=""/>
            <SP HPOS="1426" ID="SP_594.5.15.14" VPOS="1489" WIDTH="9"/>
            <String CONTENT="or" HEIGHT="23" HPOS="1435" ID="ST_594.5.15.15" STYLEREFS="Style_4" VPOS="1489" WIDTH="38" WC="1.00" CC="00" TAGREFS=""/>
            <SP HPOS="1473" ID="SP_594.5.15.16" VPOS="1488" WIDTH="10"/>
            <String CONTENT="as" HEIGHT="24" HPOS="1483" ID="ST_594.5.15.17" STYLEREFS="Style_4" VPOS="1488" WIDTH="37" WC="1.00" CC="00" TAGREFS=""/>
          </TextLine>
          <TextLine HEIGHT="44" HPOS="431" ID="TL_594.5.16" VPOS="1527" WIDTH="1090">
            <String CONTENT="a" HEIGHT="24" HPOS="431" ID="ST_594.5.16.1" STYLEREFS="Style_4" VPOS="1539" WIDTH="20" WC="1.00" CC="0" TAGREFS=""/>
            <SP HPOS="451" ID="SP_594.5.16.2" VPOS="1529" WIDTH="17"/>
            <String CONTENT="member" HEIGHT="34" HPOS="468" ID="ST_594.5.16.3" STYLEREFS="Style_4" VPOS="1529" WIDTH="155" WC="1.00" CC="000000" TAGREFS=""/>
            <SP HPOS="623" ID="SP_594.5.16.4" VPOS="1528" WIDTH="17"/>
            <String CONTENT="of" HEIGHT="35" HPOS="640" ID="ST_594.5.16.5" STYLEREFS="Style_4" VPOS="1528" WIDTH="39" WC="1.00" CC="00" TAGREFS=""/>
            <SP HPOS="679" ID="SP_594.5.16.6" VPOS="1540" WIDTH="13"/>
            <String CONTENT="a" HEIGHT="23" HPOS="692" ID="ST_594.5.16.7" STYLEREFS="Style_4" VPOS="1540" WIDTH="20" WC="1.00" CC="0" TAGREFS=""/>
            <SP HPOS="712" ID="SP_594.5.16.8" VPOS="1529" WIDTH="16"/>
            <String CONTENT="class;" HEIGHT="39" HPOS="728" ID="ST_594.5.16.9" STYLEREFS="Style_4" VPOS="1529" WIDTH="100" WC="0.95" CC="000000" TAGREFS=""/>
            <SP HPOS="828" ID="SP_594.5.16.10" VPOS="1528" WIDTH="17"/>
            <String CONTENT="therefore," HEIGHT="41" HPOS="845" ID="ST_594.5.16.11" STYLEREFS="Style_4" VPOS="1528" WIDTH="184" WC="0.89" CC="0000000000" TAGREFS=""/>
            <SP HPOS="1029" ID="SP_594.5.16.12" VPOS="1528" WIDTH="17"/>
            <String CONTENT="the" HEIGHT="34" HPOS="1046" ID="ST_594.5.16.13" STYLEREFS="Style_4" VPOS="1528" WIDTH="59" WC="1.00" CC="000" TAGREFS=""/>
            <SP HPOS="1105" ID="SP_594.5.16.14" VPOS="1528" WIDTH="16"/>
            <String CONTENT="petitioners" HEIGHT="43" HPOS="1121" ID="ST_594.5.16.15" STYLEREFS="Style_4" VPOS="1528" WIDTH="200" WC="0.99" CC="00000000000" TAGREFS=""/>
            <SP HPOS="1321" ID="SP_594.5.16.16" VPOS="1527" WIDTH="16"/>
            <String CONTENT="under" HEIGHT="35" HPOS="1337" ID="ST_594.5.16.17" STYLEREFS="Style_4" VPOS="1527" WIDTH="109" WC="0.85" CC="00000" TAGREFS=""/>
            <SP HPOS="1446" ID="SP_594.5.16.18" VPOS="1528" WIDTH="16"/>
            <String CONTENT="the" HEIGHT="34" HPOS="1462" ID="ST_594.5.16.19" STYLEREFS="Style_4" VPOS="1528" WIDTH="59" WC="0.93" CC="000" TAGREFS=""/>
          </TextLine>
          <TextLine HEIGHT="45" HPOS="431" ID="TL_594.5.17" VPOS="1577" WIDTH="1089">
            <String CONTENT="provisions" HEIGHT="44" HPOS="431" ID="ST_594.5.17.1" STYLEREFS="Style_4" VPOS="1578" WIDTH="187" WC="1.00" CC="0000000000" TAGREFS=""/>
            <SP HPOS="618" ID="SP_594.5.17.2" VPOS="1577" WIDTH="21"/>
            <String CONTENT="of" HEIGHT="35" HPOS="639" ID="ST_594.5.17.3" STYLEREFS="Style_4" VPOS="1577" WIDTH="39" WC="0.95" CC="00" TAGREFS=""/>
            <SP HPOS="678" ID="SP_594.5.17.4" VPOS="1579" WIDTH="17"/>
            <String CONTENT="Ark." HEIGHT="33" HPOS="695" ID="ST_594.5.17.5" STYLEREFS="Style_4" VPOS="1579" WIDTH="85" WC="1.00" CC="0000" TAGREFS=""/>
            <SP HPOS="780" ID="SP_594.5.17.6" VPOS="1578" WIDTH="22"/>
            <String CONTENT="Stat." HEIGHT="35" HPOS="802" ID="ST_594.5.17.7" STYLEREFS="Style_4" VPOS="1578" WIDTH="89" WC="1.00" CC="00000" TAGREFS=""/>
            <SP HPOS="891" ID="SP_594.5.17.8" VPOS="1579" WIDTH="22"/>
            <String CONTENT="Ann." HEIGHT="33" HPOS="913" ID="ST_594.5.17.9" STYLEREFS="Style_4" VPOS="1579" WIDTH="92" WC="0.85" CC="0000" TAGREFS=""/>
            <SP HPOS="1005" ID="SP_594.5.17.10" VPOS="1577" WIDTH="24"/>
            <String CONTENT="60-507(b)" HEIGHT="43" HPOS="1029" ID="ST_594.5.17.11" STYLEREFS="Style_4" VPOS="1577" WIDTH="189" WC="0.96" CC="000009900" TAGREFS=""/>
            <SP HPOS="1218" ID="SP_594.5.17.12" VPOS="1588" WIDTH="24"/>
            <String CONTENT="are" HEIGHT="24" HPOS="1242" ID="ST_594.5.17.13" STYLEREFS="Style_4" VPOS="1588" WIDTH="59" WC="1.00" CC="000" TAGREFS=""/>
            <SP HPOS="1301" ID="SP_594.5.17.14" VPOS="1577" WIDTH="20"/>
            <String CONTENT="entitled" HEIGHT="35" HPOS="1321" ID="ST_594.5.17.15" STYLEREFS="Style_4" VPOS="1577" WIDTH="143" WC="0.91" CC="00000000" TAGREFS=""/>
            <SP HPOS="1464" ID="SP_594.5.17.16" VPOS="1582" WIDTH="20"/>
            <String CONTENT="to" HEIGHT="30" HPOS="1484" ID="ST_594.5.17.17" STYLEREFS="Style_4" VPOS="1582" WIDTH="36" WC="1.00" CC="00" TAGREFS=""/>
          </TextLine>
          <TextLine HEIGHT="44" HPOS="431" ID="TL_594.5.18" VPOS="1627" WIDTH="1089">
            <String CONTENT="recover" HEIGHT="24" HPOS="431" ID="ST_594.5.18.1" STYLEREFS="Style_4" VPOS="1638" WIDTH="137" WC="1.00" CC="0000000" TAGREFS=""/>
            <SP HPOS="568" ID="SP_594.5.18.2" VPOS="1639" WIDTH="13"/>
            <String CONTENT="a" HEIGHT="23" HPOS="581" ID="ST_594.5.18.3" STYLEREFS="Style_4" VPOS="1639" WIDTH="20" WC="1.00" CC="0" TAGREFS=""/>
            <SP HPOS="601" ID="SP_594.5.18.4" VPOS="1628" WIDTH="14"/>
            <String CONTENT="representative" HEIGHT="43" HPOS="615" ID="ST_594.5.18.5" STYLEREFS="Style_4" VPOS="1628" WIDTH="268" WC="0.95" CC="00000000000000" TAGREFS=""/>
            <SP HPOS="883" ID="SP_594.5.18.6" VPOS="1628" WIDTH="12"/>
            <String CONTENT="share" HEIGHT="34" HPOS="895" ID="ST_594.5.18.7" STYLEREFS="Style_4" VPOS="1628" WIDTH="102" WC="0.89" CC="00000" TAGREFS=""/>
            <SP HPOS="997" ID="SP_594.5.18.8" VPOS="1627" WIDTH="11"/>
            <String CONTENT="of" HEIGHT="35" HPOS="1008" ID="ST_594.5.18.9" STYLEREFS="Style_4" VPOS="1627" WIDTH="40" WC="0.92" CC="00" TAGREFS=""/>
            <SP HPOS="1048" ID="SP_594.5.18.10" VPOS="1627" WIDTH="9"/>
            <String CONTENT="the" HEIGHT="35" HPOS="1057" ID="ST_594.5.18.11" STYLEREFS="Style_4" VPOS="1627" WIDTH="60" WC="0.86" CC="000" TAGREFS=""/>
            <SP HPOS="1117" ID="SP_594.5.18.12" VPOS="1627" WIDTH="12"/>
            <String CONTENT="deceased" HEIGHT="35" HPOS="1129" ID="ST_594.5.18.13" STYLEREFS="Style_4" VPOS="1627" WIDTH="168" WC="0.89" CC="00000000" TAGREFS=""/>
            <SP HPOS="1297" ID="SP_594.5.18.14" VPOS="1628" WIDTH="14"/>
            <String CONTENT="issue" HEIGHT="33" HPOS="1311" ID="ST_594.5.18.15" STYLEREFS="Style_4" VPOS="1628" WIDTH="90" WC="1.00" CC="00000" TAGREFS=""/>
            <SP HPOS="1401" ID="SP_594.5.18.16" VPOS="1627" WIDTH="12"/>
            <String CONTENT="of" HEIGHT="35" HPOS="1413" ID="ST_594.5.18.17" STYLEREFS="Style_4" VPOS="1627" WIDTH="39" WC="0.97" CC="00" TAGREFS=""/>
            <SP HPOS="1452" ID="SP_594.5.18.18" VPOS="1627" WIDTH="9"/>
            <String CONTENT="the" HEIGHT="35" HPOS="1461" ID="ST_594.5.18.19" STYLEREFS="Style_4" VPOS="1627" WIDTH="59" WC="1.00" CC="000" TAGREFS=""/>
          </TextLine>
          <TextLine HEIGHT="45" HPOS="431" ID="TL_594.5.19" VPOS="1676" WIDTH="640">
            <String CONTENT="testatrix" HEIGHT="34" HPOS="431" ID="ST_594.5.19.1" STYLEREFS="Style_4" VPOS="1678" WIDTH="158" WC="1.00" CC="000000000" TAGREFS=""/>
            <SP HPOS="589" ID="SP_594.5.19.2" VPOS="1688" WIDTH="21"/>
            <String CONTENT="as" HEIGHT="23" HPOS="610" ID="ST_594.5.19.3" STYLEREFS="Style_4" VPOS="1688" WIDTH="37" WC="1.00" CC="00" TAGREFS=""/>
            <SP HPOS="647" ID="SP_594.5.19.4" VPOS="1688" WIDTH="21"/>
            <String CONTENT="a" HEIGHT="24" HPOS="668" ID="ST_594.5.19.5" STYLEREFS="Style_4" VPOS="1688" WIDTH="20" WC="1.00" CC="0" TAGREFS=""/>
            <SP HPOS="688" ID="SP_594.5.19.6" VPOS="1676" WIDTH="20"/>
            <String CONTENT="pretermitted" HEIGHT="45" HPOS="708" ID="ST_594.5.19.7" STYLEREFS="Style_4" VPOS="1676" WIDTH="239" WC="0.97" CC="000000000000" TAGREFS=""/>
            <SP HPOS="947" ID="SP_594.5.19.8" VPOS="1677" WIDTH="20"/>
            <String CONTENT="child." HEIGHT="34" HPOS="967" ID="ST_594.5.19.9" STYLEREFS="Style_4" VPOS="1677" WIDTH="104" WC="0.96" CC="000000" TAGREFS=""/>
          </TextLine>
        </TextBlock>
        <TextBlock HEIGHT="335.0" HPOS="306.0" ID="BL_594.6" TAGREFS="b594-8" VPOS="1767.0" WIDTH="1215.0">
          <TextLine HEIGHT="45" HPOS="307" ID="TL_594.6.1" VPOS="1767" WIDTH="1212">
            <String CONTENT="We" HEIGHT="33" HPOS="307" ID="ST_594.6.1.1" STYLEREFS="Style_4" VPOS="1769" WIDTH="65" WC="1.00" CC="00" TAGREFS=""/>
            <SP HPOS="372" ID="SP_594.6.1.2" VPOS="1780" WIDTH="13"/>
            <String CONTENT="agree" HEIGHT="32" HPOS="385" ID="ST_594.6.1.3" STYLEREFS="Style_4" VPOS="1780" WIDTH="103" WC="1.00" CC="00000" TAGREFS=""/>
            <SP HPOS="488" ID="SP_594.6.1.4" VPOS="1769" WIDTH="11"/>
            <String CONTENT="with" HEIGHT="34" HPOS="499" ID="ST_594.6.1.5" STYLEREFS="Style_4" VPOS="1769" WIDTH="83" WC="1.00" CC="0000" TAGREFS=""/>
            <SP HPOS="582" ID="SP_594.6.1.6" VPOS="1768" WIDTH="13"/>
            <String CONTENT="the" HEIGHT="35" HPOS="595" ID="ST_594.6.1.7" STYLEREFS="Style_4" VPOS="1768" WIDTH="59" WC="0.95" CC="000" TAGREFS=""/>
            <SP HPOS="654" ID="SP_594.6.1.8" VPOS="1769" WIDTH="12"/>
            <String CONTENT="trial" HEIGHT="34" HPOS="666" ID="ST_594.6.1.9" STYLEREFS="Style_4" VPOS="1769" WIDTH="79" WC="0.98" CC="00000" TAGREFS=""/>
            <SP HPOS="745" ID="SP_594.6.1.10" VPOS="1774" WIDTH="12"/>
            <String CONTENT="court" HEIGHT="29" HPOS="757" ID="ST_594.6.1.11" STYLEREFS="Style_4" VPOS="1774" WIDTH="99" WC="0.91" CC="00000" TAGREFS=""/>
            <SP HPOS="856" ID="SP_594.6.1.12" VPOS="1769" WIDTH="11"/>
            <String CONTENT="that" HEIGHT="34" HPOS="867" ID="ST_594.6.1.13" STYLEREFS="Style_4" VPOS="1769" WIDTH="78" WC="0.89" CC="0000" TAGREFS=""/>
            <SP HPOS="945" ID="SP_594.6.1.14" VPOS="1768" WIDTH="12"/>
            <String CONTENT="the" HEIGHT="35" HPOS="957" ID="ST_594.6.1.15" STYLEREFS="Style_4" VPOS="1768" WIDTH="59" WC="0.91" CC="000" TAGREFS=""/>
            <SP HPOS="1016" ID="SP_594.6.1.16" VPOS="1768" WIDTH="12"/>
            <String CONTENT="phrase" HEIGHT="44" HPOS="1028" ID="ST_594.6.1.17" STYLEREFS="Style_4" VPOS="1768" WIDTH="126" WC="0.97" CC="000000" TAGREFS=""/>
            <SP HPOS="1154" ID="SP_594.6.1.18" VPOS="1768" WIDTH="12"/>
            <String CONTENT="“my" HEIGHT="43" HPOS="1166" ID="ST_594.6.1.19" STYLEREFS="Style_4" VPOS="1768" WIDTH="82" WC="0.62" CC="900" TAGREFS=""/>
            <SP HPOS="1248" ID="SP_594.6.1.20" VPOS="1767" WIDTH="12"/>
            <String CONTENT="children”" HEIGHT="35" HPOS="1260" ID="ST_594.6.1.21" STYLEREFS="Style_4" VPOS="1767" WIDTH="176" WC="0.82" CC="000000009" TAGREFS=""/>
            <SP HPOS="1436" ID="SP_594.6.1.22" VPOS="1779" WIDTH="13"/>
            <String CONTENT="was" HEIGHT="23" HPOS="1449" ID="ST_594.6.1.23" STYLEREFS="Style_4" VPOS="1779" WIDTH="70" WC="0.91" CC="000" TAGREFS=""/>
          </TextLine>
          <TextLine HEIGHT="45" HPOS="307" ID="TL_594.6.2" VPOS="1817" WIDTH="1213">
            <String CONTENT="referring" HEIGHT="44" HPOS="307" ID="ST_594.6.2.1" STYLEREFS="Style_4" VPOS="1818" WIDTH="168" WC="0.97" CC="000000000" TAGREFS=""/>
            <SP HPOS="475" ID="SP_594.6.2.2" VPOS="1823" WIDTH="17"/>
            <String CONTENT="to" HEIGHT="30" HPOS="492" ID="ST_594.6.2.3" STYLEREFS="Style_4" VPOS="1823" WIDTH="35" WC="1.00" CC="00" TAGREFS=""/>
            <SP HPOS="527" ID="SP_594.6.2.4" VPOS="1819" WIDTH="16"/>
            <String CONTENT="only" HEIGHT="43" HPOS="543" ID="ST_594.6.2.5" STYLEREFS="Style_4" VPOS="1819" WIDTH="80" WC="0.89" CC="0000" TAGREFS=""/>
            <SP HPOS="623" ID="SP_594.6.2.6" VPOS="1818" WIDTH="17"/>
            <String CONTENT="the" HEIGHT="35" HPOS="640" ID="ST_594.6.2.7" STYLEREFS="Style_4" VPOS="1818" WIDTH="59" WC="0.94" CC="000" TAGREFS=""/>
            <SP HPOS="699" ID="SP_594.6.2.8" VPOS="1817" WIDTH="16"/>
            <String CONTENT="children" HEIGHT="36" HPOS="715" ID="ST_594.6.2.9" STYLEREFS="Style_4" VPOS="1817" WIDTH="154" WC="0.89" CC="00000000" TAGREFS=""/>
            <SP HPOS="869" ID="SP_594.6.2.10" VPOS="1818" WIDTH="17"/>
            <String CONTENT="living" HEIGHT="43" HPOS="886" ID="ST_594.6.2.11" STYLEREFS="Style_4" VPOS="1818" WIDTH="104" WC="0.94" CC="000000" TAGREFS=""/>
            <SP HPOS="990" ID="SP_594.6.2.12" VPOS="1823" WIDTH="18"/>
            <String CONTENT="at" HEIGHT="30" HPOS="1008" ID="ST_594.6.2.13" STYLEREFS="Style_4" VPOS="1823" WIDTH="36" WC="1.00" CC="00" TAGREFS=""/>
            <SP HPOS="1044" ID="SP_594.6.2.14" VPOS="1818" WIDTH="16"/>
            <String CONTENT="the" HEIGHT="34" HPOS="1060" ID="ST_594.6.2.15" STYLEREFS="Style_4" VPOS="1818" WIDTH="60" WC="1.00" CC="000" TAGREFS=""/>
            <SP HPOS="1120" ID="SP_594.6.2.16" VPOS="1818" WIDTH="16"/>
            <String CONTENT="time" HEIGHT="35" HPOS="1136" ID="ST_594.6.2.17" STYLEREFS="Style_4" VPOS="1818" WIDTH="85" WC="1.00" CC="0000" TAGREFS=""/>
            <SP HPOS="1221" ID="SP_594.6.2.18" VPOS="1817" WIDTH="16"/>
            <String CONTENT="the" HEIGHT="36" HPOS="1237" ID="ST_594.6.2.19" STYLEREFS="Style_4" VPOS="1817" WIDTH="59" WC="0.82" CC="000" TAGREFS=""/>
            <SP HPOS="1296" ID="SP_594.6.2.20" VPOS="1817" WIDTH="15"/>
            <String CONTENT="codicil" HEIGHT="35" HPOS="1311" ID="ST_594.6.2.21" STYLEREFS="Style_4" VPOS="1817" WIDTH="122" WC="0.95" CC="0000000" TAGREFS=""/>
            <SP HPOS="1433" ID="SP_594.6.2.22" VPOS="1828" WIDTH="17"/>
            <String CONTENT="was" HEIGHT="24" HPOS="1450" ID="ST_594.6.2.23" STYLEREFS="Style_4" VPOS="1828" WIDTH="70" WC="1.00" CC="000" TAGREFS=""/>
          </TextLine>
          <TextLine HEIGHT="45" HPOS="307" ID="TL_594.6.3" VPOS="1867" WIDTH="1212">
            <String CONTENT="executed." HEIGHT="35" HPOS="307" ID="ST_594.6.3.1" STYLEREFS="Style_4" VPOS="1868" WIDTH="177" WC="0.93" CC="000000000" TAGREFS=""/>
            <SP HPOS="484" ID="SP_594.6.3.2" VPOS="1869" WIDTH="15"/>
            <String CONTENT="Tommy" HEIGHT="43" HPOS="499" ID="ST_594.6.3.3" STYLEREFS="Style_4" VPOS="1869" WIDTH="148" WC="0.86" CC="00000" TAGREFS=""/>
            <SP HPOS="647" ID="SP_594.6.3.4" VPOS="1868" WIDTH="15"/>
            <String CONTENT="and" HEIGHT="35" HPOS="662" ID="ST_594.6.3.5" STYLEREFS="Style_4" VPOS="1868" WIDTH="68" WC="0.85" CC="000" TAGREFS=""/>
            <SP HPOS="730" ID="SP_594.6.3.6" VPOS="1868" WIDTH="15"/>
            <String CONTENT="Ethmer" HEIGHT="35" HPOS="745" ID="ST_594.6.3.7" STYLEREFS="Style_4" VPOS="1868" WIDTH="144" WC="0.86" CC="000000" TAGREFS=""/>
            <SP HPOS="889" ID="SP_594.6.3.8" VPOS="1868" WIDTH="15"/>
            <String CONTENT="Cisco" HEIGHT="35" HPOS="904" ID="ST_594.6.3.9" STYLEREFS="Style_4" VPOS="1868" WIDTH="103" WC="0.94" CC="00000" TAGREFS=""/>
            <SP HPOS="1007" ID="SP_594.6.3.10" VPOS="1878" WIDTH="14"/>
            <String CONTENT="were" HEIGHT="24" HPOS="1021" ID="ST_594.6.3.11" STYLEREFS="Style_4" VPOS="1878" WIDTH="90" WC="0.94" CC="0000" TAGREFS=""/>
            <SP HPOS="1111" ID="SP_594.6.3.12" VPOS="1873" WIDTH="14"/>
            <String CONTENT="not" HEIGHT="29" HPOS="1125" ID="ST_594.6.3.13" STYLEREFS="Style_4" VPOS="1873" WIDTH="60" WC="0.79" CC="000" TAGREFS=""/>
            <SP HPOS="1185" ID="SP_594.6.3.14" VPOS="1872" WIDTH="14"/>
            <String CONTENT="part" HEIGHT="40" HPOS="1199" ID="ST_594.6.3.15" STYLEREFS="Style_4" VPOS="1872" WIDTH="78" WC="1.00" CC="0000" TAGREFS=""/>
            <SP HPOS="1277" ID="SP_594.6.3.16" VPOS="1867" WIDTH="14"/>
            <String CONTENT="of" HEIGHT="35" HPOS="1291" ID="ST_594.6.3.17" STYLEREFS="Style_4" VPOS="1867" WIDTH="40" WC="1.00" CC="00" TAGREFS=""/>
            <SP HPOS="1331" ID="SP_594.6.3.18" VPOS="1868" WIDTH="10"/>
            <String CONTENT="that" HEIGHT="34" HPOS="1341" ID="ST_594.6.3.19" STYLEREFS="Style_4" VPOS="1868" WIDTH="76" WC="0.84" CC="0000" TAGREFS=""/>
            <SP HPOS="1417" ID="SP_594.6.3.20" VPOS="1868" WIDTH="14"/>
            <String CONTENT="class" HEIGHT="34" HPOS="1431" ID="ST_594.6.3.21" STYLEREFS="Style_4" VPOS="1868" WIDTH="88" WC="0.87" CC="00000" TAGREFS=""/>
          </TextLine>
          <TextLine HEIGHT="45" HPOS="307" ID="TL_594.6.4" VPOS="1917" WIDTH="1213">
            <String CONTENT="because" HEIGHT="35" HPOS="307" ID="ST_594.6.4.1" STYLEREFS="Style_4" VPOS="1918" WIDTH="149" WC="1.00" CC="0000000" TAGREFS=""/>
            <SP HPOS="456" ID="SP_594.6.4.2" VPOS="1918" WIDTH="9"/>
            <String CONTENT="they" HEIGHT="44" HPOS="465" ID="ST_594.6.4.3" STYLEREFS="Style_4" VPOS="1918" WIDTH="82" WC="0.93" CC="0000" TAGREFS=""/>
            <SP HPOS="547" ID="SP_594.6.4.4" VPOS="1918" WIDTH="11"/>
            <String CONTENT="passed" HEIGHT="44" HPOS="558" ID="ST_594.6.4.5" STYLEREFS="Style_4" VPOS="1918" WIDTH="123" WC="1.00" CC="000000" TAGREFS=""/>
            <SP HPOS="681" ID="SP_594.6.4.6" VPOS="1929" WIDTH="11"/>
            <String CONTENT="away" HEIGHT="33" HPOS="692" ID="ST_594.6.4.7" STYLEREFS="Style_4" VPOS="1929" WIDTH="98" WC="1.00" CC="0000" TAGREFS=""/>
            <SP HPOS="790" ID="SP_594.6.4.8" VPOS="1919" WIDTH="11"/>
            <String CONTENT="prior" HEIGHT="43" HPOS="801" ID="ST_594.6.4.9" STYLEREFS="Style_4" VPOS="1919" WIDTH="92" WC="0.95" CC="00000" TAGREFS=""/>
            <SP HPOS="893" ID="SP_594.6.4.10" VPOS="1923" WIDTH="10"/>
            <String CONTENT="to" HEIGHT="29" HPOS="903" ID="ST_594.6.4.11" STYLEREFS="Style_4" VPOS="1923" WIDTH="36" WC="1.00" CC="00" TAGREFS=""/>
            <SP HPOS="939" ID="SP_594.6.4.12" VPOS="1918" WIDTH="10"/>
            <String CONTENT="the" HEIGHT="34" HPOS="949" ID="ST_594.6.4.13" STYLEREFS="Style_4" VPOS="1918" WIDTH="60" WC="0.84" CC="000" TAGREFS=""/>
            <SP HPOS="1009" ID="SP_594.6.4.14" VPOS="1918" WIDTH="10"/>
            <String CONTENT="execution" HEIGHT="34" HPOS="1019" ID="ST_594.6.4.15" STYLEREFS="Style_4" VPOS="1918" WIDTH="182" WC="0.99" CC="000000000" TAGREFS=""/>
            <SP HPOS="1201" ID="SP_594.6.4.16" VPOS="1917" WIDTH="10"/>
            <String CONTENT="of" HEIGHT="35" HPOS="1211" ID="ST_594.6.4.17" STYLEREFS="Style_4" VPOS="1917" WIDTH="39" WC="1.00" CC="00" TAGREFS=""/>
            <SP HPOS="1250" ID="SP_594.6.4.18" VPOS="1917" WIDTH="8"/>
            <String CONTENT="the" HEIGHT="35" HPOS="1258" ID="ST_594.6.4.19" STYLEREFS="Style_4" VPOS="1917" WIDTH="59" WC="0.95" CC="000" TAGREFS=""/>
            <SP HPOS="1317" ID="SP_594.6.4.20" VPOS="1917" WIDTH="10"/>
            <String CONTENT="will." HEIGHT="34" HPOS="1327" ID="ST_594.6.4.21" STYLEREFS="Style_4" VPOS="1917" WIDTH="78" WC="0.90" CC="00000" TAGREFS=""/>
            <SP HPOS="1405" ID="SP_594.6.4.22" VPOS="1917" WIDTH="12"/>
            <String CONTENT="Since" HEIGHT="35" HPOS="1417" ID="ST_594.6.4.23" STYLEREFS="Style_4" VPOS="1917" WIDTH="103" WC="1.00" CC="00000" TAGREFS=""/>
          </TextLine>
          <TextLine HEIGHT="45" HPOS="307" ID="TL_594.6.5" VPOS="1966" WIDTH="1214">
            <String CONTENT="neither" HEIGHT="34" HPOS="307" ID="ST_594.6.5.1" STYLEREFS="Style_4" VPOS="1968" WIDTH="134" WC="0.94" CC="0000000" TAGREFS=""/>
            <SP HPOS="441" ID="SP_594.6.5.2" VPOS="1968" WIDTH="13"/>
            <String CONTENT="they" HEIGHT="43" HPOS="454" ID="ST_594.6.5.3" STYLEREFS="Style_4" VPOS="1968" WIDTH="81" WC="0.85" CC="0000" TAGREFS=""/>
            <SP HPOS="535" ID="SP_594.6.5.4" VPOS="1979" WIDTH="13"/>
            <String CONTENT="nor" HEIGHT="23" HPOS="548" ID="ST_594.6.5.5" STYLEREFS="Style_4" VPOS="1979" WIDTH="62" WC="1.00" CC="000" TAGREFS=""/>
            <SP HPOS="610" ID="SP_594.6.5.6" VPOS="1968" WIDTH="12"/>
            <String CONTENT="the" HEIGHT="34" HPOS="622" ID="ST_594.6.5.7" STYLEREFS="Style_4" VPOS="1968" WIDTH="59" WC="0.96" CC="000" TAGREFS=""/>
            <SP HPOS="681" ID="SP_594.6.5.8" VPOS="1968" WIDTH="14"/>
            <String CONTENT="appellees" HEIGHT="43" HPOS="695" ID="ST_594.6.5.9" STYLEREFS="Style_4" VPOS="1968" WIDTH="171" WC="0.97" CC="000000000" TAGREFS=""/>
            <SP HPOS="866" ID="SP_594.6.5.10" VPOS="1978" WIDTH="13"/>
            <String CONTENT="were" HEIGHT="23" HPOS="879" ID="ST_594.6.5.11" STYLEREFS="Style_4" VPOS="1978" WIDTH="90" WC="1.00" CC="0000" TAGREFS=""/>
            <SP HPOS="969" ID="SP_594.6.5.12" VPOS="1967" WIDTH="12"/>
            <String CONTENT="specifically" HEIGHT="44" HPOS="981" ID="ST_594.6.5.13" STYLEREFS="Style_4" VPOS="1967" WIDTH="210" WC="0.98" CC="000000000000" TAGREFS=""/>
            <SP HPOS="1191" ID="SP_594.6.5.14" VPOS="1966" WIDTH="13"/>
            <String CONTENT="mentioned" HEIGHT="35" HPOS="1204" ID="ST_594.6.5.15" STYLEREFS="Style_4" VPOS="1966" WIDTH="197" WC="0.87" CC="000000000" TAGREFS=""/>
            <SP HPOS="1401" ID="SP_594.6.5.16" VPOS="1967" WIDTH="14"/>
            <String CONTENT="in" HEIGHT="34" HPOS="1415" ID="ST_594.6.5.17" STYLEREFS="Style_4" VPOS="1967" WIDTH="34" WC="0.97" CC="00" TAGREFS=""/>
            <SP HPOS="1449" ID="SP_594.6.5.18" VPOS="1967" WIDTH="13"/>
            <String CONTENT="the" HEIGHT="34" HPOS="1462" ID="ST_594.6.5.19" STYLEREFS="Style_4" VPOS="1967" WIDTH="59" WC="0.88" CC="000" TAGREFS=""/>
          </TextLine>
          <TextLine HEIGHT="45" HPOS="306" ID="TL_594.6.6" VPOS="2016" WIDTH="1214">
            <String CONTENT="will" HEIGHT="34" HPOS="306" ID="ST_594.6.6.1" STYLEREFS="Style_4" VPOS="2017" WIDTH="68" WC="0.57" CC="0000" TAGREFS=""/>
            <SP HPOS="374" ID="SP_594.6.6.2" VPOS="2028" WIDTH="11"/>
            <String CONTENT="or" HEIGHT="24" HPOS="385" ID="ST_594.6.6.3" STYLEREFS="Style_4" VPOS="2028" WIDTH="38" WC="0.93" CC="00" TAGREFS=""/>
            <SP HPOS="423" ID="SP_594.6.6.4" VPOS="2017" WIDTH="10"/>
            <String CONTENT="codicil," HEIGHT="41" HPOS="433" ID="ST_594.6.6.5" STYLEREFS="Style_4" VPOS="2017" WIDTH="134" WC="0.92" CC="00000000" TAGREFS=""/>
            <SP HPOS="567" ID="SP_594.6.6.6" VPOS="2017" WIDTH="12"/>
            <String CONTENT="the" HEIGHT="34" HPOS="579" ID="ST_594.6.6.7" STYLEREFS="Style_4" VPOS="2017" WIDTH="59" WC="0.87" CC="000" TAGREFS=""/>
            <SP HPOS="638" ID="SP_594.6.6.8" VPOS="2017" WIDTH="10"/>
            <String CONTENT="appellees" HEIGHT="44" HPOS="648" ID="ST_594.6.6.9" STYLEREFS="Style_4" VPOS="2017" WIDTH="171" WC="0.91" CC="000000000" TAGREFS=""/>
            <SP HPOS="819" ID="SP_594.6.6.10" VPOS="2028" WIDTH="12"/>
            <String CONTENT="are" HEIGHT="24" HPOS="831" ID="ST_594.6.6.11" STYLEREFS="Style_4" VPOS="2028" WIDTH="59" WC="1.00" CC="000" TAGREFS=""/>
            <SP HPOS="890" ID="SP_594.6.6.12" VPOS="2017" WIDTH="10"/>
            <String CONTENT="pretermitted" HEIGHT="43" HPOS="900" ID="ST_594.6.6.13" STYLEREFS="Style_4" VPOS="2017" WIDTH="240" WC="0.92" CC="000000000000" TAGREFS=""/>
            <SP HPOS="1140" ID="SP_594.6.6.14" VPOS="2017" WIDTH="11"/>
            <String CONTENT="heirs" HEIGHT="34" HPOS="1151" ID="ST_594.6.6.15" STYLEREFS="Style_4" VPOS="2017" WIDTH="90" WC="0.80" CC="00000" TAGREFS=""/>
            <SP HPOS="1241" ID="SP_594.6.6.16" VPOS="2016" WIDTH="11"/>
            <String CONTENT="and" HEIGHT="35" HPOS="1252" ID="ST_594.6.6.17" STYLEREFS="Style_4" VPOS="2016" WIDTH="69" WC="1.00" CC="000" TAGREFS=""/>
            <SP HPOS="1321" ID="SP_594.6.6.18" VPOS="2016" WIDTH="11"/>
            <String CONTENT="entitled" HEIGHT="35" HPOS="1332" ID="ST_594.6.6.19" STYLEREFS="Style_4" VPOS="2016" WIDTH="142" WC="0.83" CC="00000000" TAGREFS=""/>
            <SP HPOS="1474" ID="SP_594.6.6.20" VPOS="2021" WIDTH="11"/>
            <String CONTENT="to" HEIGHT="29" HPOS="1485" ID="ST_594.6.6.21" STYLEREFS="Style_4" VPOS="2021" WIDTH="35" WC="0.90" CC="00" TAGREFS=""/>
          </TextLine>
          <TextLine HEIGHT="35" HPOS="307" ID="TL_594.6.7" VPOS="2067" WIDTH="375">
            <String CONTENT="share" HEIGHT="35" HPOS="307" ID="ST_594.6.7.1" STYLEREFS="Style_4" VPOS="2067" WIDTH="101" WC="0.95" CC="00000" TAGREFS=""/>
            <SP HPOS="408" ID="SP_594.6.7.2" VPOS="2067" WIDTH="20"/>
            <String CONTENT="in" HEIGHT="34" HPOS="428" ID="ST_594.6.7.3" STYLEREFS="Style_4" VPOS="2067" WIDTH="34" WC="1.00" CC="00" TAGREFS=""/>
            <SP HPOS="462" ID="SP_594.6.7.4" VPOS="2067" WIDTH="21"/>
            <String CONTENT="the" HEIGHT="35" HPOS="483" ID="ST_594.6.7.5" STYLEREFS="Style_4" VPOS="2067" WIDTH="59" WC="0.87" CC="000" TAGREFS=""/>
            <SP HPOS="542" ID="SP_594.6.7.6" VPOS="2072" WIDTH="20"/>
            <String CONTENT="estate." HEIGHT="29" HPOS="562" ID="ST_594.6.7.7" STYLEREFS="Style_4" VPOS="2072" WIDTH="120" WC="0.93" CC="0000000" TAGREFS=""/>
          </TextLine>
        </TextBlock>
        <TextBlock HEIGHT="35.0" HPOS="397.0" ID="BL_594.7" TAGREFS="b594-9" VPOS="2160.0" WIDTH="180.0">
          <TextLine HEIGHT="35" HPOS="397" ID="TL_594.7.1" VPOS="2160" WIDTH="180">
            <String CONTENT="Affirmed." HEIGHT="35" HPOS="397" ID="ST_594.7.1.1" STYLEREFS="Style_4" VPOS="2160" WIDTH="180" WC="0.71" CC="090000000" TAGREFS=""/>
          </TextLine>
        </TextBlock>
        <TextBlock HEIGHT="44.0" HPOS="398.0" ID="BL_594.8" TAGREFS="b594-10" VPOS="2252.0" WIDTH="580.0">
          <TextLine HEIGHT="44" HPOS="398" ID="TL_594.8.1" VPOS="2252" WIDTH="580">
            <String CONTENT="Purtle," HEIGHT="40" HPOS="398" ID="ST_594.8.1.1" STYLEREFS="Style_3" VPOS="2253" WIDTH="160" WC="0.86" CC="0090000" TAGREFS=""/>
            <SP HPOS="558" ID="SP_594.8.1.2" VPOS="2253" WIDTH="21"/>
            <String CONTENT="J.," HEIGHT="40" HPOS="579" ID="ST_594.8.1.3" STYLEREFS="Style_4" VPOS="2253" WIDTH="43" WC="0.87" CC="099" TAGREFS=""/>
            <SP HPOS="622" ID="SP_594.8.1.4" VPOS="2258" WIDTH="21"/>
            <String CONTENT="not" HEIGHT="29" HPOS="643" ID="ST_594.8.1.5" STYLEREFS="Style_2" VPOS="2258" WIDTH="60" WC="0.89" CC="000" TAGREFS=""/>
            <SP HPOS="703" ID="SP_594.8.1.6" VPOS="2252" WIDTH="19"/>
            <String CONTENT="participating." HEIGHT="44" HPOS="722" ID="ST_594.8.1.7" STYLEREFS="Style_2" VPOS="2252" WIDTH="256" WC="0.97" CC="00000000000000" TAGREFS=""/>
          </TextLine>
        </TextBlock>
      </PrintSpace>
    </Page>
  </Layout>
</alto>
