1640 2696
128 401 113 34 home.
253 400 71 34 She
333 400 192 35 conducted
535 400 81 35 field
626 401 151 43 sobriety
786 406 84 29 tests
879 411 44 24 on
934 401 73 35 him
1017 400 68 35 and
1096 400 158 45 reported
1264 401 77 34 that

128 450 44 34 he
182 450 197 44 performed
390 450 112 34 “fair”
514 461 44 23 on
568 451 60 34 the
638 451 165 43 alphabet
812 456 67 29 test
889 450 69 35 and
969 451 129 43 “poor”
1109 461 44 24 on
1164 451 59 34 the
1232 451 109 43 finger

128 499 171 44 dexterity
311 505 76 29 test.
402 500 70 34 She
483 500 114 34 stated
609 500 77 34 that
698 500 44 35 he
753 511 69 24 was
834 500 277 43 argumentative
1122 500 69 35 and
1203 500 138 35 showed

128 550 142 34 obvious
288 550 92 43 signs
397 549 39 35 of
451 550 235 34 intoxication.
706 550 39 34 In
763 550 60 34 her
840 550 151 44 opinion,
1009 550 44 34 he
1069 561 70 24 was
1156 550 109 35 under
1282 550 60 35 the

129 600 171 34 influence
323 599 39 35 of
383 600 168 34 alcoholic
574 599 195 44 beverages.
794 600 71 34 She
888 599 123 44 placed
1034 600 176 44 appellant
1232 599 109 35 under

129 655 110 29 arrest
258 649 53 35 for
328 649 132 44 driving
478 649 102 35 while
597 649 210 35 intoxicated
825 649 68 35 and
910 650 83 34 took
1009 650 73 35 him
1099 655 36 29 to
1152 649 190 36 Northside

129 699 178 34 detention
328 699 33 34 in
382 699 58 35 the
460 699 117 35 North
598 699 105 35 Little
724 700 98 34 Rock
841 700 114 34 Police
976 700 239 43 Department.

1271 261 64 33 211

315 776 188 44 Appellant
513 776 166 35 contends
690 776 77 35 that
777 776 97 35 there
883 787 70 24 was
964 776 208 35 insufficient
1182 776 161 35 evidence

130 831 36 29 to
176 825 71 35 find
257 826 72 34 him
339 826 109 44 guilty
457 826 39 34 of
503 825 134 44 driving
646 826 101 35 while
756 826 221 35 intoxicated.
988 826 57 35 On
1055 827 134 43 appeal,
1199 837 51 24 we
1258 827 85 34 view

130 876 60 34 the
214 875 162 35 evidence
400 881 89 29 most
514 875 178 36 favorable
715 881 35 30 to
774 876 59 35 the
857 876 156 44 appellee
1036 876 69 35 and
1129 876 132 36 sustain
1285 877 59 37 the

130 925 194 35 conviction
349 925 29 35 if
398 925 97 35 there
520 926 27 34 is
572 937 68 32 any
664 926 206 35 substantial
894 926 163 35 evidence
1081 932 35 29 to
1140 932 142 39 support
1305 927 37 35 it.

130 975 193 35 Roberts v.
334 976 113 40 State,
459 977 67 33 287
538 976 86 34 Ark.
637 977 155 40 451, 701
808 976 143 35 S.W.2d
966 977 65 34 112
1044 976 137 43 (1985).
1193 976 112 35 There
1315 976 28 35 is

131 1026 207 34 substantial
356 1025 161 35 evidence
532 1031 36 29 to
584 1031 143 39 support
743 1026 59 35 the
817 1026 192 35 conviction
1025 1026 54 35 for
1095 1026 133 44 driving
1243 1027 101 34 while

131 1075 222 35 intoxicated.

224 1153 113 34 When
352 1154 152 43 Trooper
521 1154 137 34 Waters
675 1153 69 35 and
760 1154 175 44 appellant
951 1153 135 36 arrived
1101 1159 37 30 at
1153 1154 59 35 the
1227 1154 117 35 deten-

131 1203 73 34 tion
225 1208 117 30 center
362 1203 81 44 they
463 1215 90 23 were
573 1209 71 30 met
665 1204 45 44 by
730 1215 20 24 a
771 1204 116 35 North
907 1204 106 35 Little
1034 1204 99 35 Rock
1152 1204 126 42 officer,
1299 1204 46 35 A1

131 1253 136 41 Shultz,
277 1253 76 35 who
363 1253 139 35 advised
511 1254 177 44 appellant
697 1254 40 35 of
742 1254 52 35 his
804 1254 166 35 Miranda
979 1255 109 43 rights
1098 1254 68 36 and
1175 1255 52 35 his
1237 1255 108 43 rights

131 1303 111 35 under
253 1303 60 35 the
323 1303 141 44 implied
475 1309 142 30 consent
629 1304 75 41 law,
716 1305 85 34 Ark.
814 1304 89 35 Stat.
915 1305 92 34 Ann.
1022 1305 17 42 §
1053 1306 152 34 75-1045
1221 1304 123 45 (Supp.

136 1353 118 42 1985).
265 1353 75 34 The
349 1354 170 43 warnings
529 1365 90 23 were
628 1354 185 35 contained
822 1354 35 36 in
867 1365 20 24 a
897 1354 91 35 form
997 1355 77 34 that
1084 1355 128 34 Officer
1222 1355 124 34 Shultz

132 1402 70 35 had
212 1403 194 44 personally
415 1403 149 34 devised.
574 1404 75 34 The
659 1404 166 34 Miranda
834 1404 172 43 warnings
1016 1404 161 35 included
1186 1404 59 35 the
1253 1404 92 43 right

132 1457 36 30 to
179 1452 133 35 remain
323 1452 100 35 silent
434 1452 69 35 and
514 1453 59 34 the
583 1453 93 43 right
686 1458 35 29 to
732 1464 45 24 an
788 1458 168 39 attorney.
968 1455 49 33 At
1027 1454 60 34 the
1097 1454 133 34 bottom
1240 1454 40 34 of
1287 1454 59 35 the

133 1502 167 35 Miranda
312 1502 129 35 section
452 1502 39 35 of
499 1502 60 35 the
570 1502 91 35 form
671 1503 98 34 there
780 1503 27 34 is
819 1514 20 23 a
850 1503 107 35 blank
966 1503 54 35 for
1032 1514 20 24 a
1063 1503 176 44 signature
1250 1504 30 34 if
1287 1504 59 37 the

132 1552 149 35 accused
303 1552 126 35 desires
451 1558 35 29 to
507 1553 108 34 waive
636 1553 52 34 his
710 1553 108 43 rights
839 1553 137 43 against
997 1553 347 36 self-incrimination.

132 1602 190 44 Appellant
333 1602 113 34 stated
458 1602 76 35 that
546 1603 44 33 he
601 1602 59 35 did
672 1608 60 29 not
743 1608 92 29 want
847 1608 35 29 to
893 1603 108 34 waive
1012 1603 52 34 his
1076 1603 108 43 rights
1196 1603 68 35 and
1275 1615 70 23 was

132 1651 191 34 instructed
333 1657 35 29 to
377 1652 97 34 write
483 1652 59 34 the
550 1652 94 34 word
655 1652 184 35 “refused”
849 1663 44 23 on
902 1653 59 34 the
970 1652 101 35 form.
1082 1653 74 34 The
1164 1652 90 35 form
1263 1653 82 34 then

132 1701 155 43 explains
303 1701 59 34 the
377 1701 141 44 implied
533 1707 143 29 consent
692 1702 76 40 law,
786 1702 17 42 §
821 1703 165 34 75-1045.
1002 1703 49 33 At
1066 1713 45 23 no
1125 1702 98 44 place
1238 1702 34 35 in
1287 1703 59 34 the

133 1751 218 42 “warnings”
364 1751 27 34 is
401 1751 26 34 it
438 1750 103 35 made
550 1751 94 35 clear
654 1751 77 35 that
741 1751 59 35 the
810 1751 91 44 right
911 1757 36 29 to
957 1752 140 34 counsel
1108 1751 68 35 and
1186 1752 59 35 the
1255 1752 91 43 right

133 1800 137 43 against
283 1800 338 35 self-incrimination
635 1801 87 35 have
735 1812 43 24 no
791 1801 210 44 application
1014 1802 211 35 whatsoever
1237 1801 109 36 under

133 1850 60 35 the
213 1850 141 44 implied
375 1856 141 30 consent
536 1856 141 30 statute.

227 1928 185 43 Following
433 1928 59 35 the
513 1928 142 44 implied
676 1934 142 29 consent
839 1929 232 44 explanation,
1094 1929 59 35 the
1173 1929 91 36 form
1284 1929 62 35 has

133 1978 99 34 three
242 1978 185 44 questions.
440 1978 74 35 The
525 1979 75 34 first
611 1979 78 34 asks
701 1978 30 35 if
740 1979 59 34 the
809 1989 123 34 person
943 1979 230 35 understands
1184 1979 46 35 all
1241 1979 40 35 of
1288 1980 59 34 the

134 2028 120 42 rights.
268 2028 189 43 Appellant
470 2028 144 34 marked
629 2029 116 43 “yes.”
759 2029 74 33 The
845 2029 127 34 second
985 2029 159 43 question
1157 2029 78 34 asks
1248 2029 31 34 if
1288 2029 59 35 the

134 2087 124 33 person
268 2077 28 34 is
306 2077 103 43 going
418 2082 36 29 to
464 2078 81 34 take
555 2078 59 34 the
624 2083 77 29 test.
713 2078 189 43 Appellant
911 2078 63 34 left
984 2078 68 34 this
1062 2078 158 44 question
1231 2078 114 35 blank.

133 2126 76 34 The
224 2126 93 34 third
333 2127 157 43 question
507 2127 78 34 asks
602 2127 30 34 if
644 2127 60 34 the
719 2138 122 33 person
857 2127 129 35 desires
1002 2138 44 24 an
1063 2127 190 35 additional
1269 2132 77 31 test.

133 2176 84 35 This
235 2176 157 44 question
409 2188 69 23 was
496 2177 73 34 also
585 2176 64 35 left
666 2177 115 34 blank.
798 2178 49 34 At
864 2177 59 35 the
939 2177 134 35 bottom
1090 2177 40 35 of
1142 2177 60 35 the
1218 2177 129 35 section

133 2226 140 43 dealing
285 2226 82 35 with
382 2226 16 43 §
413 2227 153 34 75-1045
580 2227 98 34 there
690 2227 27 34 is
730 2238 20 23 a
762 2227 177 43 signature
950 2227 78 34 line.
1042 2227 189 44 Appellant
1242 2232 106 30 wrote

134 2276 60 35 the
213 2276 94 34 word
328 2276 183 35 “refused”
533 2277 114 43 again.

226 2353 114 34 When
358 2353 128 34 Officer
502 2353 125 34 Shultz
644 2353 105 34 asked
767 2354 176 43 appellant
960 2353 30 34 if
1003 2354 44 33 he
1063 2353 113 34 would
1193 2354 81 34 take
1289 2353 59 34 the

134 2402 242 42 breathalyzer
401 2407 77 35 test,
504 2402 177 43 appellant
706 2402 72 34 told
803 2402 73 34 him
900 2402 77 34 that
1002 2403 44 33 he
1070 2402 63 34 felt
1158 2403 43 33 he
1225 2402 123 34 should
