1667 2703
1294 277 66 34 337

241 419 35 34 If
283 419 143 35 Colonel
437 419 128 34 Askins
576 418 127 35 retired
713 424 183 29 tomorrow
907 429 38 24 or
955 419 69 34 had
1035 418 127 35 retired
1172 429 44 24 on
1226 419 59 34 the
1295 418 68 44 day

148 468 40 34 of
213 469 52 34 his
293 469 146 40 divorce,
468 480 38 23 as
534 469 44 34 he
606 469 27 33 is
661 469 69 34 and
758 480 69 23 was
856 468 138 43 eligible
1021 474 35 29 to
1084 468 55 41 do,
1168 468 108 35 under
1304 468 59 35 the

148 518 225 35 chancellor’s
390 518 150 35 formula
557 519 87 34 Mrs.
662 519 128 34 Askins
806 518 113 34 would
936 518 87 35 have
1039 519 86 34 been
1142 518 132 35 limited
1290 524 36 29 to
1341 529 21 23 a

149 574 207 38 percentage
367 568 38 34 of
414 568 51 34 his
477 568 83 35 base
571 568 200 35 retirement
782 579 67 33 pay
860 567 216 36 determined
1087 579 38 23 as
1136 568 39 34 of
1183 568 76 35 that
1269 568 92 35 date.

148 618 94 35 That
252 619 27 33 is
290 617 68 36 and
368 629 70 23 was
449 618 34 34 in
494 618 145 35 Colonel
649 618 157 34 Askins’s
817 628 113 34 power
940 623 36 29 to
986 618 201 35 determine.
1199 618 34 34 If
1241 619 44 34 he
1293 617 71 35 had

150 668 126 34 retired
286 668 59 35 the
353 667 67 44 day
429 668 40 34 of
474 668 59 34 the
542 668 138 34 divorce
688 668 69 34 and
767 668 81 34 then
857 678 89 32 gone
954 673 36 29 to
999 668 94 34 work
1102 667 53 35 for
1164 679 20 23 a
1193 678 171 34 company

149 717 83 35 with
243 729 20 23 a
273 729 74 23 new
357 717 200 35 retirement
567 728 173 33 program,
752 718 87 34 Mrs.
850 718 128 34 Askins
988 717 114 35 would
1112 723 59 29 not
1180 718 87 34 have
1277 718 87 34 been

150 767 144 35 entitled
310 773 35 29 to
360 767 206 44 participate
582 768 34 34 in
632 767 59 34 the
706 778 74 23 new
796 767 200 35 retirement
1011 767 155 35 benefits.
1184 769 178 39 However,

149 817 62 34 she
228 817 27 34 is
272 817 142 35 entitled
431 822 35 29 to
483 828 20 24 a
520 822 208 39 percentage
743 817 40 34 of
796 817 172 35 whatever
984 818 53 34 his
1054 817 152 44 military
1222 817 142 44 pension

151 878 81 32 may
252 867 44 34 be
315 867 148 35 because
482 868 77 34 that
580 868 28 34 is
628 867 59 34 the
707 872 91 29 asset
818 873 35 29 to
873 867 112 34 which
1006 867 61 35 she
1087 867 228 35 contributed.

243 987 65 34 We
328 997 59 24 are
406 986 34 34 in
461 997 44 24 no
525 986 148 45 position
693 992 36 29 to
749 998 72 32 say,
842 987 185 44 especially
1046 986 100 44 given
1166 987 59 34 the
1244 986 120 36 record

151 1036 119 35 before
281 1048 51 29 us,
344 1036 76 34 that
432 1037 87 34 Mrs.
532 1036 158 35 Askins’s
702 1036 232 35 contribution
945 1042 36 29 to
993 1037 59 34 the
1062 1037 142 44 pension
1216 1048 69 23 was
1297 1047 68 33 any

151 1086 66 34 less
231 1087 149 34 because
393 1086 61 35 she
466 1098 71 23 was
550 1086 152 35 married
715 1092 37 29 to
765 1086 144 35 Colonel
923 1087 129 34 Askins
1065 1087 36 34 in
1114 1086 60 35 the
1186 1086 131 35 middle
1328 1086 39 35 of

152 1136 52 34 his
219 1147 118 24 career
351 1136 83 34 than
449 1136 26 35 it
489 1136 114 35 would
617 1136 88 35 have
718 1136 87 35 been
819 1136 69 35 had
902 1136 62 35 she
977 1136 87 35 been
1079 1136 150 35 married
1243 1142 36 29 to
1292 1136 73 35 him

152 1185 64 42 for,
239 1197 72 33 say,
333 1186 59 35 the
413 1186 66 35 last
500 1187 122 34 twelve
643 1197 99 32 years
763 1186 40 35 of
820 1187 37 34 it.
880 1186 75 35 The
976 1187 253 34 enhancement
1249 1187 39 35 of
1306 1186 59 35 the

151 1236 161 35 ultimate
322 1236 198 35 retirement
531 1247 68 33 pay
608 1247 81 33 may
699 1236 43 35 be
752 1241 89 30 most
850 1236 173 35 dramatic
1033 1242 36 29 at
1078 1236 60 34 the
1147 1236 77 42 end,
1235 1237 62 34 but
1306 1236 59 36 the

151 1286 121 34 record
285 1286 118 35 before
414 1297 39 23 us
465 1287 158 34 contains
635 1297 45 23 no
692 1286 161 35 evidence
864 1286 39 34 of
911 1286 88 41 that,
1012 1286 69 35 and
1093 1297 89 24 none
1193 1287 172 34 whatever

151 1335 39 34 of
196 1335 153 44 military
358 1346 66 33 pay
433 1336 120 34 scales.
563 1337 95 33 Even
666 1336 30 34 if
702 1336 85 34 such
796 1335 162 35 evidence
965 1347 91 24 were
1063 1337 36 34 in
1107 1336 60 34 the
1176 1336 130 41 record,
1314 1347 53 23 we

151 1385 103 34 could
277 1390 59 30 not
357 1396 61 32 say
438 1386 82 33 with
543 1396 186 24 assurance
750 1386 76 34 that
848 1386 88 34 Mrs.
959 1385 157 35 Askins’s
1138 1386 227 40 entitlement,

152 1434 107 35 based
269 1445 44 24 on
323 1435 61 34 her
393 1435 250 35 contributions
653 1440 36 29 to
699 1435 59 35 the
767 1435 183 43 marriage,
961 1435 123 35 should
1094 1435 43 34 be
1146 1435 65 35 less
1222 1436 95 41 than,
1328 1446 38 23 as

152 1484 35 35 in
199 1484 60 35 the
270 1485 158 43 example
440 1485 119 41 above,
575 1484 111 46 12/28
700 1485 39 35 of
748 1485 59 35 the
818 1496 67 34 pay
897 1485 177 44 expected.
1088 1485 115 35 While
1214 1497 44 23 no
1269 1496 96 25 cases

151 1546 53 23 we
225 1535 88 35 have
335 1535 118 41 found,
476 1535 99 35 other
598 1535 85 35 than
706 1535 59 36 the
786 1546 65 25 one
873 1536 200 44 containing
1096 1536 59 34 the
1176 1536 189 43 dissenting

152 1585 140 44 opinion
307 1585 91 36 cited
413 1586 119 41 above,
547 1586 89 35 have
650 1596 89 33 gone
753 1586 72 35 into
839 1586 68 35 this
923 1586 298 36 “enhancement”
1237 1587 129 35 discus­

152 1635 86 41 sion,
265 1647 105 32 many
396 1635 87 35 have
508 1636 174 44 approved
708 1647 20 24 a
755 1636 149 35 formula
931 1636 69 35 like
1025 1637 77 35 that
1127 1637 85 34 used
1238 1637 45 43 by
1308 1636 59 35 the

152 1685 198 34 chancellor
358 1685 35 34 in
402 1686 67 33 this
478 1696 90 24 case.
578 1686 77 38 See,
667 1697 62 32 e.g.
740 1688 48 32 Le
798 1685 133 35 Clert v.
942 1688 47 32 Le
1000 1686 107 40 Clert,
1119 1687 43 33 80
1171 1687 104 33 N.M.
1286 1687 79 39 235,

152 1735 67 33 453
234 1734 86 35 P.2d
333 1736 66 33 755
416 1734 137 43 (1969);
569 1735 148 43 Cearley
728 1746 30 23 v.
774 1735 157 43 Cearley,
946 1736 68 33 544
1027 1735 144 35 S.W.2d
1184 1737 64 33 661
1266 1736 98 42 (Tex.

156 1783 119 43 1976);
291 1783 245 36 Woodward v.
553 1784 217 42 Woodward,
783 1785 67 34 656
862 1784 85 35 P.2d
959 1786 64 33 431
1041 1785 113 43 (Utah
1170 1785 116 43 1982).
1297 1785 70 35 See

152 1833 80 35 also
251 1835 130 34 Annot.
403 1835 44 33 94
467 1835 133 34 A.L.R.
623 1834 44 35 3d
692 1836 64 33 176
779 1835 107 43 (1979
907 1834 69 35 and
997 1835 107 44 Supp.
1130 1834 117 44 1985).

245 1953 81 35 Had
337 1953 59 36 the
406 1954 196 35 chancellor
613 1954 145 35 decided
769 1960 59 30 not
838 1959 36 30 to
884 1954 114 35 divide
1009 1955 139 44 equally
1157 1955 59 35 the
1227 1965 138 34 propor-

152 2003 72 34 tion
235 2003 40 35 of
283 2004 200 34 retirement
494 2004 145 34 benefits
650 2004 107 35 based
769 2015 43 24 on
824 2004 58 35 the
893 2005 121 34 twelve
1025 2015 99 33 years
1135 2004 39 35 of
1182 2005 183 43 marriage,

152 2052 70 34 and
241 2053 69 34 had
330 2053 44 34 he
391 2053 113 34 stated
523 2053 90 43 good
632 2064 140 24 reasons
791 2065 38 23 as
846 2054 161 43 required
1025 2054 45 43 by
1092 2054 18 42 §
1132 2055 165 40 34-1214,
1315 2065 52 22 we

152 2101 114 34 would
279 2102 87 33 have
378 2102 167 34 affirmed.
558 2102 75 34 The
645 2107 131 29 statute
786 2103 93 42 gives
891 2103 59 33 the
962 2103 197 33 chancellor
1170 2103 77 33 that
1259 2102 108 35 broad

152 2149 196 35 discretion.
364 2150 31 34 It
409 2150 27 34 is
450 2156 60 28 not
523 2151 60 34 the
596 2150 111 35 intent
720 2151 40 34 of
770 2151 59 34 the
842 2155 130 30 statute
985 2162 38 23 or
1037 2151 68 34 this
1119 2151 138 43 opinion
1270 2157 37 28 to
1319 2151 48 34 tie

152 2199 60 34 the
229 2199 196 36 chancellor
444 2204 35 30 to
498 2211 68 33 any
584 2200 140 44 specific
741 2200 150 35 formula
911 2200 54 35 for
982 2200 153 44 dividing
1154 2200 213 45 prospective

152 2249 201 36 retirement
377 2249 154 36 benefits.
556 2251 69 34 See
647 2250 116 35 Addis
784 2262 31 23 v.
839 2250 126 42 Addis,
991 2252 66 34 288
1083 2251 85 34 Ark.
1194 2252 78 40 205,
1298 2252 67 34 703

152 2299 146 36 S.W.2d
319 2301 67 34 852
408 2300 137 43 (1986).

244 2418 180 35 Affirmed.
