1640 2696
107 409 148 34 because
269 409 25 34 it
307 420 69 23 was
389 409 58 34 the
459 409 80 44 only
552 420 75 33 way
640 409 61 35 she
713 409 101 35 could
828 410 85 43 keep
926 410 60 34 her
1000 409 158 35 husband
1171 410 144 34 “alive.”

106 457 75 34 The
194 457 216 43 prosecution
424 457 173 44 produced
611 457 162 34 evidence
784 458 76 34 that
873 468 44 24 an
930 457 207 35 ambulance
1149 457 68 34 had
1230 458 86 34 been

107 504 111 35 called
237 510 35 29 to
290 505 59 34 the
366 504 165 45 Lackey’s
550 505 102 35 home
669 505 59 34 the
745 505 97 43 night
859 505 119 35 before
995 505 59 35 the
1071 516 83 33 rape
1171 505 147 35 because

107 553 174 44 Stanley’s
301 553 133 34 mother
453 553 148 44 thought
620 553 44 35 he
683 553 69 35 had
771 554 104 34 taken
895 565 43 23 an
958 553 164 35 overdose
1140 553 39 35 of
1195 564 20 24 a
1235 564 81 24 non-

108 601 226 44 prescription
352 601 96 43 drug.
466 602 74 34 The
557 601 193 44 appellants
768 612 106 32 argue
890 602 68 34 this
975 602 185 43 testimony
1177 602 28 34 is
1222 601 95 35 inad-

108 649 154 35 missible
276 649 148 35 because
437 649 25 35 it
476 649 110 35 shows
600 650 80 43 only
694 660 44 24 an
752 649 179 35 unrelated
945 650 92 43 prior
1051 649 68 35 bad
1134 655 56 29 act
1203 660 43 24 on
1260 650 58 34 the

109 702 78 39 part
197 697 39 34 of
244 697 153 43 Stanley.
409 697 74 34 The
493 702 90 29 state
593 697 177 41 contends,
782 697 68 34 and
860 709 51 22 we
922 708 112 32 agree,
1046 698 26 34 it
1083 698 27 34 is
1122 698 151 34 relevant
1283 703 35 29 to

109 745 154 42 showing
281 745 142 34 Susan’s
441 745 127 34 motive
586 745 53 34 for
657 745 242 43 participation
918 745 34 34 in
969 745 59 34 the
1046 745 116 34 crime.
1182 746 92 33 Even
1292 745 29 34 if

109 792 128 34 motive
250 792 27 34 is
291 798 59 28 not
362 803 44 23 an
420 793 148 33 element
581 792 39 34 of
629 793 59 34 the
701 792 106 35 crime
819 792 162 43 charged,
995 793 26 34 it
1034 804 80 32 may
1127 793 43 34 be
1182 803 135 33 proven.

108 839 238 44 Synoground
363 851 29 23 v.
412 840 113 40 State,
547 841 68 33 260
635 840 84 34 Ark.
741 841 79 39 756,
842 841 64 33 543
929 840 142 34 S.W.2d
1092 841 66 33 935
1182 840 136 42 (1976).

1248 271 66 33 229

203 915 182 34 Reversed.

202 992 160 40 Purtle,
383 992 41 40 J.,
446 997 59 29 not
525 992 256 43 participating.

204 1068 119 40 Holt,
345 1067 40 35 C.
407 1068 42 40 J.,
470 1067 69 35 and
560 1068 115 40 Hays,
696 1068 42 40 J.,
759 1067 199 44 dissenting.

203 1143 140 35 Steele
359 1145 114 39 Hays,
490 1144 142 40 Justice,

649 1143 198 44 dissenting.
865 1145 15 33 I
896 1144 158 43 disagree
1069 1144 76 34 that
1160 1144 67 34 this
1243 1155 79 23 case

112 1191 123 34 should
245 1191 43 34 be
296 1191 156 34 reversed
461 1202 20 24 a
491 1191 126 35 second
626 1192 94 34 time.
732 1192 114 34 While
855 1192 26 34 it
890 1192 27 34 is
926 1191 146 35 difficult
1081 1197 35 29 to
1125 1202 106 33 argue
1239 1192 82 34 with

112 1239 60 34 the
181 1239 162 44 majority
351 1239 84 34 view
444 1239 76 35 that
529 1239 59 35 the
597 1244 90 30 state
696 1239 178 35 confessed
884 1250 93 24 error
986 1239 83 35 with
1079 1245 132 38 respect
1220 1245 35 29 to
1263 1239 59 35 the

112 1287 90 43 good
216 1287 88 34 faith
319 1287 100 34 effort
433 1292 35 30 to
481 1287 152 44 produce
646 1288 61 34 Dr.
723 1288 166 40 Brunson,
904 1287 58 35 the
975 1288 198 34 concession
1187 1287 27 35 is
1228 1298 95 24 more

112 1335 86 35 tacit
211 1335 85 35 than
310 1336 80 34 real.
406 1336 67 34 But
487 1335 29 35 if
527 1335 26 35 it
565 1347 70 23 was
649 1335 184 42 conceded,
847 1336 26 34 it
885 1347 70 23 was
968 1335 90 35 done
1070 1336 34 34 in
1118 1336 149 34 reliance
1279 1346 43 24 on

113 1383 59 34 the
186 1383 185 44 precedent
385 1383 39 35 of
434 1383 189 44 Holloway
635 1395 30 23 v.
680 1384 113 40 State,
809 1385 65 33 268
890 1384 85 34 Ark.
992 1384 55 41 24,
1064 1385 67 33 594
1145 1384 142 34 S.W.2d
1302 1385 20 33 2

115 1431 126 42 (1980)
257 1431 124 40 where,
396 1442 43 23 on
452 1431 162 44 virtually
629 1431 162 35 identical
806 1431 100 41 facts,
920 1443 52 23 we
985 1431 75 35 said
1074 1432 60 34 the
1147 1442 93 24 error
1253 1443 70 23 was

114 1479 179 33 harmless.

207 1553 138 41 Indeed,
364 1554 59 34 the
440 1554 148 34 medical
608 1554 185 43 testimony
811 1554 34 34 in
863 1553 188 44 Holloway
1069 1565 70 23 was
1157 1554 55 34 far
1230 1564 94 24 more

114 1601 203 44 prejudicial
337 1607 34 28 to
390 1602 59 33 the
467 1601 142 34 defense
628 1602 84 34 than
732 1602 34 33 in
785 1602 67 33 this
871 1612 89 24 case.
982 1602 39 33 In
1040 1601 198 43 Holloway,
1258 1607 66 28 two

115 1648 128 35 female
254 1649 192 44 employees
458 1649 38 34 of
505 1649 59 34 the
576 1649 150 34 Leather
738 1649 113 34 Bottle
861 1649 148 34 accused
1020 1649 59 34 the
1090 1649 188 34 defendant
1288 1648 39 35 of

114 1697 123 44 raping
255 1697 95 34 them
369 1697 124 43 during
512 1708 20 23 a
551 1697 147 43 robbery
717 1697 76 34 that
811 1696 165 35 occurred
994 1696 133 35 around
1146 1698 79 33 2:00
1244 1707 79 24 a.m.

113 1745 98 43 They
221 1756 90 23 were
321 1744 181 35 examined
513 1745 45 43 by
569 1746 60 33 Dr.
642 1745 113 34 David
767 1745 111 34 Frueh
889 1750 36 29 at
937 1746 79 33 5:00
1027 1756 80 23 a.m.
1120 1745 39 34 In
1169 1745 67 34 this
1247 1755 79 24 case

115 1793 60 34 Dr.
201 1793 157 34 Brunson
380 1792 149 35 testified
551 1793 77 34 that
650 1793 152 34 Theresa
825 1793 170 43 Baraque,
1018 1793 101 34 while
1141 1793 60 34 her
1224 1792 101 35 blood

114 1851 159 32 pressure
284 1851 69 23 was
366 1840 144 40 normal,
523 1840 197 43 “appeared
732 1845 36 29 to
779 1840 43 34 be
832 1846 100 37 upset
943 1840 69 34 and
1023 1851 70 23 was
1105 1840 152 43 crying.”
1271 1841 55 33 He

115 1887 109 34 found
241 1892 112 29 traces
370 1887 39 34 of
422 1887 103 34 blood
542 1888 34 33 in
594 1888 59 34 the
668 1888 138 42 vaginal
821 1888 106 40 vault,
945 1888 112 34 which
1074 1888 44 33 he
1134 1887 74 34 said
1225 1887 100 34 could

115 1935 89 34 have
219 1935 87 34 been
323 1935 189 34 attributed
529 1940 35 29 to
581 1935 168 43 irregular
765 1935 188 34 menstrual
970 1935 87 34 flow.
1076 1936 39 33 In
1131 1935 84 34 both
1231 1945 95 24 cases

116 1983 60 35 the
188 1982 136 36 doctors
338 1983 103 35 noted
454 1994 44 24 an
511 1983 149 35 absence
672 1983 39 35 of
721 1988 149 36 trauma,
883 1983 143 41 bruises,
1040 1983 205 35 lacerations
1258 1982 68 35 and

116 2032 135 35 neither
267 2032 148 34 testified
430 2032 77 35 that
522 2032 60 35 the
597 2043 133 24 women
747 2031 68 36 had
831 2032 86 34 been
934 2031 117 45 raped.
1068 2031 74 35 The
1158 2031 118 35 record
1293 2031 34 35 in

116 2080 190 44 Holloway
321 2080 76 35 tells
414 2091 39 24 us
470 2080 144 43 nothing
630 2080 107 35 about
752 2080 59 35 the
827 2080 187 34 emotional
1030 2085 90 29 state
1135 2079 39 35 of
1187 2080 58 34 the
1261 2085 67 29 two

117 2139 145 30 women,
275 2128 62 34 but
348 2128 59 34 the
418 2128 72 34 fact
501 2128 77 35 that
588 2128 152 34 Theresa
753 2129 159 42 Baraque
923 2139 70 23 was
1004 2128 119 43 crying
1135 2128 28 34 is
1174 2127 122 43 hardly
1307 2138 20 23 a

117 2175 93 34 basis
222 2175 53 34 for
286 2175 266 43 distinguishing
564 2176 58 33 the
633 2186 107 23 cases.
752 2176 74 33 The
836 2176 129 33 crucial
976 2175 188 34 difference
1175 2175 153 33 between

117 2222 60 35 the
193 2227 67 30 two
276 2233 96 23 cases
388 2223 27 33 is
432 2223 60 33 Dr.
511 2223 157 34 Brunson
685 2222 108 35 found
809 2222 204 34 non-motile
1029 2233 114 32 sperm
1158 2222 112 34 which
1286 2222 43 33 he

118 2270 75 34 said
204 2270 102 34 could
317 2270 86 34 have
413 2270 87 34 been
511 2270 164 44 acquired
686 2281 79 23 over
776 2281 20 23 a
807 2280 85 33 span
902 2269 40 35 of
949 2270 65 34 five
1024 2269 96 44 days,
1131 2270 152 33 whereas
1293 2269 35 34 in

118 2318 200 43 Holloway,
338 2319 60 33 Dr.
420 2318 112 34 Frueh
551 2318 149 34 testified
719 2318 59 34 the
796 2323 68 29 two
882 2328 134 23 women
1035 2316 69 35 had
1124 2316 68 35 had
1211 2317 118 33 sexual

119 2365 212 34 intercourse
346 2365 118 34 within
480 2365 59 34 the
554 2365 205 43 preceeding
775 2365 51 34 six
842 2365 114 34 hours.
973 2364 121 35 Under
1109 2365 59 33 the
1183 2364 145 34 circum-

118 2417 137 29 stances
269 2412 39 34 of
319 2412 198 43 Holloway,
532 2412 76 34 that
622 2412 186 43 testimony
821 2423 69 23 was
905 2412 224 43 particularly
1143 2411 187 42 damaging
