1670 2702
128 404 104 39 Here,
246 403 59 34 the
317 409 97 29 court
426 414 69 23 was
509 404 34 34 in
556 414 21 23 a
590 403 145 35 difficult
748 404 146 44 position
907 415 37 23 as
957 404 59 35 the
1028 403 142 36 defense
1181 404 156 44 supplied

127 453 80 43 only
223 453 125 43 partial
363 458 95 29 notes
474 453 39 34 of
525 453 59 34 the
599 453 241 44 pre-hypnotic
854 453 139 35 session.
1010 453 254 41 Nevertheless,
1280 454 59 34 the

127 503 177 43 appellant
318 513 69 24 was
402 502 143 35 allowed
559 508 36 28 to
609 503 118 43 testify
741 508 35 29 to
790 503 97 34 those
901 503 101 34 items
1016 503 152 34 referred
1183 508 35 29 to
1231 504 35 34 in
1279 504 59 34 the

127 556 98 30 notes
241 551 69 35 and
326 552 98 42 given
440 551 238 35 considerable
693 552 146 35 latitude
854 553 34 34 in
905 553 196 43 explaining
1117 552 96 35 them
1228 553 34 34 in
1278 553 61 34 her

127 612 77 23 own
215 601 121 34 words.
349 602 73 34 The
433 602 78 34 trial
523 607 98 29 court
633 602 72 34 also
717 602 142 34 allowed
871 602 186 43 testimony
1067 613 44 23 on
1122 607 143 30 matters
1277 602 60 35 Dr.

128 651 96 34 Back
241 650 69 35 had
328 651 192 44 previously
538 651 149 34 testified
704 662 89 24 were
810 652 143 34 covered
971 652 34 34 in
1023 652 59 34 the
1100 652 239 44 pre-hypnotic

128 700 140 35 session.
279 701 75 34 The
362 700 132 35 burden
503 711 70 24 was
583 711 43 24 on
636 701 176 43 appellant
821 706 35 29 to
866 701 164 34 establish
1040 712 20 23 a
1070 701 142 35 reliable
1220 701 119 35 record

128 750 40 34 of
179 750 60 34 the
253 750 194 43 testimony.
464 751 71 34 She
549 756 127 29 cannot
691 761 75 24 now
781 751 103 34 claim
899 762 94 23 error
1007 751 149 35 because
1170 751 59 34 the
1242 757 98 29 court

130 799 180 35 restricted
330 800 61 34 her
411 805 35 29 to
466 800 58 34 the
545 800 120 34 record
685 800 61 35 she
766 800 140 35 offered.

1270 263 66 34 577

221 886 61 34 Dr.
299 886 94 34 Back
405 886 148 35 testified
568 886 76 35 that
657 886 125 44 during
796 886 58 35 the
868 887 163 43 hypnotic
1044 887 129 35 session
1187 887 60 35 she
1260 887 81 35 took

130 935 177 44 appellant
322 936 88 34 back
424 941 35 29 to
474 936 60 35 her
548 936 185 35 childhood
749 936 67 35 and
832 937 148 43 brought
995 937 61 35 her
1070 937 149 35 forward
1234 943 35 29 to
1283 938 59 34 the

129 986 160 43 shooting
305 986 161 35 incident.
483 986 121 35 Under
619 987 98 34 these
731 987 279 42 circumstances,
1026 987 35 34 in
1076 987 100 35 order
1191 993 35 29 to
1241 988 100 34 avoid

129 1036 187 43 testimony
332 1047 43 23 on
391 1036 109 44 topics
516 1036 144 35 covered
676 1037 35 34 in
726 1037 60 35 the
801 1037 145 35 sessions
962 1038 77 34 that
1054 1048 90 24 were
1159 1043 59 29 not
1234 1038 107 44 previ-

130 1086 99 43 ously
252 1086 191 44 preserved,
467 1087 59 34 the
550 1087 79 34 trial
653 1093 99 29 court
774 1088 101 34 could
899 1087 87 35 have
1010 1087 133 36 limited
1167 1088 175 44 appellant

131 1136 146 43 entirely
289 1141 35 29 to
335 1137 59 34 the
405 1142 96 29 notes
513 1136 69 36 and
594 1137 185 44 testimony
789 1137 40 35 of
837 1138 60 34 Dr.
911 1138 106 34 Back.
1030 1139 179 40 However,
1220 1143 36 30 to
1268 1138 74 43 give

131 1186 177 44 appellant
319 1197 37 23 as
366 1186 103 35 much
480 1186 147 35 latitude
637 1197 37 25 as
685 1187 158 43 possible,
854 1188 58 34 the
922 1188 79 34 trial
1011 1193 98 29 court
1119 1188 138 44 applied
1267 1188 76 35 that

130 1235 101 35 order
246 1236 80 43 only
341 1241 35 29 to
391 1236 58 35 the
464 1236 68 44 day
547 1236 40 34 of
598 1237 59 34 the
672 1237 169 43 shooting.
857 1238 189 43 Appellant
1061 1238 190 43 complains
1266 1238 76 35 that

132 1285 113 43 ruling
265 1296 69 24 was
354 1291 56 29 too
429 1286 190 35 restrictive
638 1286 68 35 and
726 1287 122 34 should
867 1287 87 34 have
973 1287 87 35 been
1079 1287 132 35 limited
1231 1293 35 29 to
1284 1288 59 34 the

131 1335 222 43 explanation
364 1336 39 34 of
410 1335 59 35 the
479 1336 159 43 shooting
649 1336 152 35 incident
811 1336 102 35 itself.
926 1337 65 34 We
1001 1337 71 34 find
1084 1348 43 24 no
1138 1342 141 39 support
1290 1337 53 34 for

131 1384 68 35 this
215 1391 194 37 argument.
425 1385 188 44 Appellant
627 1386 82 34 does
724 1390 60 30 not
797 1385 89 45 deny
900 1386 78 34 that
991 1386 99 34 other
1104 1392 116 29 events
1234 1386 39 35 of
1284 1387 60 34 the

132 1434 68 43 day
212 1445 89 24 were
312 1434 143 35 covered
466 1435 35 34 in
513 1434 59 35 the
583 1435 157 41 sessions,
753 1446 61 23 nor
826 1435 76 35 that
913 1435 82 44 they
1006 1446 89 24 were
1107 1436 162 40 relevant,
1282 1436 61 34 but

132 1483 187 35 maintains
332 1484 58 34 the
402 1484 152 44 primary
566 1495 148 34 purpose
725 1485 39 34 of
773 1484 58 35 the
843 1485 128 35 session
983 1496 70 23 was
1065 1490 36 30 to
1113 1485 71 35 find
1196 1491 59 29 out
1267 1486 76 34 how

133 1534 59 34 the
202 1544 70 32 gun
282 1539 90 29 went
383 1534 57 35 off.
454 1534 114 35 While
578 1534 68 35 this
657 1545 81 34 may
748 1535 43 35 be
801 1545 47 31 so,
860 1535 58 35 the
928 1534 121 36 record
1060 1535 129 35 reveals
1200 1536 75 34 that
1285 1536 59 34 the

132 1584 85 34 time
228 1584 144 35 covered
383 1585 34 34 in
429 1584 58 35 the
498 1584 146 35 sessions
656 1584 161 35 included
828 1585 59 35 the
898 1585 68 43 day
976 1585 40 35 of
1024 1585 59 35 the
1094 1586 158 43 shooting
1263 1586 79 41 and,

132 1634 30 34 if
169 1634 179 43 anything,
358 1634 59 35 the
426 1635 113 43 ruling
548 1646 71 23 was
629 1645 178 33 generous.
818 1636 50 33 As
878 1635 104 34 noted
992 1636 35 34 in
1037 1646 62 24 our
1109 1635 189 35 discussion
1308 1636 38 34 of

131 1684 206 43 appellants
347 1689 81 29 next
436 1685 106 42 point,
553 1684 59 34 the
620 1689 91 30 most
720 1684 195 44 significant
924 1690 116 29 events
1050 1685 39 34 of
1094 1685 77 35 that
1180 1685 67 44 day
1255 1696 90 24 were

131 1733 162 35 included
308 1733 34 34 in
356 1735 60 33 Dr.
433 1734 123 34 Backs
570 1740 97 29 notes
681 1734 69 34 and
764 1735 175 43 appellant
952 1745 71 24 was
1037 1735 79 34 able
1129 1740 35 29 to
1178 1734 117 44 testify
1308 1740 35 29 to

132 1784 99 33 those
251 1788 154 30 matters.

224 1869 189 43 Appellant
431 1874 157 38 suggests
607 1870 61 34 the
686 1869 112 35 better
818 1870 141 34 method
978 1870 40 34 of
1034 1870 230 44 determining
1283 1870 60 35 her

132 1918 243 45 pre-hypnotic
387 1929 154 35 memory
553 1918 113 36 would
679 1919 43 35 be
733 1919 60 36 her
805 1930 75 24 own
892 1920 230 42 recollection,
1135 1920 68 35 and
1215 1925 59 30 not
1286 1920 58 35 the

132 1973 98 30 notes
246 1968 39 35 of
299 1969 60 34 Dr.
377 1969 104 35 Back.
498 1970 190 44 Appellant
703 1970 84 34 cites
803 1981 44 23 no
863 1970 176 43 authority
1054 1970 69 35 and
1138 1981 52 24 we
1204 1971 99 34 think
1317 1971 27 34 it

132 2018 115 35 would
262 2019 43 34 be
318 2019 271 43 circumventing
603 2020 60 34 the
675 2031 81 32 very
770 2030 139 24 reasons
922 2019 54 35 for
991 2020 182 43 excluding
1187 2021 156 43 hypnoti-

132 2068 91 43 cally
235 2069 176 33 refreshed
422 2079 156 32 memory
589 2074 36 29 to
637 2070 126 42 permit
774 2069 59 34 the
844 2070 136 34 witness
992 2075 36 29 to
1039 2069 122 34 decide
1171 2070 92 34 what
1274 2081 70 22 was

132 2117 240 34 remembered
393 2117 172 43 naturally
588 2118 69 33 and
677 2118 94 34 what
791 2129 70 23 was
882 2118 149 34 induced
1051 2118 46 43 by
1118 2119 171 42 hypnosis.
1311 2119 34 33 A

132 2165 133 34 similar
289 2166 197 42 suggestion
511 2176 70 24 was
605 2166 104 34 made
733 2167 35 33 in
791 2166 152 42 Shirley,
968 2172 36 28 to
1028 2166 112 35 which
1165 2167 58 33 the
1247 2172 98 29 court

132 2214 203 43 responded:

262 2298 64 45 [I]t
343 2299 27 35 is
386 2300 59 34 the
461 2310 185 25 consensus
662 2300 40 34 of
715 2300 171 35 informed
903 2301 167 35 scientific
1085 2301 139 44 opinion
1240 2301 105 44 today

257 2350 78 35 that
357 2350 35 35 in
415 2361 44 24 no
482 2361 80 24 case
583 2361 67 24 can
673 2361 21 24 a
717 2361 123 34 person
863 2351 193 44 previously
1079 2351 208 45 hypnotized
1309 2357 37 29 to

258 2400 153 43 improve
429 2400 52 35 his
500 2400 218 36 recollection
737 2400 143 45 reliably
898 2400 192 36 determine
1107 2401 153 35 whether
1278 2412 68 33 any
