1640 2693
312 410 75 34 that
396 411 151 34 Theresa
558 421 69 23 was
637 410 118 44 crying
765 409 68 36 and
844 410 172 44 appeared
1027 416 34 29 to
1071 411 72 34 him
1153 416 35 29 to
1198 410 42 34 be
1249 416 109 38 upset,
1369 411 68 34 and
1447 411 76 35 that

312 458 44 34 he
369 458 195 44 prescribed
577 458 130 34 valium
720 464 35 28 to
768 459 91 34 calm
872 458 61 34 her
946 459 149 43 anxiety.
1110 459 57 34 On
1180 459 343 35 cross-examination

313 506 43 34 he
369 505 147 35 testified
531 506 43 33 he
587 506 107 34 found
708 517 44 23 no
765 505 162 35 evidence
939 506 39 34 of
989 506 142 41 bruises,
1146 506 215 41 lacerations,
1375 517 38 23 or
1426 507 98 34 other

312 559 138 29 trauma
470 553 134 43 usually
624 553 192 35 associated
835 553 82 34 with
937 564 92 33 rape.
1051 554 55 34 He
1124 553 75 35 said
1219 553 133 35 further
1371 554 76 34 that
1465 555 59 33 the

312 611 114 33 sperm
443 601 43 34 he
503 601 182 33 examined
702 601 90 34 from
809 600 151 35 Theresa
978 612 69 23 was
1064 601 214 40 non-motile,
1297 601 67 34 and
1382 602 81 33 then
1481 602 43 34 he

312 648 148 34 testified
471 653 36 28 at
517 658 95 23 some
623 648 117 42 length
752 648 106 34 about
868 647 59 34 the
937 648 231 43 implications
1178 647 39 34 of
1224 648 43 33 its
1278 649 244 42 non-motility,

312 695 118 42 noting
442 696 76 32 that
528 705 114 32 sperm
653 705 64 23 can
729 694 132 35 remain
873 695 118 33 motile
1001 705 46 33 up
1058 700 35 28 to
1104 695 65 34 five
1178 694 84 43 days
1274 695 34 33 in
1319 695 59 34 the
1386 696 135 42 vagina.

313 743 55 32 He
389 741 147 35 testified
557 742 107 33 about
685 742 59 34 the
763 742 72 34 fact
856 741 77 34 that
952 742 181 34 Theresa’s
1154 741 102 35 blood
1277 752 156 33 pressure
1453 753 69 24 was

312 790 133 33 normal
456 788 69 35 and
535 789 108 34 about
651 789 59 34 the
720 799 163 34 presence
892 789 39 34 of
939 789 58 34 the
1007 789 103 35 blood
1120 790 102 42 being
1232 789 150 44 possibly
1392 790 131 35 related

312 842 35 29 to
368 837 58 35 the
447 837 189 34 menstrual
656 837 105 44 cycle.

313 272 65 33 228

536 894 111 35 Given
661 895 59 34 the
734 905 106 34 range
853 894 40 35 of
903 894 59 35 the
975 894 148 36 doctor’s
1137 894 186 45 testimony
1337 895 82 35 read
1433 895 90 35 from

312 943 58 34 the
382 943 73 34 first
467 942 78 35 trial
558 943 196 44 transcript,
767 954 51 24 we
828 948 127 30 cannot
968 954 102 32 agree
1082 944 76 34 that
1169 942 188 45 Holloway
1367 955 30 23 v.
1410 944 112 41 State,

311 1001 119 34 supra,
447 991 27 35 is
490 991 215 43 controlling.
722 991 115 35 While
851 1002 51 23 we
916 991 45 34 do
976 996 59 29 not
1051 1002 124 32 renege
1190 1001 43 24 on
1249 1001 62 24 our
1326 992 197 34 conclusion

311 1038 76 34 that
403 1039 59 34 the
477 1038 101 34 Sixth
594 1039 236 34 Amendment
845 1038 81 34 does
944 1044 58 28 not
1018 1039 136 43 require
1169 1038 255 35 confrontation
1440 1040 82 33 with

311 1097 100 32 every
424 1086 137 34 witness
576 1096 100 33 every
689 1086 85 34 time
786 1097 20 24 a
820 1086 158 34 criminal
992 1086 190 34 defendant
1195 1086 28 34 is
1237 1086 137 41 retried,
1388 1098 51 23 we
1452 1087 71 34 find

311 1133 67 34 this
395 1133 147 34 witness’
560 1134 185 43 testimony
761 1139 35 29 to
812 1134 86 34 have
915 1133 86 34 been
1017 1144 38 23 so
1071 1133 195 43 significant
1283 1144 37 23 as
1337 1139 35 29 to
1388 1134 136 44 require

312 1181 76 34 that
402 1181 58 34 the
470 1180 81 43 jury
565 1181 34 33 in
613 1181 115 34 whose
741 1180 110 35 hands
866 1180 58 34 the
938 1180 73 35 fate
1024 1181 39 34 of
1074 1181 59 34 the
1146 1181 193 44 appellants
1354 1181 113 35 rested
1482 1182 42 34 be

311 1228 144 34 allowed
476 1233 35 29 to
532 1228 141 34 observe
692 1229 59 34 the
771 1227 256 36 confrontation
1047 1239 38 24 so
1106 1240 37 23 as
1164 1234 35 29 to
1219 1239 57 23 see
1296 1229 59 34 the
1375 1229 147 34 witness’

311 1275 187 35 demeanor
525 1276 68 34 and
622 1276 102 34 make
750 1276 42 35 its
820 1275 284 36 determinations
1132 1276 82 35 with
1242 1281 133 39 respect
1403 1282 35 29 to
1465 1277 59 35 the

311 1329 144 29 matters
478 1323 185 35 addressed
687 1324 44 43 by
753 1324 82 34 him.
861 1324 39 33 In
922 1323 132 35 Barber
1074 1336 31 22 v.
1127 1326 105 41 Page,
1257 1325 67 33 390
1347 1324 83 35 U.S.
1455 1326 67 33 719

313 1370 137 43 (1968),
472 1371 58 33 the
550 1371 170 43 Supreme
740 1372 110 33 Court
870 1371 85 34 said:

434 1427 74 34 The
530 1427 91 43 right
644 1433 35 28 to
702 1428 256 34 confrontation
981 1428 27 34 is
1032 1428 166 43 basically
1220 1439 20 23 a
1263 1428 79 34 trial
1365 1428 102 43 right.
1492 1429 31 34 It

434 1474 154 35 includes
608 1475 83 34 both
712 1475 58 35 the
790 1475 222 44 opportunity
1032 1481 35 29 to
1087 1475 269 35 cross-examine
1375 1475 68 35 and
1464 1477 59 34 the

434 1522 159 35 occasion
604 1522 54 35 for
669 1523 58 34 the
733 1523 81 44 jury
825 1528 35 29 to
871 1523 111 43 weigh
993 1523 59 34 the
1062 1523 187 35 demeanor
1259 1523 39 35 of
1306 1523 58 35 the
1374 1524 148 34 witness.

439 1570 82 43 [390
542 1570 83 35 U.S.
647 1576 36 29 at
704 1571 93 43 725.]

311 1627 128 35 Where
459 1627 59 35 the
539 1627 91 44 prior
651 1628 185 44 testimony
857 1627 40 35 of
915 1628 59 34 the
994 1628 137 35 witness
1153 1629 27 34 is
1202 1639 37 23 as
1261 1628 172 35 extensive
1454 1629 69 34 and

310 1675 195 43 significant
515 1686 37 23 as
563 1675 76 34 that
648 1675 40 34 of
694 1676 59 34 the
763 1675 120 35 doctor
893 1675 34 34 in
938 1676 67 33 this
1015 1686 90 30 case,
1116 1676 60 34 the
1185 1675 142 43 reading
1337 1676 39 34 of
1383 1676 26 34 it
1419 1681 35 29 to
1464 1677 59 34 the

306 1723 91 43 jury,
407 1723 114 34 where
530 1723 59 34 the
597 1723 118 34 state’s
725 1722 154 43 showing
888 1722 39 34 of
934 1723 59 34 the
1001 1723 263 43 unavailability
1272 1723 40 34 of
1318 1723 58 34 the
1385 1724 137 34 witness

310 1770 27 34 is
358 1770 217 40 insufficient,
596 1770 28 34 is
644 1770 214 43 prejudicial.

493 1828 49 33 As
560 1827 96 34 there
672 1838 81 32 may
770 1827 42 34 be
828 1827 146 34 another
990 1827 79 35 trial
1086 1827 39 34 of
1138 1828 97 34 these
1250 1827 203 44 appellants,
1470 1839 51 23 we

310 1874 67 34 will
402 1873 152 36 mention
578 1874 120 44 briefly
720 1880 67 29 two
810 1874 99 35 other
932 1875 113 43 points
1068 1874 141 44 argued.
1233 1875 74 34 The
1329 1876 192 43 appellants

310 1922 136 35 wanted
457 1927 35 30 to
503 1922 157 43 question
671 1923 152 34 Theresa
834 1922 107 35 about
953 1923 60 34 her
1024 1923 92 44 prior
1126 1923 117 35 sexual
1254 1923 158 35 conduct.
1424 1924 98 43 They

310 1980 107 32 argue
431 1970 26 34 it
471 1980 70 23 was
556 1970 152 34 relevant
723 1970 149 35 because
885 1970 40 34 of
936 1970 59 35 the
1009 1970 148 35 doctor’s
1172 1975 185 30 statement
1371 1971 77 34 that
1462 1971 59 34 the

309 2027 115 33 sperm
444 2018 43 33 he
507 2017 107 34 found
634 2028 70 23 was
725 2017 205 35 non-motile
949 2018 69 34 and
1037 2018 77 34 that
1134 2029 113 33 sperm
1267 2018 101 34 could
1388 2019 133 34 remain

309 2064 119 34 motile
444 2074 47 34 up
507 2069 35 29 to
558 2064 65 34 five
639 2065 84 43 days
740 2065 35 34 in
791 2065 60 34 the
866 2065 135 42 vagina.
1019 2066 75 33 The
1109 2070 98 30 court
1223 2065 158 44 properly
1397 2065 124 35 denied

309 2112 89 33 their
410 2111 141 41 motion,
565 2123 37 23 as
614 2112 26 34 it
651 2123 70 23 was
733 2113 76 33 well
821 2112 119 34 within
952 2112 52 34 his
1016 2112 184 35 discretion
1212 2112 109 34 under
1332 2113 84 34 Ark.
1429 2113 90 34 Stat.

309 2160 91 33 Ann.
417 2159 17 43 §
451 2160 190 33 41-1810.2
657 2159 102 44 (Rep.
779 2160 87 34 1977
881 2159 69 34 and
964 2160 107 44 Supp.
1090 2159 104 43 1985)
1210 2165 35 29 to
1258 2160 191 34 determine
1462 2161 59 34 the

309 2207 180 43 relevancy
512 2206 39 34 of
571 2207 60 34 the
653 2207 159 44 question
835 2207 69 34 and
927 2207 147 35 balance
1096 2208 27 34 it
1146 2207 136 44 against
1304 2208 44 34 its
1370 2208 151 44 possibly

309 2254 203 44 prejudicial
523 2254 104 35 effect
637 2265 43 24 on
691 2255 59 34 the
760 2255 247 44 prosecution’s
1018 2266 89 24 case.
1121 2255 53 44 Cf.
1185 2255 99 34 Bobo
1296 2256 31 34 &
1339 2257 141 33 Forrest
1489 2267 31 23 v.

308 2303 113 40 State,
443 2303 67 34 267
531 2303 85 34 Ark.
642 2304 28 39 1,
693 2304 66 33 589
780 2302 144 35 S.W.2d
946 2304 18 33 5
988 2302 137 44 (1979).

492 2359 181 35 Theresa’s
685 2360 186 43 testimony
882 2371 70 23 was
964 2360 76 34 that
1052 2360 113 34 Susan
1178 2360 138 43 Lackey
1327 2360 75 34 said
1413 2365 36 30 to
1461 2360 60 35 her

309 2407 60 34 she
381 2418 70 23 was
464 2407 160 43 assisting
637 2407 61 34 her
710 2407 159 35 husband
882 2407 144 44 Stanley
1038 2408 138 43 Lackey
1189 2407 34 34 in
1236 2408 121 43 raping
1369 2408 152 34 Theresa
