1639 2692
307 423 35 29 to
352 418 59 34 the
421 418 200 41 defendant,
633 417 152 35 whereas
796 418 35 34 in
842 418 59 34 the
910 429 80 24 case
1000 417 119 35 before
1129 429 40 23 us
1180 418 59 34 the
1248 417 190 35 defendant
1448 429 69 23 was

307 465 78 34 able
400 470 36 29 to
452 476 107 32 argue
575 466 76 34 that
667 465 59 34 the
742 466 204 33 non-motile
962 476 114 33 sperm
1092 465 102 34 could
1211 466 86 33 have
1313 476 98 23 come
1428 465 90 34 from

306 511 180 35 Theresaâ€™s
507 512 181 44 boyfriend
708 511 124 44 during
852 512 60 34 the
931 513 65 34 five
1015 512 68 43 day
1103 512 155 34 interval.

308 282 68 32 230

397 607 69 34 But
476 607 94 34 since
581 607 59 34 the
650 606 162 43 majority
823 607 114 34 insists
949 618 43 23 on
1003 606 267 43 distinguishing
1280 606 199 43 Holloway,
1491 606 26 34 it

306 653 123 35 should
440 654 15 34 I
465 654 99 34 think
574 654 43 34 be
626 653 128 43 willing
765 659 35 29 to
810 654 159 34 examine
979 653 59 35 the
1047 654 119 34 efforts
1177 654 45 43 by
1231 654 59 34 the
1299 654 218 43 prosecution

306 706 35 29 to
356 701 151 43 produce
521 702 60 33 Dr.
599 702 156 33 Brunson
770 706 35 29 to
819 701 192 34 determine
1025 701 153 34 whether
1193 701 76 34 that
1283 706 148 38 attempt
1446 706 71 29 met

305 748 59 34 the
377 753 67 30 test
457 748 39 35 of
506 749 88 43 good
608 748 99 35 faith.
723 748 265 35 Consideration
1001 748 54 34 for
1068 759 21 24 a
1102 748 119 35 fifteen
1235 760 81 32 year
1329 748 57 35 old
1398 748 118 35 victim

305 796 77 34 who
403 796 27 35 is
452 796 118 35 forced
592 802 35 29 to
649 796 103 35 relive
773 807 20 24 a
815 797 197 43 wrenching
1033 796 118 35 ordeal
1173 802 57 39 yet
1251 808 20 23 a
1294 796 117 36 fourth
1432 797 85 34 time

305 850 167 29 warrants
491 845 77 35 that
587 844 104 36 much
711 844 102 35 effort
831 855 45 24 on
895 856 62 24 our
977 850 88 39 part,
1085 850 36 29 at
1141 845 86 35 least
1246 845 35 35 in
1299 846 85 34 view
1402 845 39 34 of
1457 845 59 35 the

305 897 145 30 tenuous
471 893 150 43 grounds
641 903 44 24 on
705 893 112 34 which
838 893 67 34 this
925 904 80 24 case
1025 893 62 34 has
1107 893 100 35 twice
1227 893 86 35 been
1333 893 167 35 reversed.

395 987 74 33 The
482 987 130 43 deputy
626 992 199 38 prosecutor
838 993 36 28 to
887 988 113 34 whom
1015 987 67 34 this
1096 998 80 23 case
1189 999 70 23 was
1273 988 159 43 assigned
1447 999 69 23 was

305 1034 97 34 hired
414 1034 154 43 January
584 1035 132 40 1,1985
730 1034 68 34 and
811 1034 111 43 began
935 1035 119 34 efforts
1066 1039 36 29 to
1113 1035 113 34 locate
1237 1036 61 33 Dr.
1313 1036 156 33 Brunson
1481 1035 35 34 in

304 1081 244 44 mid-January
560 1081 54 35 for
626 1092 21 24 a
661 1081 176 44 February
850 1083 18 33 8
883 1082 79 34 trial
975 1082 91 34 date.
1080 1082 71 34 She
1163 1087 59 38 got
1235 1093 44 23 no
1291 1082 225 35 information

304 1128 91 35 from
414 1129 59 34 the
492 1129 169 35 Jefferson
682 1129 186 35 Memorial
888 1129 172 44 Hospital,
1080 1129 59 34 the
1158 1130 80 43 only
1256 1130 79 34 lead
1354 1129 61 35 she
1434 1129 79 35 had.

303 1176 97 43 They
410 1176 98 35 knew
517 1177 80 43 only
607 1177 43 34 he
659 1176 69 34 had
739 1176 86 35 been
834 1187 89 33 gone
932 1177 107 34 about
1048 1188 20 23 a
1079 1188 92 32 year.
1183 1177 71 34 She
1263 1177 183 35 contacted
1457 1177 59 34 the

303 1224 178 34 Arkansas
497 1224 100 35 State
613 1223 154 35 Medical
784 1224 113 34 Board
913 1225 68 34 and
997 1224 140 35 learned
1153 1225 154 43 nothing.
1325 1225 71 34 She
1411 1225 103 42 again

303 1271 183 35 contacted
510 1272 169 34 Jefferson
703 1272 187 34 Memorial
914 1272 68 35 and
1006 1272 140 34 learned
1170 1273 76 34 that
1270 1274 60 33 Dr.
1357 1273 157 34 Brunson

303 1319 112 42 might
425 1319 86 34 have
521 1330 87 32 gone
617 1325 36 28 to
663 1319 185 35 Alabama.
859 1320 71 34 She
940 1320 112 43 began
1061 1320 199 43 contacting
1269 1321 60 34 the
1338 1320 176 35 Alabama

305 1366 154 34 Medical
488 1367 112 34 Board
628 1366 68 35 and
724 1367 139 34 learned
891 1368 76 34 that
994 1368 44 34 he
1065 1367 111 43 might
1203 1368 87 34 have
1316 1368 136 34 located
1479 1368 35 34 in

304 1414 255 44 Montgomery.
576 1415 91 34 That
682 1414 174 44 produced
871 1415 143 43 nothing
1029 1415 88 34 until
1132 1426 162 24 someone
1308 1415 72 35 told
1395 1415 61 35 her
1470 1416 44 34 he

302 1461 101 35 could
425 1461 42 35 be
487 1462 34 34 in
543 1462 249 43 Birmingham.
814 1463 71 34 She
905 1463 111 43 began
1037 1463 127 43 calling
1185 1463 189 35 individual
1395 1463 118 33 clinics

302 1509 100 35 listed
427 1510 34 34 in
486 1510 59 34 the
569 1510 239 43 Birmingham
832 1510 171 45 directory
1027 1510 69 35 and
1121 1511 150 44 through
1295 1512 77 34 that
1396 1511 117 35 rather

302 1557 150 35 arduous
465 1558 151 41 method,
630 1557 108 36 found
751 1558 72 35 him
836 1564 36 29 at
885 1570 20 24 a
918 1559 87 35 local
1018 1559 112 35 clinic.
1145 1560 60 34 Dr.
1220 1560 157 35 Brunson
1391 1565 36 29 at
1439 1560 74 34 first

301 1605 175 35 indicated
492 1617 20 24 a
528 1606 206 43 willingness
750 1612 35 29 to
801 1617 99 24 come
915 1607 54 35 for
984 1607 90 41 trial,
1091 1607 83 35 then
1190 1607 226 45 equivocated
1431 1608 80 41 and,

301 1653 99 34 when
418 1654 26 34 it
462 1665 69 23 was
549 1659 57 30 too
624 1655 70 34 late
711 1653 53 35 for
782 1655 218 44 compulsory
1017 1666 187 30 measures,
1223 1656 44 34 he
1284 1655 168 35 declined.
1473 1657 40 33 In

302 1706 163 36 contrast,
483 1702 59 33 the
556 1702 137 34 witness
710 1702 34 33 in
759 1702 208 43 Satterfield
980 1714 30 22 v.
1027 1703 114 40 State,
1159 1704 66 33 248
1243 1704 85 33 Ark.
1348 1704 78 39 395,
1444 1704 65 33 451

302 1748 143 34 S.W.2d
461 1750 67 33 730
545 1748 137 43 (1979),
698 1749 90 34 cited
804 1749 45 44 by
864 1750 59 34 the
937 1749 173 44 majority,
1126 1761 70 23 was
1211 1761 103 24 never
1328 1751 184 34 contacted

302 1795 90 34 after
404 1796 26 34 it
442 1807 69 23 was
524 1796 139 35 learned
675 1796 44 35 he
731 1808 69 23 was
812 1797 35 34 in
860 1797 193 43 Kentucky.
1068 1797 74 35 The
1152 1798 210 43 Satterfield
1372 1798 140 43 opinion

301 1843 76 34 tells
404 1854 39 23 us
470 1844 76 34 that
572 1855 20 23 a
620 1854 94 24 mere
740 1844 113 44 phone
879 1845 66 34 call
972 1850 35 29 to
1034 1845 59 34 the
1119 1846 137 34 witness
1284 1845 113 35 would
1424 1846 88 34 have

300 1890 189 35 succeeded
504 1891 34 34 in
554 1892 132 42 getting
700 1891 72 35 him
787 1897 35 29 to
837 1893 178 34 Arkansas
1030 1892 54 34 for
1098 1893 59 34 the
1171 1893 90 41 trial,
1279 1894 107 34 â€œeven
1401 1898 36 29 at
1452 1893 59 35 the

299 1938 70 34 late
393 1938 81 34 date
498 1949 43 24 on
566 1939 111 34 which
702 1939 26 34 it
752 1950 70 24 was
846 1939 198 35 discovered
1068 1940 44 34 he
1136 1951 69 24 was
1230 1941 35 34 in
1290 1941 220 43 Kentucky.â€

301 1985 224 44 (Satterfield
533 1992 36 29 at
579 1997 31 33 p.
623 1986 96 43 400.)
731 1986 74 35 The
815 1987 79 35 trial
904 1993 98 29 court
1013 1987 108 34 found
1132 1999 20 23 a
1162 1988 90 42 good
1262 1988 90 35 faith
1362 1988 103 34 effort
1475 1993 36 29 to

299 2033 151 43 produce
460 2034 60 34 Dr.
532 2034 156 34 Brunson
699 2034 68 34 and
778 2035 14 33 I
803 2034 158 44 disagree
970 2036 76 34 that
1056 2046 51 23 we
1116 2046 65 23 can
1191 2036 91 34 label
1292 2036 77 34 that
1379 2035 132 44 finding

299 2080 128 44 clearly
445 2092 193 24 erroneous.
659 2082 14 33 I
692 2081 130 35 believe
839 2082 59 35 the
916 2093 80 24 case
1013 2082 122 35 should
1154 2083 43 34 be
1215 2083 157 35 affirmed
1390 2094 44 23 on
1452 2084 60 34 the

299 2128 156 43 strength
475 2128 40 35 of
533 2129 108 35 either
661 2129 188 44 Holloway
868 2141 31 23 v.
920 2131 113 40 State,
1054 2141 119 33 supra,
1195 2141 38 24 or
1251 2130 210 44 Satterfield
1479 2142 30 23 v.

298 2176 113 41 State,
431 2187 119 34 supra.

389 2271 113 34 When
513 2271 97 35 three
620 2271 97 35 trials
728 2283 59 23 are
797 2273 159 43 required
969 2273 193 43 (assuming
1173 2274 97 34 there
1280 2274 28 34 is
1319 2279 59 29 not
1389 2279 36 29 to
1435 2274 44 34 be
1489 2285 20 23 a

298 2317 133 43 fourth)
447 2318 119 35 before
578 2330 51 23 we
641 2329 65 24 can
719 2330 61 32 say
793 2330 101 33 every
907 2321 74 34 rule
994 2321 62 34 has
1069 2320 86 34 been
1169 2321 92 43 kept,
1275 2332 101 33 every
1389 2321 121 44 theory

297 2365 164 41 satisfied,
483 2377 62 23 our
566 2372 128 38 system
715 2366 28 34 is
764 2367 34 33 in
820 2367 130 43 danger
971 2367 40 35 of
1028 2368 189 43 collapsing
1238 2369 109 34 under
1369 2368 43 34 its
1433 2379 76 23 own

297 2413 137 42 weight.
