1632 2688
301 403 98 34 when
414 403 164 34 received.
593 404 69 33 See
676 404 37 33 B.
729 403 188 43 Goldberg,
933 404 186 34 Valuation
1133 403 40 34 of
1184 404 146 33 Divorce
1343 405 131 39 Assets,
1492 404 17 41 §

302 453 67 39 9.5,
381 458 36 28 at
428 453 77 33 254.
517 452 74 34 The
601 453 196 33 chancellor
807 453 103 34 chose
920 453 59 34 the
989 453 73 34 first
1073 453 151 40 method,
1236 464 44 23 an
1292 453 219 43 appropriate

301 501 151 33 method.
465 501 74 33 The
550 501 175 43 appellant
737 501 81 34 does
830 507 59 28 not
900 502 157 42 question
1069 502 59 33 the
1139 501 152 40 method,
1303 502 62 33 but
1376 502 134 33 instead

301 550 174 42 questions
487 550 58 33 the
555 550 186 33 valuation.
755 551 178 39 However,
945 555 36 29 at
993 550 78 34 trial
1083 561 44 23 no
1138 550 168 34 actuarial
1317 551 193 33 valuations

301 609 88 23 were
401 598 141 35 offered.
555 599 74 34 The
641 599 78 34 trial
731 604 98 29 court
841 599 101 34 could
954 599 100 34 value
1066 599 59 34 the
1137 599 107 43 rights
1257 599 79 43 only
1348 610 91 33 upon
1452 599 59 34 the

301 648 161 35 evidence
474 648 191 44 presented,
677 649 111 34 which
800 660 69 23 was
881 649 59 34 the
951 654 144 30 amount
1106 649 39 34 of
1153 649 82 35 cash
1247 649 76 34 that
1334 649 176 44 appellant

300 698 69 35 had
381 698 218 35 contributed
611 704 35 29 to
657 699 59 34 the
727 699 85 34 fund
825 704 36 29 at
872 699 59 34 the
942 699 84 35 time
1037 699 39 34 of
1085 699 58 34 the
1154 699 153 43 hearing.
1321 700 65 34 We
1397 700 112 34 affirm

300 749 59 34 the
379 749 78 34 trial
477 749 127 34 court’s
625 749 125 34 action.

326 263 21 33 O

351 262 17 34 oo

484 838 38 34 In
537 837 152 43 dividing
703 838 59 34 the
775 843 171 38 property,
961 838 59 34 the
1034 838 79 34 trial
1127 843 98 29 court
1239 838 160 34 awarded
1413 839 45 33 all
1473 838 40 34 of

299 887 59 34 the
367 887 188 35 household
565 887 171 35 furniture
745 887 68 35 and
823 899 19 23 a
853 887 126 35 Honda
989 888 211 34 automobile
1209 893 35 29 to
1253 888 165 44 appellee,
1429 888 79 41 and,

299 942 35 29 to
344 937 101 34 offset
455 937 86 41 that,
553 937 160 35 awarded
723 949 21 23 a
755 937 184 35 Chevrolet
948 938 127 44 pickup
1084 938 100 35 truck
1194 943 35 30 to
1239 938 185 44 appellant.
1435 939 74 34 The

299 987 175 44 appellant
494 987 165 35 contends
679 988 77 34 that
776 988 58 34 the
854 988 78 34 trial
953 993 97 30 court
1071 988 97 35 erred
1189 988 44 44 by
1253 988 177 43 awarding
1450 989 59 34 the

299 1037 154 43 appellee
468 1037 45 34 all
529 1037 38 34 of
579 1037 59 34 the
653 1037 180 35 furniture.
849 1038 75 34 The
938 1038 119 34 record
1073 1038 81 34 does
1169 1043 59 29 not
1243 1038 146 34 disclose
1403 1049 104 24 error.

298 1086 112 34 There
422 1097 69 23 was
504 1097 43 23 no
559 1087 185 43 testimony
755 1087 106 34 about
873 1087 59 34 the
942 1088 101 34 value
1054 1088 39 34 of
1102 1088 59 34 the
1173 1088 181 40 furniture,
1367 1088 59 34 the
1437 1099 69 30 car,

298 1146 38 23 or
348 1136 59 33 the
418 1136 109 33 truck.
540 1136 74 33 The
625 1136 79 43 only
716 1136 185 43 testimony
912 1137 106 34 about
1031 1137 58 34 the
1099 1137 101 34 value
1211 1137 40 34 of
1259 1137 97 34 these
1367 1137 100 34 items
1480 1138 27 33 is

298 1185 183 42 appellee’s
493 1185 184 43 testimony
689 1185 75 34 that
776 1186 59 33 the
845 1196 59 23 car
916 1186 27 33 is
955 1186 109 33 worth
1076 1186 65 34 less
1153 1186 84 34 than
1249 1186 59 34 the
1319 1187 110 33 truck.
1443 1187 65 33 We

298 1244 137 23 assume
445 1234 59 33 the
514 1233 195 35 chancellor
720 1234 191 44 attempted
922 1240 35 29 to
968 1235 145 34 balance
1123 1235 59 34 the
1192 1235 134 34 awards
1337 1235 45 43 by
1392 1235 115 43 giving

297 1283 59 33 the
374 1283 170 34 furniture
561 1283 68 34 and
647 1283 59 35 the
723 1284 103 34 lesser
843 1284 124 34 valued
984 1295 59 24 car
1061 1290 35 29 to
1113 1285 59 34 the
1189 1285 156 43 appellee
1362 1285 68 34 and
1448 1285 59 34 the

297 1343 95 23 more
412 1333 180 43 expensive
612 1333 100 34 truck
732 1338 35 29 to
787 1334 58 34 the
865 1334 186 43 appellant.

387 1422 188 43 Appellant
599 1427 80 29 next
703 1422 164 35 contends
892 1422 76 35 that
991 1423 59 34 the
1074 1429 144 29 amount
1241 1423 39 35 of
1301 1424 152 43 alimony
1477 1424 27 34 is

297 1471 180 34 excessive.
488 1472 112 33 There
611 1472 27 33 is
649 1482 44 24 no
703 1472 101 34 merit
815 1472 34 34 in
860 1472 59 34 the
929 1478 193 37 argument.
1134 1473 167 44 Appellee
1311 1473 28 34 is
1350 1474 43 33 43
1406 1485 99 32 years

296 1520 67 41 old,
375 1521 69 34 and
455 1521 62 34 has
528 1532 43 23 no
578 1521 61 43 job
650 1521 68 34 and
729 1532 43 23 no
779 1522 61 42 job
851 1522 104 34 skills.
968 1522 70 34 She
1049 1522 61 38 has
1121 1523 59 33 the
1190 1533 80 23 care
1281 1523 68 34 and
1360 1523 145 43 custody

296 1570 39 34 of
344 1570 59 34 the
414 1575 67 29 two
493 1570 110 35 minor
615 1570 164 42 children,
793 1571 58 34 the
863 1582 152 32 younger
1026 1583 66 23 one
1103 1572 102 43 being
1217 1572 80 43 only
1313 1574 38 33 13
1366 1573 138 34 months

296 1619 67 35 old.
392 1620 187 44 Appellant
607 1620 61 35 has
696 1632 20 23 a
740 1620 61 44 job
829 1621 68 34 and
925 1621 52 35 his
1005 1622 200 34 take-home
1232 1633 67 33 pay
1327 1622 90 35 from
1445 1623 60 34 the

296 1670 228 43 Department
538 1670 39 34 of
588 1670 222 43 Agriculture
823 1671 28 34 is
866 1671 34 34 in
915 1682 115 24 excess
1045 1671 39 35 of
1096 1673 185 40 $1,700.00
1296 1683 60 33 per
1370 1673 132 34 month.

295 1719 73 34 Out
391 1719 39 35 of
449 1720 76 34 that
548 1725 153 36 amount,
726 1720 58 35 the
808 1721 207 35 Chancellor
1038 1721 107 35 found
1169 1722 76 34 that
1269 1723 150 36 $500.00
1443 1733 60 33 per

295 1769 119 34 month
431 1769 27 35 is
475 1780 179 33 necessary
670 1770 53 34 for
739 1776 141 38 support
895 1771 39 34 of
947 1771 59 34 the
1021 1771 154 35 children
1191 1772 68 34 and
1276 1772 150 37 $400.00
1443 1783 60 33 per

294 1819 120 34 month
442 1819 53 34 for
523 1830 19 24 a
570 1820 117 43 period
715 1820 39 35 of
777 1820 65 35 five
869 1832 98 32 years
995 1821 27 34 is
1050 1832 181 33 necessary
1258 1821 53 35 for
1339 1822 162 43 alimony.

293 1869 227 43 Apparently,
540 1869 58 34 the
616 1869 195 35 chancellor
830 1870 160 35 awarded
1010 1871 152 43 alimony
1180 1871 53 34 for
1252 1872 59 34 the
1329 1872 118 43 period
1466 1872 40 34 of

294 1918 84 34 time
394 1918 43 34 he
453 1919 147 42 thought
617 1919 111 34 would
747 1919 42 35 be
805 1931 181 32 necessary
1003 1920 53 34 for
1073 1921 59 34 the
1148 1921 154 43 appellee
1319 1926 35 29 to
1371 1922 132 34 receive

293 1967 150 43 training
464 1968 68 34 and
552 1973 96 29 enter
668 1969 72 34 into
759 1969 59 34 the
834 1969 61 43 job
915 1970 145 34 market.

476 2056 74 34 The
561 2057 181 34 combined
755 2057 103 35 needs
870 2057 39 35 of
918 2058 58 34 the
988 2058 127 43 parties
1128 2069 59 23 are
1198 2064 136 37 greater
1345 2059 85 34 than
1442 2059 59 34 the

293 2105 144 34 income.
468 2106 104 34 Their
602 2106 184 44 testimony
816 2107 166 34 indicates
1012 2108 76 34 that
1119 2108 83 34 both
1232 2108 86 34 need
1348 2114 37 29 at
1414 2109 87 34 least

293 2155 185 40 $1,000.00
492 2166 60 33 per
566 2156 130 41 month,
711 2156 61 35 but
786 2157 97 34 there
895 2157 125 44 simply
1034 2157 27 35 is
1075 2163 59 29 not
1147 2158 76 34 that
1236 2158 104 34 much
1355 2158 145 35 income.

292 2204 74 34 The
387 2204 165 35 standard
574 2205 39 34 of
632 2206 104 43 living
757 2206 39 34 of
815 2206 84 35 both
921 2207 127 43 parties
1070 2207 68 34 will
1160 2208 116 34 suffer.
1300 2208 120 34 Under
1442 2208 60 35 the

292 2254 278 42 circumstances,
585 2255 59 34 the
656 2255 152 44 alimony
821 2256 116 35 award
950 2256 39 35 of
1000 2257 150 37 $400.00
1163 2268 59 33 per
1236 2258 121 34 month
1370 2257 53 35 for
1436 2258 66 34 five

291 2315 98 32 years
411 2304 26 34 is
458 2309 59 30 not
538 2305 179 35 excessive.

381 2393 169 35 Affirmed
571 2405 37 24 as
629 2395 172 35 modified.
