1632 2696
97 442 133 43 finding
249 442 59 34 the
327 441 141 44 pension
487 451 70 24 was
576 439 140 35 marital
736 444 170 39 property.
928 439 56 33 He
1002 438 75 34 first
1096 448 122 32 argues
1238 436 76 35 that

98 492 150 35 because
261 492 44 34 he
318 491 140 35 entered
471 491 60 34 the
544 490 129 34 service
687 489 91 44 prior
792 494 35 29 to
841 489 52 34 his
907 488 184 43 marriage,
1105 487 109 35 under
1228 487 84 34 Ark.

98 542 90 35 Stat.
215 543 92 33 Ann.
336 542 16 42 §
381 539 292 44 34-1214(B)(2),
698 539 59 35 the
781 539 142 44 pension
948 543 193 39 represents
1166 537 79 44 only
1270 548 44 23 an

99 593 156 34 increase
265 592 34 34 in
308 592 101 34 value
418 591 39 35 of
463 595 162 40 property
636 589 164 45 acquired
810 589 92 44 prior
911 594 36 29 to
956 588 60 35 the
1026 588 173 43 marriage
1209 587 68 35 and
1287 587 27 34 is

100 648 59 29 not
179 642 161 35 included
360 642 34 34 in
413 642 59 34 the
490 640 179 36 definition
689 640 39 34 of
744 639 139 35 marital
902 644 172 39 property.
1094 638 113 34 There
1225 637 27 35 is
1272 648 44 24 no

100 693 102 34 merit
223 698 35 29 to
279 692 68 35 this
367 696 194 39 argument.

1269 295 41 33 35

287 774 35 34 If
329 785 51 23 we
391 784 89 24 were
490 778 36 29 to
537 772 107 44 adopt
655 772 205 44 appellant’s
872 775 185 39 argument
1067 770 27 34 it
1104 769 113 35 would
1229 769 42 35 be
1282 769 35 34 in

101 824 140 34 conflict
251 824 83 33 with
345 834 62 23 our
417 823 183 42 reasoning
611 822 35 34 in
656 824 89 40 Day.
757 822 113 33 There
879 832 52 23 we
941 820 204 43 recognized
1156 820 59 34 the
1226 819 91 34 basis

101 873 54 35 for
171 885 20 23 a
207 873 152 44 spouse’s
374 873 92 42 right
480 878 36 28 to
531 872 201 34 retirement
747 871 144 34 benefits
906 882 70 23 was
991 869 107 35 based
1113 880 44 24 on
1172 869 59 34 the
1245 869 72 34 fact

101 924 78 34 that
195 923 60 34 the
270 923 234 43 employment
519 921 262 44 compensation
796 920 39 35 of
848 931 65 24 one
928 931 125 33 spouse
1068 930 70 24 was
1154 918 163 45 acquired

102 973 151 43 through
263 973 58 34 the
331 972 134 35 mutual
474 972 120 34 efforts
603 971 39 35 of
648 971 84 35 both
742 971 127 44 parties
878 970 69 35 and
956 970 77 34 that
1042 969 155 44 inequity
1205 968 113 35 would

103 1023 107 34 result
223 1022 30 35 if
263 1034 51 23 we
327 1022 105 34 failed
445 1027 36 29 to
494 1022 181 42 recognize
687 1021 60 34 the
759 1021 152 43 growing
925 1020 222 43 significance
1160 1019 158 44 pensions

103 1073 88 34 have
212 1072 126 44 played
360 1083 37 23 as
420 1077 78 38 part
519 1071 40 35 of
578 1071 60 34 the
659 1070 254 35 consideration
935 1070 54 34 for
1011 1069 244 44 employment.
1280 1069 39 34 In

103 1122 194 41 Marshall,
317 1133 51 23 we
386 1121 59 35 did
465 1121 182 43 recognize
665 1120 60 35 the
744 1125 159 39 separate
922 1125 124 29 nature
1065 1119 39 34 of
1120 1119 200 34 retirement

103 1173 147 34 benefits
269 1172 148 35 accrued
435 1172 92 44 prior
545 1176 36 30 to
599 1171 185 43 marriage,
803 1170 62 35 but
883 1181 51 23 we
952 1170 73 34 also
1044 1168 195 35 reaffirmed
1258 1179 62 24 our

104 1222 142 44 holding
257 1222 35 34 in
302 1224 78 41 Day
390 1222 76 34 that
477 1222 211 43 subsequent
698 1220 145 35 benefits
854 1219 148 36 accrued
1013 1219 125 43 during
1148 1219 173 43 marriage

104 1284 90 23 were
213 1272 139 35 marital
371 1277 171 39 property.
562 1271 190 44 Appellant
771 1271 62 34 has
851 1270 125 44 simply
995 1268 325 36 mischaracterized

104 1323 100 33 those
215 1322 145 34 benefits
372 1321 148 35 accrued
532 1321 126 42 during
670 1321 173 42 marriage
854 1331 38 23 as
904 1320 103 42 being
1019 1320 80 43 only
1111 1330 44 23 an
1167 1319 154 34 increase

105 1372 35 33 in
151 1372 52 33 his
213 1377 160 38 separate
383 1376 161 38 property
553 1370 70 35 and
633 1370 127 34 chosen
771 1375 35 29 to
815 1370 119 43 ignore
944 1370 35 33 in
989 1369 52 34 his
1052 1374 183 37 argument
1245 1369 76 33 that

105 1421 99 34 those
216 1421 145 34 benefits
372 1431 90 24 were
473 1420 139 35 marital
624 1425 173 39 property,
810 1430 20 24 a
842 1419 107 35 result
960 1419 39 34 of
1008 1419 136 34 mutual
1155 1418 118 34 efforts
1286 1417 39 35 of

105 1471 85 35 both
211 1471 128 44 parties
360 1482 37 23 as
417 1482 51 23 we
488 1471 88 34 have
595 1470 143 44 already
758 1469 79 35 held
857 1470 35 34 in
912 1471 89 41 Day.

197 1553 190 44 Appellant
400 1553 73 34 also
487 1563 124 33 argues
625 1552 77 35 that
715 1552 68 35 this
796 1562 80 24 case
889 1552 28 34 is
931 1551 288 44 distinguishable
1232 1550 91 35 from

106 1606 79 41 Day
200 1604 150 34 because
364 1604 59 34 the
437 1603 143 44 pension
596 1603 82 44 plan
693 1603 82 34 here
789 1602 28 34 is
833 1613 20 23 a
868 1602 308 43 noncontributory
1191 1612 74 23 one.
1283 1601 40 34 In

106 1656 79 40 Day
205 1665 52 23 we
277 1653 85 35 said:

233 1735 61 33 Dr.
313 1735 78 42 Day
408 1734 62 35 has
488 1733 85 35 used
591 1739 78 38 part
686 1733 40 35 of
739 1733 59 34 the
815 1733 151 43 family’s
984 1743 125 33 money
1126 1737 35 30 to
1179 1732 69 43 buy
1265 1732 59 34 the

233 1784 171 34 annuities
433 1784 44 34 he
505 1794 75 24 now
609 1784 97 34 seeks
735 1788 35 29 to
798 1788 139 38 exempt
965 1782 91 34 from
1084 1782 89 34 their
1201 1792 123 33 proper

233 1834 243 34 classification
487 1844 38 24 as
535 1833 141 35 marital
686 1838 171 39 property.
869 1832 121 35 Under
1000 1832 60 35 the
1070 1832 76 41 law,
1157 1832 166 40 however,

233 1895 52 24 we
300 1889 92 30 must
407 1884 181 43 recognize
602 1883 78 35 that
695 1884 88 34 Mrs.
799 1884 79 43 Day
893 1883 73 34 also
981 1882 220 35 contributed
1215 1887 36 30 to
1266 1882 59 34 the

234 1935 206 43 acquisition
449 1934 40 35 of
496 1934 59 35 the
565 1934 173 35 annuities
749 1934 45 43 by
804 1933 129 35 service
942 1944 38 24 as
991 1944 20 24 a
1022 1933 224 34 homemaker
1256 1932 69 35 and

234 1985 45 42 by
299 1985 142 42 bearing
461 1985 60 33 the
541 1984 52 34 six
612 1984 156 34 children
788 1983 69 35 and
877 1984 161 42 bringing
1058 1983 97 34 them
1174 1993 56 33 up.

108 2065 191 43 Appellant
322 2065 112 42 points
458 2070 61 28 out
542 2064 77 34 that
642 2064 118 34 unlike
782 2065 90 41 Day,
896 2074 44 23 no
963 2063 124 43 family
1110 2062 103 34 funds
1237 2073 89 23 were

109 2114 193 34 channeled
323 2114 71 34 into
415 2125 20 23 a
455 2114 202 34 retirement
677 2113 87 34 fund
784 2113 35 34 in
839 2113 68 34 this
927 2123 90 24 case.

295 2196 83 34 This
387 2200 184 39 argument
580 2195 177 35 overlooks
766 2195 59 34 the
834 2194 73 35 fact
915 2194 77 35 that
1002 2194 167 43 although
1178 2194 59 34 the
1245 2193 82 44 plan

109 2257 71 24 was
207 2246 317 43 noncontributory,
552 2246 60 34 the
637 2245 142 44 pension
805 2256 70 23 was
901 2245 35 34 in
962 2245 114 40 effect,
1104 2249 78 39 part
1207 2244 39 34 of
1268 2244 60 34 the

110 2296 256 35 consideration
385 2296 38 35 of
440 2296 52 34 his
512 2296 235 44 employment
766 2300 157 30 contract
942 2295 83 34 with
1045 2295 59 34 the
1123 2294 163 44 military,
1306 2305 21 23 a

110 2357 98 32 wage
234 2346 196 34 substitute.
457 2347 51 33 As
534 2346 27 34 it
586 2357 71 23 was
683 2345 255 34 consideration
964 2344 128 35 earned
1118 2344 124 43 during
1269 2344 59 34 the

111 2396 185 43 marriage,
313 2396 26 34 it
353 2396 203 34 constitutes
572 2395 140 34 marital
727 2400 171 39 property.
915 2395 85 33 Ark.
1016 2394 90 34 Stat.
1122 2395 92 33 Ann.
1233 2394 17 42 §
1269 2395 58 33 34-­

116 2445 166 43 1214(B).
294 2446 83 33 This
387 2445 28 34 is
426 2445 59 34 the
495 2445 163 43 majority
666 2445 96 34 view.
774 2444 77 41 See,
864 2444 132 34 Ohm v.
1010 2443 102 41 Ohm,
1123 2444 44 33 49
1179 2443 147 43 Md.Ap.
