1656 2696
142 387 162 40 Roberts,
328 399 118 32 supra.
470 388 75 34 The
568 388 161 44 plaintiff,
753 388 155 44 Graddy,
932 388 81 35 filed
1035 389 69 34 suit
1126 389 35 34 in
1185 390 170 33 Faulkner

143 437 141 43 County
297 437 53 34 for
363 438 156 43 personal
533 438 141 43 injuries
688 438 34 34 in
735 438 59 34 the
806 444 124 29 nature
941 438 40 35 of
991 439 221 41 “heartache,
1225 439 130 34 mental

143 487 159 42 anguish,
335 498 234 30 nervousness,
603 488 250 43 sleeplessness,
886 488 197 43 nightmare
1115 488 68 35 and
1215 489 140 34 shock.”

143 536 113 34 These
268 536 191 35 conditions
473 548 90 23 were
575 537 135 43 alleged
723 543 35 29 to
771 537 43 35 be
827 538 59 34 the
898 538 107 34 result
1018 538 39 34 of
1067 538 59 34 the
1138 538 218 35 defendant’s

144 586 108 34 abuse
265 586 39 34 of
314 597 146 33 process,
475 587 181 34 malicious
670 587 228 44 prosecution,
911 588 179 34 vexatious
1103 588 171 43 litigation
1287 588 69 35 and

144 635 88 35 false
251 636 272 43 imprisonment.
543 637 75 34 The
637 637 154 43 plaintiff
807 637 134 35 resided
960 638 35 34 in
1015 638 172 34 Faulkner
1206 638 150 44 County,

143 686 134 42 though
299 686 59 34 the
379 686 190 35 defendant
591 686 69 35 had
683 698 44 23 no
749 687 130 35 branch
901 687 100 35 office
1022 698 38 24 or
1082 688 98 34 other
1202 688 98 44 place
1321 688 39 34 of

144 736 157 34 business
315 736 106 34 there.
438 737 38 33 In
491 737 162 43 granting
667 737 59 34 the
739 737 218 35 defendant’s
972 737 145 44 petition
1130 737 54 35 for
1198 749 20 23 a
1232 738 76 34 writ
1321 738 40 34 of

144 785 210 44 prohibition
375 791 35 29 to
430 786 59 34 the
510 786 172 35 Faulkner
703 787 134 34 Circuit
857 787 121 41 Court,
999 799 52 23 we
1070 787 85 35 said:

1287 249 66 34 359

361 869 39 34 In
411 869 154 35 Monk v.
577 869 120 42 Ehret,
713 871 64 33 192
789 870 75 35 Cal.
881 871 155 40 186, 219
1048 872 79 33 Pac.
1139 872 68 33 452
1220 871 137 43 (1923),

270 919 97 34 there
375 930 69 23 was
454 919 110 35 under
573 920 253 34 consideration
836 931 20 24 a
866 926 130 29 statute
1005 921 131 34 similar
1145 926 36 30 to
1189 932 90 30 ours,
1289 921 69 35 and

270 968 90 35 after
388 969 181 44 reviewing
596 970 59 34 the
682 970 130 44 history
838 970 39 35 of
900 971 60 34 the
986 976 199 29 enactment
1211 971 39 35 of
1273 972 85 34 such

270 1023 157 36 statutes,
438 1019 25 34 it
472 1030 70 24 was
552 1019 191 35 concluded
753 1020 75 34 that
838 1020 58 35 the
905 1025 89 30 term
1004 1021 181 43 “personal
1194 1021 163 43 injuries”

271 1068 34 34 in
318 1068 59 35 the
389 1074 130 29 statute
532 1080 70 24 was
615 1069 133 35 limited
762 1075 35 29 to
809 1071 177 43 corporeal
999 1081 38 24 or
1051 1071 154 43 physical
1218 1071 140 43 injuries

271 1118 45 44 by
331 1129 120 24 reason
466 1118 39 35 of
517 1130 68 33 any
598 1119 164 35 violence.
778 1120 91 35 That
884 1125 109 36 court,
1009 1120 34 35 in
1058 1120 104 35 Plum
1176 1132 30 23 v.
1221 1122 138 42 Forgay

270 1168 152 35 Lumber
432 1169 73 41 Co.,
520 1170 64 33 118
596 1169 171 44 Cal.App.
779 1170 87 41 76, 4
876 1170 85 34 P.2d
972 1171 68 34 804
1052 1170 138 43 (1931),
1200 1170 158 35 followed

271 1218 59 34 the
346 1229 95 24 same
457 1219 235 35 construction
708 1219 39 35 of
760 1220 59 34 the
834 1225 89 29 term
940 1220 182 44 “personal
1138 1221 135 44 injury”
1290 1221 68 35 and

271 1268 79 34 held
371 1269 76 34 that
468 1280 44 23 an
534 1269 115 35 action
670 1269 54 35 for
744 1270 179 34 malicious
944 1271 219 43 prosecution
1183 1271 68 34 and
1272 1271 87 35 false

272 1323 108 30 arrest
394 1319 101 34 could
509 1324 60 30 not
583 1319 43 35 be
639 1320 213 34 maintained
866 1320 35 34 in
914 1320 60 34 the
987 1326 128 38 county
1128 1321 34 34 in
1176 1321 111 34 which
1300 1321 59 35 the

271 1373 109 30 arrest
400 1369 176 34 occurred.

362 1452 110 34 Other
481 1457 116 29 courts
608 1452 87 34 have
704 1452 80 34 held
793 1458 35 29 to
838 1453 59 34 the
905 1458 171 39 contrary.
1087 1453 67 35 See
1162 1453 196 35 Hatcher v.

270 1501 178 34 Southern
467 1503 65 41 Ry.
557 1502 74 40 Co.,
656 1503 61 33 191
741 1502 79 34 Ala.
842 1503 79 40 634,
943 1503 43 34 68
1008 1503 57 34 So.
1089 1504 41 33 55
1155 1503 136 42 (1915).

363 1610 178 40 However,
554 1620 52 24 we
617 1609 68 35 feel
696 1610 77 34 that
784 1610 109 35 under
903 1610 193 42 Robinson,
1108 1622 119 33 supra,
1239 1623 51 23 we
1300 1623 60 23 are

271 1659 202 35 committed
486 1665 35 29 to
533 1660 60 34 the
603 1660 85 35 view
701 1660 181 44 expressed
894 1661 45 44 by
951 1661 194 35 California
1157 1662 34 34 in
1202 1662 115 35 Monk
1327 1673 30 23 v.

271 1709 118 40 Ehret,
413 1721 120 33 supra,
556 1710 69 35 and
648 1711 246 44 consequently
915 1711 72 35 find
1009 1711 77 35 that
1107 1712 60 34 the
1189 1712 170 35 Faulkner

272 1759 134 35 Circuit
420 1760 110 34 Court
544 1760 27 35 is
585 1760 146 35 without
743 1772 119 23 venue.
876 1762 77 33 Nor
966 1772 66 24 can
1045 1773 52 23 we
1109 1762 71 35 find
1193 1762 166 44 anything

272 1809 34 34 in
322 1810 59 33 the
396 1810 187 42 allegation
598 1810 83 34 with
697 1810 176 35 reference
888 1816 36 29 to
940 1812 131 33 mental
1087 1812 146 42 anguish
1248 1812 112 34 which

271 1859 114 34 would
408 1859 135 44 change
567 1860 68 34 this
660 1860 117 41 result,
803 1860 93 35 since
919 1861 69 34 this
1012 1872 70 24 was
1107 1862 73 34 also
1204 1873 20 23 a
1248 1862 112 34 factor

272 1909 155 35 involved
448 1909 33 35 in
502 1910 60 35 the
581 1910 182 35 Robinson
782 1921 89 25 case.

332 1994 188 43 Appellant
534 1994 84 35 cites
632 1996 94 33 M.B.
742 1996 51 33 M.
811 1996 60 33 Co.
885 2006 31 23 v.
933 1996 150 40 Counce,
1099 1996 66 34 268
1180 1996 84 34 Ark.
1280 1997 79 40 265,

149 2044 67 33 596
241 2043 143 34 S.W.2d
409 2044 42 34 68
479 2043 138 44 (1980).
642 2044 113 35 There
779 2045 69 34 Ms.
874 2045 143 35 Counce
1040 2045 85 35 sued
1148 2046 61 34 her
1232 2045 129 35 former

147 2093 176 43 employer
339 2093 53 34 for
407 2093 170 43 wrongful
592 2094 183 43 discharge
789 2094 109 35 under
913 2095 269 35 circumstances
1198 2095 163 35 intended

147 2147 36 29 to
193 2152 105 24 cause
307 2153 116 24 severe
433 2143 186 34 emotional
629 2143 151 35 distress.
792 2144 74 34 The
875 2144 152 34 decision
1038 2144 34 34 in
1085 2145 139 34 Counce
1233 2145 27 34 is
1271 2145 39 34 of
1316 2156 45 23 no

147 2192 90 33 avail
257 2192 35 33 in
311 2192 68 34 this
398 2203 89 23 case.
508 2193 122 33 Venue
648 2204 70 23 was
738 2198 59 29 not
816 2204 44 23 an
880 2193 91 34 issue
989 2193 35 34 in
1045 2194 150 40 Counce,
1215 2194 68 34 and
1302 2194 59 34 the

147 2241 140 43 opinion
304 2246 96 29 notes
417 2241 76 34 that
510 2242 70 33 Ms.
599 2242 143 34 Counce
758 2242 168 43 regarded
943 2243 61 33 her
1019 2253 105 24 cause
1139 2243 40 34 of
1192 2243 114 34 action
1323 2254 38 23 as

147 2290 171 43 sounding
333 2290 34 34 in
381 2295 167 36 contract,
564 2291 117 34 rather
695 2291 85 34 than
795 2291 34 34 in
843 2296 79 30 tort.
939 2292 115 34 While
1068 2292 176 44 appellant
1258 2292 103 34 Odell

147 2339 63 35 has
229 2339 155 35 couched
403 2340 60 35 her
481 2340 190 44 complaint
690 2341 34 34 in
743 2346 106 29 terms
868 2341 39 35 of
922 2341 205 35 intentional
1145 2352 128 33 wrong,
1292 2342 69 34 and

147 2389 122 35 willful
297 2390 68 34 and
391 2395 137 30 wanton
555 2390 161 42 conduct,
744 2391 83 34 bare
853 2391 204 43 allegations
1083 2391 40 35 of
1145 2391 121 35 willful
1293 2392 69 34 and
