1676 2705
1299 267 68 34 469

252 788 81 34 Witt
353 788 81 35 Law
451 789 107 38 Firm,
580 788 93 41 P.C.,
695 788 55 44 by:
771 790 106 33 Ernie
900 790 93 40 Witt,
1014 789 53 35 for
1088 790 185 43 appellant.

247 864 149 38 Hixson,
410 862 192 36 Cleveland
612 865 31 33 &
654 863 113 41 Rush,
779 863 55 44 by:
843 863 118 36 David
968 866 36 33 L.
1016 864 113 42 Rush,
1140 864 53 35 for
1203 866 165 43 appellee.

248 938 126 35 David
383 938 208 40 Newbern,
601 938 142 35 Justice.

753 938 74 36 The
835 939 156 44 appellee
999 939 126 43 sought
1134 939 236 35 enforcement

155 986 40 35 of
203 987 176 35 visitation
391 987 107 44 rights
511 993 170 39 pursuant
692 993 35 30 to
740 999 21 23 a
772 988 137 36 divorce
920 988 124 35 decree
1055 989 115 35 issued
1182 989 45 44 by
1239 1000 20 23 a
1271 995 99 29 court

156 1037 35 34 in
213 1036 59 35 the
294 1036 100 36 State
414 1037 40 35 of
473 1037 231 44 Washington
727 1037 68 36 and
817 1038 188 43 registered
1027 1038 34 35 in
1083 1039 189 36 Arkansas.
1295 1039 75 35 The

156 1086 178 44 appellant
356 1086 191 45 responded
569 1087 45 44 by
636 1088 140 43 seeking
798 1087 237 36 modification
1056 1088 40 35 of
1115 1088 60 37 the
1194 1088 175 37 visitation

156 1136 199 45 provisions.
371 1137 73 35 The
458 1136 197 36 chancellor
669 1137 80 36 held
764 1137 43 36 he
821 1137 122 37 lacked
953 1138 220 44 jurisdiction
1187 1144 36 30 to
1237 1138 133 46 modify

155 1186 61 37 the
232 1186 230 44 Washington
478 1186 124 36 decree
617 1188 150 36 because
782 1188 39 35 of
834 1188 60 35 the
909 1188 166 36 Uniform
1091 1188 106 36 Child
1213 1189 156 44 Custody

156 1235 223 37 Jurisdiction
396 1238 79 40 Act,
492 1237 87 36 Ark.
597 1237 90 36 Stat.
704 1239 92 34 Ann.
816 1238 41 44 §§
877 1239 150 35 34-2701
1048 1239 150 43 through
1216 1240 151 34 34-2725

157 1285 126 46 (Supp.
300 1286 118 44 1985),
430 1287 69 35 and
511 1287 55 41 he,
578 1287 186 42 therefore,
777 1288 58 35 did
847 1294 60 29 not
918 1289 76 35 rule
1005 1300 45 24 on
1061 1289 60 35 the
1132 1290 119 34 merits
1263 1289 39 35 of
1310 1289 60 36 the

155 1336 186 45 appellee’s
351 1337 236 38 modification
597 1337 156 45 petition.
766 1339 65 34 We
840 1349 134 26 reverse
984 1339 149 36 because
1142 1350 52 24 we
1203 1339 167 38 conclude

155 1386 61 36 the
231 1387 196 37 chancellor
442 1386 82 37 does
539 1388 89 35 have
638 1387 219 45 jurisdiction
874 1394 35 30 to
925 1388 134 45 modify
1074 1390 59 35 the
1147 1389 132 36 decree.
1295 1390 75 35 The

155 1436 198 37 chancellor
376 1436 59 36 did
460 1443 59 29 not
543 1437 69 36 cite
635 1449 69 33 any
728 1439 188 45 particular
940 1439 131 35 section
1095 1439 40 35 of
1155 1440 60 35 the
1237 1441 70 34 Act
1331 1451 38 24 as

156 1486 203 45 precluding
381 1487 73 37 him
476 1487 91 37 from
590 1488 120 43 taking
729 1488 229 44 jurisdiction.
983 1489 75 35 Our
1080 1489 123 35 review
1225 1489 39 35 of
1283 1490 86 35 each

155 1536 132 37 section
297 1536 39 35 of
343 1536 59 36 the
411 1538 69 34 Act
490 1537 163 35 discloses
664 1548 89 25 none
762 1538 112 35 which
884 1538 114 37 would
1009 1539 63 34 bar
1082 1539 73 34 him
1164 1539 91 35 from
1264 1539 104 44 doing

156 1596 48 24 so.

340 1661 140 37 Section
504 1661 211 44 34-2714(a)
741 1672 143 33 governs
906 1663 238 35 modification
1166 1664 39 34 of
1224 1663 145 45 custody

154 1710 141 37 decrees
316 1710 165 37 rendered
502 1711 46 45 by
567 1716 116 31 courts
703 1712 40 35 of
759 1712 98 36 other
877 1717 117 31 states.
1017 1714 31 34 It
1068 1713 167 44 provides:

371 1786 35 35 If
414 1797 20 24 a
445 1792 99 29 court
555 1786 40 35 of
602 1787 146 35 another
759 1792 90 31 state
860 1787 62 36 has
933 1788 104 35 made
1048 1799 21 24 a
1080 1789 145 44 custody
1235 1789 133 41 decree,

279 1846 21 25 a
309 1841 99 30 court
416 1836 40 35 of
462 1836 68 35 this
539 1836 101 36 State
649 1837 88 35 shall
747 1842 60 31 not
815 1837 134 45 modify
958 1838 76 35 that
1043 1838 123 35 decree
1175 1839 124 35 unless:
1312 1838 54 43 (1)

279 1885 27 35 it
322 1896 145 34 appears
483 1891 36 30 to
535 1886 60 35 the
610 1892 99 29 court
725 1886 39 36 of
776 1887 68 35 this
860 1887 100 35 State
976 1888 77 35 that
1068 1888 60 35 the
1143 1893 98 30 court
1256 1888 112 35 which

279 1935 166 35 rendered
460 1935 59 36 the
532 1936 124 35 decree
669 1936 82 35 does
765 1942 60 30 not
839 1947 75 25 now
929 1938 87 34 have
1027 1937 218 44 jurisdiction
1259 1937 109 36 under

275 1984 254 44 jurisdictional
556 1986 243 44 prerequisites
826 1987 243 44 substantially
1095 1988 35 35 in
1156 1988 213 35 accordance

279 2034 83 38 with
378 2035 68 36 this
462 2036 70 35 Act
554 2035 57 44 [§§
631 2037 155 44 34-2701
786 2037 47 44 —
833 2037 170 44 34-2725]
1025 2048 38 25 or
1080 2038 62 35 has
1159 2038 157 35 declined
1333 2043 35 31 to

280 2096 137 26 assume
424 2086 220 44 jurisdiction
656 2091 36 30 to
703 2086 133 45 modify
847 2087 59 35 the
916 2088 124 35 decree
1051 2088 69 36 and
1133 2088 54 43 (2)
1201 2089 59 35 the
1270 2094 99 32 court

278 2135 41 35 of
335 2135 68 38 this
423 2136 100 35 State
542 2137 63 35 has
622 2137 230 43 jurisdiction.

155 2210 169 35 Whether
344 2210 59 36 the
423 2211 230 43 Washington
673 2217 99 29 court
791 2212 179 35 continues
991 2218 36 29 to
1047 2213 88 36 have
1150 2213 218 43 jurisdiction

154 2265 94 31 must
264 2259 45 36 be
325 2260 214 35 determined
555 2260 46 45 by
618 2260 177 36 reference
810 2267 36 30 to
864 2262 18 42 §
902 2262 165 41 34-2703,
1085 2262 69 35 and
1170 2274 51 24 we
1237 2263 71 35 find
1324 2273 45 24 no

154 2309 172 45 provision
339 2310 97 36 there
447 2310 112 35 which
571 2310 114 37 would
697 2311 120 35 confer
825 2311 219 44 jurisdiction
1056 2323 45 23 on
1113 2312 60 35 the
1185 2313 183 43 Washing-

154 2364 60 30 ton
235 2364 100 33 court
355 2365 36 29 to
411 2360 171 35 entertain
603 2361 60 34 the
683 2361 184 44 appellee’s
888 2367 138 38 request
1046 2361 55 35 for
1121 2361 246 37 modification.

155 2408 151 41 Instead,
321 2409 60 34 the
394 2409 120 35 record
528 2409 119 35 before
660 2420 40 24 us
715 2410 110 35 shows
839 2410 59 35 the
911 2415 68 30 two
993 2410 155 35 children
1162 2411 35 34 in
1211 2411 158 44 question
