1656 2696
128 425 146 35 decided
286 426 33 34 in
336 427 98 39 1803,
446 426 58 34 the
515 426 170 43 Supreme
697 426 109 34 Court
817 426 62 34 has
891 426 68 34 had
971 426 59 34 the
1040 426 252 43 responsibility
1304 426 39 34 of

130 476 226 43 interpreting
370 476 58 34 the
442 475 130 35 United
587 475 116 35 States
718 475 234 35 Constitution
967 475 69 35 and
1050 476 59 34 the
1123 481 89 29 state
1225 480 115 30 courts

130 525 77 34 that
232 525 40 34 of
295 525 223 43 interpreting
545 525 58 34 the
629 530 90 29 state
743 525 251 34 constitutions.
1023 526 67 33 But
1115 525 60 34 the
1196 525 144 43 judicial

130 575 177 44 authority
323 575 80 34 does
420 580 59 29 not
495 574 125 35 extend
637 574 134 44 beyond
788 575 272 43 interpretation.
1077 575 74 34 The
1166 580 114 29 courts
1297 574 44 35 do

131 631 59 28 not
202 625 87 34 have
300 625 59 34 the
369 635 113 33 power
493 630 35 29 to
539 624 81 35 hold
632 635 20 24 a
663 624 259 35 constitutional
933 624 166 35 mandate
1109 625 34 34 in
1155 625 185 43 abeyance;

130 675 82 43 they
224 674 123 35 should
359 680 58 29 not
429 675 87 34 have
526 675 77 34 that
615 685 123 33 power.
750 674 74 35 The
835 674 259 35 constitutional
1105 686 75 32 way
1191 674 39 35 of
1238 674 103 44 doing

131 725 116 42 things
260 735 80 32 may
351 724 43 34 be
405 725 80 33 slow
497 729 37 29 at
545 724 113 41 times,
670 724 62 35 but
744 724 26 35 it
781 724 27 34 is
820 725 59 33 the
890 724 92 43 right
993 735 85 33 way.
1092 724 35 34 If
1135 735 20 24 a
1167 730 126 38 county
1304 735 38 24 or

131 774 70 43 city
214 774 159 43 urgently
385 774 103 34 needs
500 785 20 23 a
533 774 129 44 capital
675 774 259 44 improvement,
947 774 191 34 additional
1150 774 192 43 legislation

132 824 28 34 is
173 829 59 29 not
243 823 170 45 required;
426 823 52 35 for
489 824 237 34 Amendment
738 825 44 33 62
794 824 27 34 is
833 824 263 43 self-executing
1107 824 68 34 and
1187 824 155 44 provides

133 874 34 34 in
194 874 140 34 Section
361 875 20 33 6
408 874 76 34 that
510 874 34 34 in
570 874 59 34 the
655 874 148 34 absence
828 874 39 34 of
890 875 82 33 laws
998 874 260 44 implementing
1284 874 60 35 the

133 924 247 40 Amendment,
398 924 163 34 elections
579 935 81 32 may
677 924 43 34 be
736 924 110 34 called
864 924 68 35 and
949 924 194 35 conducted
1160 924 108 35 under
1284 924 59 35 the

133 974 83 34 laws
226 974 185 43 governing
422 974 163 34 elections
595 974 185 43 generally.
791 975 50 33 As
851 973 53 35 for
914 985 147 23 revenue
1070 974 120 41 bonds,
1201 974 142 43 nothing

133 1024 120 34 stands
273 1024 34 34 in
327 1024 59 34 the
404 1024 84 43 path
507 1023 39 35 of
563 1024 89 34 their
672 1024 212 43 availability
903 1029 121 39 except
1043 1024 59 34 the
1121 1024 87 34 need
1227 1024 53 34 for
1299 1035 44 23 an

134 1074 157 34 election.
311 1074 74 34 The
403 1073 146 35 framers
568 1073 39 35 of
623 1074 59 34 the
701 1073 235 35 Constitution
955 1074 68 34 and
1042 1074 39 34 of
1096 1074 60 34 the
1173 1074 171 44 pertinent

134 1123 241 35 amendments
390 1123 58 34 did
463 1128 59 30 not
537 1123 102 35 share
652 1123 59 35 the
726 1129 167 38 apparent
908 1124 197 34 reluctance
1119 1123 39 35 of
1168 1124 59 34 the
1241 1124 103 34 amici

134 1173 118 34 curiae
272 1178 35 29 to
328 1178 107 29 resort
455 1178 35 29 to
510 1173 146 44 popular
676 1173 173 34 elections.

1220 285 117 33 293-D

226 1244 75 33 The
321 1243 142 44 petition
484 1243 53 35 for
557 1243 182 43 rehearing
760 1244 27 33 is
807 1243 134 35 denied.

228 1315 119 40 Holt,
369 1314 86 41 C.J.,
476 1325 155 24 concurs.

228 1386 159 34 Dudley
407 1385 68 34 and
496 1386 115 40 Hays,
633 1385 64 41 JJ.,
718 1385 214 43 concurring.

227 1469 160 39 Purtle,
408 1468 42 40 J.,
471 1473 59 29 not
550 1468 256 43 participating.

228 1539 99 33 Jack
342 1539 118 40 Holt,
474 1539 68 40 Jr.,
557 1538 142 41 Justice,

713 1538 214 43 concurring.
942 1539 15 33 I
967 1538 74 43 join
1054 1539 83 34 with
1149 1538 59 35 the
1221 1539 125 34 court’s

136 1588 253 43 supplemental
403 1588 150 44 opinion,
570 1588 114 35 issued
699 1599 92 33 upon
806 1588 59 35 the
878 1588 115 35 denial
1008 1588 39 35 of
1059 1589 59 34 the
1132 1589 147 34 Petition
1293 1588 54 35 for

137 1638 208 43 Rehearing.
357 1639 178 40 However,
546 1639 14 34 I
569 1638 158 35 consider
736 1638 27 35 it
771 1638 220 44 appropriate
999 1643 36 30 to
1043 1644 81 29 note
1131 1639 77 34 that
1216 1639 131 34 certain

136 1688 200 43 petitioners
361 1688 33 34 in
419 1688 132 34 amicus
575 1688 118 34 curiae
717 1688 105 34 briefs
846 1689 62 33 ask
931 1699 40 24 us
995 1694 35 29 to
1054 1689 74 34 rule
1151 1699 44 24 on
1218 1689 129 34 several

136 1738 178 34 collateral
324 1743 155 36 matters,
490 1738 179 44 primarily
678 1738 207 43 concerning
895 1738 178 35 Arkansas
1083 1749 147 24 revenue
1239 1738 108 35 bonds

136 1788 115 34 issued
267 1788 34 34 in
316 1787 213 35 accordance
543 1788 83 34 with
641 1788 223 34 amendment
880 1789 44 33 20
939 1793 35 29 to
989 1788 59 34 the
1063 1788 234 35 Constitution
1312 1788 39 34 of

136 1838 60 34 the
215 1838 101 34 State
335 1837 39 35 of
390 1838 190 41 Arkansas,
601 1837 69 35 and
690 1838 59 34 the
768 1838 259 35 constitutional
1047 1843 135 39 aspects
1201 1838 39 34 of
1257 1838 91 34 bond

137 1887 186 43 refunding
343 1887 44 43 by
407 1898 20 23 a
448 1887 241 44 municipality
709 1888 143 34 without
872 1888 92 43 prior
983 1893 96 29 voter
1099 1888 173 43 approval.

229 1957 112 34 These
366 1957 106 34 issues
499 1968 59 24 are
584 1957 159 44 properly
769 1963 59 29 not
854 1957 153 35 resolved
1033 1958 45 43 by
1103 1958 60 34 the
1188 1958 161 43 majority

138 2007 150 44 opinion,
299 2007 166 41 however,
477 2008 14 34 I
502 2007 100 35 think
611 2018 45 24 an
666 2007 220 44 explanation
897 2007 53 35 for
960 2008 59 34 the
1029 2007 125 35 failure
1163 2013 35 29 to
1208 2007 140 35 address

138 2057 96 34 them
258 2057 27 34 is
309 2057 204 35 warranted.
539 2058 65 33 We
627 2057 44 34 do
695 2063 59 29 not
777 2057 131 35 discuss
932 2058 96 34 these
1051 2058 150 43 subjects
1225 2058 124 43 simply

138 2107 149 34 because
300 2107 80 43 they
393 2106 44 35 do
450 2112 59 29 not
522 2106 62 35 fall
597 2107 120 34 within
730 2107 59 34 the
801 2107 208 34 framework
1020 2107 40 34 of
1069 2107 59 34 the
1140 2118 79 23 case
1231 2107 118 34 before

138 2167 51 29 us,
201 2156 113 34 which
326 2156 174 44 questions
512 2156 60 35 the
583 2156 175 44 authority
770 2156 39 35 of
817 2167 21 24 a
849 2157 70 43 city
930 2167 38 24 or
980 2157 239 43 municipality
1230 2157 120 34 within

138 2206 68 34 this
219 2211 90 29 state
322 2211 35 29 to
369 2206 90 34 issue
472 2206 189 44 municipal
674 2206 108 34 bonds
795 2206 144 35 without
952 2217 44 24 an
1009 2207 146 34 election
1168 2206 35 34 in
1215 2206 86 43 light
1313 2206 40 34 of

138 2256 60 34 the
214 2255 259 35 constitutional
491 2256 179 34 restraints
687 2255 39 35 of
741 2256 223 34 amendment
985 2258 39 32 13
1044 2261 35 29 to
1096 2256 59 34 the
1171 2256 178 34 Arkansas

140 2305 246 34 Constitution.

231 2376 65 34 We
308 2386 59 24 are
379 2386 74 24 now
466 2375 102 43 being
580 2375 106 35 asked
698 2381 36 29 to
745 2375 121 35 decide
877 2376 175 43 questions
1064 2386 44 24 on
1120 2376 107 34 issues
1239 2375 112 35 which

139 2436 90 24 were
246 2430 60 30 not
323 2425 119 35 before
458 2425 60 35 the
535 2425 79 35 trial
631 2430 109 30 court.
759 2425 104 35 Since
880 2436 51 24 we
947 2425 44 35 do
1009 2430 60 30 not
1086 2425 91 35 issue
1194 2425 157 44 advisory
