<?xml version='1.0' encoding='utf-8'?>
<alto xmlns="http://www.loc.gov/standards/alto/ns-v3#">
  <!--Created by Innodata R.E.D. RLI tool: 2017-04-25 06:27:40.083030-->
  <Description>
    <MeasurementUnit>pixel</MeasurementUnit>
    <sourceImageInformation>
      <fileName>32044078577194_00316_0.tif</fileName>
    </sourceImageInformation>
    <OCRProcessing ID="OP_1">
      <ocrProcessingStep>
        <processingStepDescription>Alto coordinates refer to the deskewed TIFF file. 
		To convert point (x, y) to original image (TIFF or JP2) apply transformation matrix T=(m00, m01, m10, m11, b0, b1) using the rule:
			T * (x,y) = (m00 * x + m01 * y + b0), (m10 * x + m11 * y + b1)</processingStepDescription>
        <processingStepSettings>RED.transform=(0.9999595002733742, -0.008999878500492074, 0.008999878500492074, 0.9999595002733742, 0.09600000000000364, -14.916000000000059)</processingStepSettings>
      </ocrProcessingStep>
    </OCRProcessing>
  </Description>
  <Styles>
    <TextStyle FONTFAMILY="Times New Roman" FONTSIZE="10.50" FONTSTYLE="bold smallcaps" FONTTYPE="serif" FONTWIDTH="proportional" ID="Style_2"/>
    <TextStyle FONTFAMILY="Times New Roman" FONTSIZE="11.00" FONTTYPE="serif" FONTWIDTH="proportional" ID="Style_3"/>
    <TextStyle FONTFAMILY="Times New Roman" FONTSIZE="11.00" FONTSTYLE="italics" FONTTYPE="serif" FONTWIDTH="proportional" ID="Style_4"/>
    </Styles>
  <Tags>
    <StructureTag ID="b631-4" LABEL="pagelabel"/>
    <StructureTag ID="b631-7" LABEL="attorneys"/>
    <StructureTag ID="b631-8" LABEL="attorneys"/>
    <StructureTag ID="b631-9" LABEL="author"/>
    <StructureTag ID="AkRA" LABEL="p"/>
    <StructureTag ID="b631-10" LABEL="p"/>
    <StructureTag ID="b631-11" LABEL="p"/>
    </Tags>
  <Layout>
    <Page HEIGHT="2703" ID="PG_631" PHYSICAL_IMG_NR="631" WIDTH="1672">
      <PrintSpace HEIGHT="2703" HPOS="0" ID="PS_631" VPOS="0" WIDTH="1672">
        <TextBlock HEIGHT="33.0" HPOS="1307.0" ID="BL_631.3" TAGREFS="b631-4" VPOS="262.0" WIDTH="65.0">
          <TextLine HEIGHT="33" HPOS="1307" ID="TL_631.3.1" VPOS="262" WIDTH="65">
            <String CONTENT="593" HEIGHT="33" HPOS="1307" ID="ST_631.3.1.1" STYLEREFS="Style_3" VPOS="262" WIDTH="65" WC="0.78" CC="000" TAGREFS=""/>
          </TextLine>
        </TextBlock>
        <TextBlock HEIGHT="43.0" HPOS="251.0" ID="BL_631.7" TAGREFS="b631-7" VPOS="601.0" WIDTH="352.0">
          <TextLine HEIGHT="43" HPOS="251" ID="TL_631.7.1" VPOS="601" WIDTH="352">
            <String CONTENT="Appellant," HEIGHT="43" HPOS="251" ID="ST_631.7.1.1" STYLEREFS="Style_3" VPOS="601" WIDTH="199" WC="0.96" CC="0000000000" TAGREFS=""/>
            <SP HPOS="450" ID="SP_631.7.1.2" VPOS="611" WIDTH="19"/>
            <String CONTENT="pro" HEIGHT="33" HPOS="469" ID="ST_631.7.1.3" STYLEREFS="Style_4" VPOS="611" WIDTH="67" WC="0.84" CC="000" TAGREFS=""/>
            <SP HPOS="536" ID="SP_631.7.1.4" VPOS="611" WIDTH="19"/>
            <String CONTENT="se." HEIGHT="24" HPOS="555" ID="ST_631.7.1.5" STYLEREFS="Style_4" VPOS="611" WIDTH="48" WC="0.98" CC="000" TAGREFS=""/>
          </TextLine>
        </TextBlock>
        <TextBlock HEIGHT="94.0" HPOS="160.0" ID="BL_631.8" TAGREFS="b631-8" VPOS="677.0" WIDTH="1216.0">
          <TextLine HEIGHT="45" HPOS="251" ID="TL_631.8.1" VPOS="677" WIDTH="1125">
            <String CONTENT="Steve" HEIGHT="34" HPOS="251" ID="ST_631.8.1.1" STYLEREFS="Style_4" VPOS="678" WIDTH="105" WC="0.94" CC="00000" TAGREFS=""/>
            <SP HPOS="356" ID="SP_631.8.1.2" VPOS="677" WIDTH="16"/>
            <String CONTENT="Clark," HEIGHT="42" HPOS="372" ID="ST_631.8.1.3" STYLEREFS="Style_4" VPOS="677" WIDTH="119" WC="0.89" CC="000000" TAGREFS=""/>
            <SP HPOS="491" ID="SP_631.8.1.4" VPOS="678" WIDTH="15"/>
            <String CONTENT="Att’y" HEIGHT="43" HPOS="506" ID="ST_631.8.1.5" STYLEREFS="Style_3" VPOS="678" WIDTH="100" WC="0.80" CC="00090" TAGREFS=""/>
            <SP HPOS="606" ID="SP_631.8.1.6" VPOS="677" WIDTH="14"/>
            <String CONTENT="Gen.," HEIGHT="41" HPOS="620" ID="ST_631.8.1.7" STYLEREFS="Style_3" VPOS="677" WIDTH="101" WC="0.97" CC="00099" TAGREFS=""/>
            <SP HPOS="721" ID="SP_631.8.1.8" VPOS="677" WIDTH="16"/>
            <String CONTENT="by:" HEIGHT="44" HPOS="737" ID="ST_631.8.1.9" STYLEREFS="Style_3" VPOS="677" WIDTH="55" WC="0.81" CC="000" TAGREFS=""/>
            <SP HPOS="792" ID="SP_631.8.1.10" VPOS="677" WIDTH="19"/>
            <String CONTENT="Theodore" HEIGHT="36" HPOS="811" ID="ST_631.8.1.11" STYLEREFS="Style_4" VPOS="677" WIDTH="181" WC="0.93" CC="00000000" TAGREFS=""/>
            <SP HPOS="992" ID="SP_631.8.1.12" VPOS="677" WIDTH="13"/>
            <String CONTENT="Holder," HEIGHT="42" HPOS="1005" ID="ST_631.8.1.13" STYLEREFS="Style_4" VPOS="677" WIDTH="148" WC="0.95" CC="0000000" TAGREFS=""/>
            <SP HPOS="1153" ID="SP_631.8.1.14" VPOS="679" WIDTH="15"/>
            <String CONTENT="Asst." HEIGHT="34" HPOS="1168" ID="ST_631.8.1.15" STYLEREFS="Style_3" VPOS="679" WIDTH="93" WC="1.00" CC="00000" TAGREFS=""/>
            <SP HPOS="1261" ID="SP_631.8.1.16" VPOS="678" WIDTH="15"/>
            <String CONTENT="Att’y" HEIGHT="44" HPOS="1276" ID="ST_631.8.1.17" STYLEREFS="Style_3" VPOS="678" WIDTH="100" WC="1.00" CC="00000" TAGREFS=""/>
          </TextLine>
          <TextLine HEIGHT="45" HPOS="160" ID="TL_631.8.2" VPOS="726" WIDTH="362">
            <String CONTENT="Gen.," HEIGHT="41" HPOS="160" ID="ST_631.8.2.1" STYLEREFS="Style_3" VPOS="727" WIDTH="102" WC="0.85" CC="00099" TAGREFS=""/>
            <SP HPOS="262" ID="SP_631.8.2.2" VPOS="726" WIDTH="22"/>
            <String CONTENT="for" HEIGHT="35" HPOS="284" ID="ST_631.8.2.3" STYLEREFS="Style_3" VPOS="726" WIDTH="53" WC="0.79" CC="000" TAGREFS=""/>
            <SP HPOS="337" ID="SP_631.8.2.4" VPOS="728" WIDTH="21"/>
            <String CONTENT="appellee." HEIGHT="43" HPOS="358" ID="ST_631.8.2.5" STYLEREFS="Style_3" VPOS="728" WIDTH="164" WC="0.79" CC="000000000" TAGREFS=""/>
          </TextLine>
        </TextBlock>
        <TextBlock HEIGHT="34.0" HPOS="253.0" ID="BL_631.9" TAGREFS="b631-9" VPOS="805.0" WIDTH="251.0">
          <TextLine HEIGHT="34" HPOS="253" ID="TL_631.9.1" VPOS="805" WIDTH="251">
            <String CONTENT="Per" HEIGHT="34" HPOS="253" ID="ST_631.9.1.1" STYLEREFS="Style_2" VPOS="805" WIDTH="74" WC="0.78" CC="000" TAGREFS=""/>
            <SP HPOS="327" ID="SP_631.9.1.2" VPOS="805" WIDTH="14"/>
            <String CONTENT="Curiam." HEIGHT="34" HPOS="341" ID="ST_631.9.1.3" STYLEREFS="Style_2" VPOS="805" WIDTH="163" WC="0.88" CC="0000000" TAGREFS=""/>
          </TextLine>
        </TextBlock>
        <TextBlock HEIGHT="46.0" HPOS="519.0" ID="BL_631.10" TAGREFS="AkRA" VPOS="804.0" WIDTH="857.0">
          <TextLine HEIGHT="46" HPOS="519" ID="TL_631.10.1" VPOS="804" WIDTH="857">
            <String CONTENT="Petitioner" HEIGHT="35" HPOS="519" ID="ST_631.10.1.1" STYLEREFS="Style_3" VPOS="804" WIDTH="188" WC="0.94" CC="0000000000" TAGREFS=""/>
            <SP HPOS="707" ID="SP_631.10.1.2" VPOS="804" WIDTH="15"/>
            <String CONTENT="Billy" HEIGHT="44" HPOS="722" ID="ST_631.10.1.3" STYLEREFS="Style_3" VPOS="804" WIDTH="88" WC="0.81" CC="00000" TAGREFS=""/>
            <SP HPOS="810" ID="SP_631.10.1.4" VPOS="804" WIDTH="14"/>
            <String CONTENT="Gale" HEIGHT="35" HPOS="824" ID="ST_631.10.1.5" STYLEREFS="Style_3" VPOS="804" WIDTH="89" WC="0.83" CC="0000" TAGREFS=""/>
            <SP HPOS="913" ID="SP_631.10.1.6" VPOS="805" WIDTH="14"/>
            <String CONTENT="Henry" HEIGHT="44" HPOS="927" ID="ST_631.10.1.7" STYLEREFS="Style_3" VPOS="805" WIDTH="121" WC="0.83" CC="00000" TAGREFS=""/>
            <SP HPOS="1048" ID="SP_631.10.1.8" VPOS="816" WIDTH="13"/>
            <String CONTENT="was" HEIGHT="24" HPOS="1061" ID="ST_631.10.1.9" STYLEREFS="Style_3" VPOS="816" WIDTH="70" WC="1.00" CC="000" TAGREFS=""/>
            <SP HPOS="1131" ID="SP_631.10.1.10" VPOS="805" WIDTH="14"/>
            <String CONTENT="found" HEIGHT="35" HPOS="1145" ID="ST_631.10.1.11" STYLEREFS="Style_3" VPOS="805" WIDTH="107" WC="0.89" CC="00000" TAGREFS=""/>
            <SP HPOS="1252" ID="SP_631.10.1.12" VPOS="805" WIDTH="14"/>
            <String CONTENT="guilty" HEIGHT="45" HPOS="1266" ID="ST_631.10.1.13" STYLEREFS="Style_3" VPOS="805" WIDTH="110" WC="0.99" CC="000000" TAGREFS=""/>
          </TextLine>
        </TextBlock>
        <TextBlock HEIGHT="482.0" HPOS="160.0" ID="BL_631.11" TAGREFS="AkRA" VPOS="854.0" WIDTH="1219.0">
          <TextLine HEIGHT="45" HPOS="160" ID="TL_631.11.1" VPOS="854" WIDTH="1215">
            <String CONTENT="by" HEIGHT="42" HPOS="160" ID="ST_631.11.1.1" STYLEREFS="Style_3" VPOS="855" WIDTH="47" WC="0.58" CC="00" TAGREFS=""/>
            <SP HPOS="207" ID="SP_631.11.1.2" VPOS="865" WIDTH="21"/>
            <String CONTENT="a" HEIGHT="24" HPOS="228" ID="ST_631.11.1.3" STYLEREFS="Style_3" VPOS="865" WIDTH="21" WC="0.93" CC="0" TAGREFS=""/>
            <SP HPOS="249" ID="SP_631.11.1.4" VPOS="855" WIDTH="17"/>
            <String CONTENT="jury" HEIGHT="43" HPOS="266" ID="ST_631.11.1.5" STYLEREFS="Style_3" VPOS="855" WIDTH="81" WC="0.92" CC="0000" TAGREFS=""/>
            <SP HPOS="347" ID="SP_631.11.1.6" VPOS="854" WIDTH="21"/>
            <String CONTENT="of" HEIGHT="35" HPOS="368" ID="ST_631.11.1.7" STYLEREFS="Style_3" VPOS="854" WIDTH="39" WC="1.00" CC="00" TAGREFS=""/>
            <SP HPOS="407" ID="SP_631.11.1.8" VPOS="854" WIDTH="17"/>
            <String CONTENT="being" HEIGHT="43" HPOS="424" ID="ST_631.11.1.9" STYLEREFS="Style_3" VPOS="854" WIDTH="103" WC="0.74" CC="00000" TAGREFS=""/>
            <SP HPOS="527" ID="SP_631.11.1.10" VPOS="866" WIDTH="22"/>
            <String CONTENT="an" HEIGHT="23" HPOS="549" ID="ST_631.11.1.11" STYLEREFS="Style_3" VPOS="866" WIDTH="45" WC="1.00" CC="00" TAGREFS=""/>
            <SP HPOS="594" ID="SP_631.11.1.12" VPOS="855" WIDTH="22"/>
            <String CONTENT="accomplice" HEIGHT="44" HPOS="616" ID="ST_631.11.1.13" STYLEREFS="Style_3" VPOS="855" WIDTH="211" WC="1.00" CC="0000000000" TAGREFS=""/>
            <SP HPOS="827" ID="SP_631.11.1.14" VPOS="860" WIDTH="21"/>
            <String CONTENT="to" HEIGHT="29" HPOS="848" ID="ST_631.11.1.15" STYLEREFS="Style_3" VPOS="860" WIDTH="35" WC="1.00" CC="00" TAGREFS=""/>
            <SP HPOS="883" ID="SP_631.11.1.16" VPOS="855" WIDTH="21"/>
            <String CONTENT="capital" HEIGHT="44" HPOS="904" ID="ST_631.11.1.17" STYLEREFS="Style_3" VPOS="855" WIDTH="129" WC="0.99" CC="0000000" TAGREFS=""/>
            <SP HPOS="1033" ID="SP_631.11.1.18" VPOS="856" WIDTH="22"/>
            <String CONTENT="murder" HEIGHT="34" HPOS="1055" ID="ST_631.11.1.19" STYLEREFS="Style_3" VPOS="856" WIDTH="141" WC="1.00" CC="000000" TAGREFS=""/>
            <SP HPOS="1196" ID="SP_631.11.1.20" VPOS="855" WIDTH="20"/>
            <String CONTENT="and" HEIGHT="35" HPOS="1216" ID="ST_631.11.1.21" STYLEREFS="Style_3" VPOS="855" WIDTH="68" WC="0.98" CC="000" TAGREFS=""/>
            <SP HPOS="1284" ID="SP_631.11.1.22" VPOS="867" WIDTH="22"/>
            <String CONTENT="was" HEIGHT="24" HPOS="1306" ID="ST_631.11.1.23" STYLEREFS="Style_3" VPOS="867" WIDTH="69" WC="1.00" CC="000" TAGREFS=""/>
          </TextLine>
          <TextLine HEIGHT="45" HPOS="161" ID="TL_631.11.2" VPOS="904" WIDTH="1218">
            <String CONTENT="sentenced" HEIGHT="35" HPOS="161" ID="ST_631.11.2.1" STYLEREFS="Style_3" VPOS="904" WIDTH="186" WC="0.98" CC="000000000" TAGREFS=""/>
            <SP HPOS="347" ID="SP_631.11.2.2" VPOS="910" WIDTH="18"/>
            <String CONTENT="to" HEIGHT="29" HPOS="365" ID="ST_631.11.2.3" STYLEREFS="Style_3" VPOS="910" WIDTH="35" WC="1.00" CC="00" TAGREFS=""/>
            <SP HPOS="400" ID="SP_631.11.2.4" VPOS="904" WIDTH="18"/>
            <String CONTENT="death." HEIGHT="36" HPOS="418" ID="ST_631.11.2.5" STYLEREFS="Style_3" VPOS="904" WIDTH="115" WC="1.00" CC="000000" TAGREFS=""/>
            <SP HPOS="533" ID="SP_631.11.2.6" VPOS="906" WIDTH="21"/>
            <String CONTENT="He" HEIGHT="33" HPOS="554" ID="ST_631.11.2.7" STYLEREFS="Style_3" VPOS="906" WIDTH="56" WC="1.00" CC="00" TAGREFS=""/>
            <SP HPOS="610" ID="SP_631.11.2.8" VPOS="916" WIDTH="17"/>
            <String CONTENT="was" HEIGHT="23" HPOS="627" ID="ST_631.11.2.9" STYLEREFS="Style_3" VPOS="916" WIDTH="70" WC="1.00" CC="000" TAGREFS=""/>
            <SP HPOS="697" ID="SP_631.11.2.10" VPOS="905" WIDTH="19"/>
            <String CONTENT="also" HEIGHT="35" HPOS="716" ID="ST_631.11.2.11" STYLEREFS="Style_3" VPOS="905" WIDTH="73" WC="0.93" CC="0000" TAGREFS=""/>
            <SP HPOS="789" ID="SP_631.11.2.12" VPOS="905" WIDTH="18"/>
            <String CONTENT="found" HEIGHT="35" HPOS="807" ID="ST_631.11.2.13" STYLEREFS="Style_3" VPOS="905" WIDTH="107" WC="0.95" CC="00000" TAGREFS=""/>
            <SP HPOS="914" ID="SP_631.11.2.14" VPOS="905" WIDTH="18"/>
            <String CONTENT="guilty" HEIGHT="44" HPOS="932" ID="ST_631.11.2.15" STYLEREFS="Style_3" VPOS="905" WIDTH="112" WC="0.90" CC="000000" TAGREFS=""/>
            <SP HPOS="1044" ID="SP_631.11.2.16" VPOS="905" WIDTH="17"/>
            <String CONTENT="of" HEIGHT="35" HPOS="1061" ID="ST_631.11.2.17" STYLEREFS="Style_3" VPOS="905" WIDTH="39" WC="1.00" CC="00" TAGREFS=""/>
            <SP HPOS="1100" ID="SP_631.11.2.18" VPOS="906" WIDTH="15"/>
            <String CONTENT="the" HEIGHT="35" HPOS="1115" ID="ST_631.11.2.19" STYLEREFS="Style_3" VPOS="906" WIDTH="59" WC="1.00" CC="000" TAGREFS=""/>
            <SP HPOS="1174" ID="SP_631.11.2.20" VPOS="906" WIDTH="17"/>
            <String CONTENT="offense" HEIGHT="35" HPOS="1191" ID="ST_631.11.2.21" STYLEREFS="Style_3" VPOS="906" WIDTH="131" WC="0.68" CC="0900000" TAGREFS=""/>
            <SP HPOS="1322" ID="SP_631.11.2.22" VPOS="907" WIDTH="17"/>
            <String CONTENT="of" HEIGHT="34" HPOS="1339" ID="ST_631.11.2.23" STYLEREFS="Style_3" VPOS="907" WIDTH="40" WC="0.97" CC="00" TAGREFS=""/>
          </TextLine>
          <TextLine HEIGHT="45" HPOS="161" ID="TL_631.11.3" VPOS="954" WIDTH="1215">
            <String CONTENT="hindering" HEIGHT="43" HPOS="161" ID="ST_631.11.3.1" STYLEREFS="Style_3" VPOS="954" WIDTH="183" WC="0.74" CC="000000000" TAGREFS=""/>
            <SP HPOS="344" ID="SP_631.11.3.2" VPOS="955" WIDTH="22"/>
            <String CONTENT="apprehension" HEIGHT="43" HPOS="366" ID="ST_631.11.3.3" STYLEREFS="Style_3" VPOS="955" WIDTH="251" WC="0.85" CC="000000000000" TAGREFS=""/>
            <SP HPOS="617" ID="SP_631.11.3.4" VPOS="966" WIDTH="22"/>
            <String CONTENT="or" HEIGHT="23" HPOS="639" ID="ST_631.11.3.5" STYLEREFS="Style_3" VPOS="966" WIDTH="38" WC="1.00" CC="00" TAGREFS=""/>
            <SP HPOS="677" ID="SP_631.11.3.6" VPOS="955" WIDTH="22"/>
            <String CONTENT="prosecution" HEIGHT="44" HPOS="699" ID="ST_631.11.3.7" STYLEREFS="Style_3" VPOS="955" WIDTH="217" WC="0.90" CC="00000000000" TAGREFS=""/>
            <SP HPOS="916" ID="SP_631.11.3.8" VPOS="955" WIDTH="22"/>
            <String CONTENT="of" HEIGHT="34" HPOS="938" ID="ST_631.11.3.9" STYLEREFS="Style_3" VPOS="955" WIDTH="38" WC="1.00" CC="00" TAGREFS=""/>
            <SP HPOS="976" ID="SP_631.11.3.10" VPOS="956" WIDTH="20"/>
            <String CONTENT="another" HEIGHT="34" HPOS="996" ID="ST_631.11.3.11" STYLEREFS="Style_3" VPOS="956" WIDTH="146" WC="0.80" CC="0000000" TAGREFS=""/>
            <SP HPOS="1142" ID="SP_631.11.3.12" VPOS="966" WIDTH="21"/>
            <String CONTENT="person" HEIGHT="33" HPOS="1163" ID="ST_631.11.3.13" STYLEREFS="Style_3" VPOS="966" WIDTH="122" WC="0.87" CC="000000" TAGREFS=""/>
            <SP HPOS="1285" ID="SP_631.11.3.14" VPOS="957" WIDTH="22"/>
            <String CONTENT="and" HEIGHT="34" HPOS="1307" ID="ST_631.11.3.15" STYLEREFS="Style_3" VPOS="957" WIDTH="69" WC="0.98" CC="000" TAGREFS=""/>
          </TextLine>
          <TextLine HEIGHT="45" HPOS="161" ID="TL_631.11.4" VPOS="1004" WIDTH="1214">
            <String CONTENT="sentenced" HEIGHT="35" HPOS="161" ID="ST_631.11.4.1" STYLEREFS="Style_3" VPOS="1004" WIDTH="185" WC="0.95" CC="000000000" TAGREFS=""/>
            <SP HPOS="346" ID="SP_631.11.4.2" VPOS="1016" WIDTH="12"/>
            <String CONTENT="as" HEIGHT="23" HPOS="358" ID="ST_631.11.4.3" STYLEREFS="Style_3" VPOS="1016" WIDTH="37" WC="1.00" CC="00" TAGREFS=""/>
            <SP HPOS="395" ID="SP_631.11.4.4" VPOS="1015" WIDTH="11"/>
            <String CONTENT="a" HEIGHT="23" HPOS="406" ID="ST_631.11.4.5" STYLEREFS="Style_3" VPOS="1015" WIDTH="20" WC="1.00" CC="0" TAGREFS=""/>
            <SP HPOS="426" ID="SP_631.11.4.6" VPOS="1004" WIDTH="11"/>
            <String CONTENT="habitual" HEIGHT="35" HPOS="437" ID="ST_631.11.4.7" STYLEREFS="Style_3" VPOS="1004" WIDTH="158" WC="0.96" CC="00000000" TAGREFS=""/>
            <SP HPOS="595" ID="SP_631.11.4.8" VPOS="1005" WIDTH="10"/>
            <String CONTENT="offender" HEIGHT="34" HPOS="605" ID="ST_631.11.4.9" STYLEREFS="Style_3" VPOS="1005" WIDTH="156" WC="0.75" CC="00090000" TAGREFS=""/>
            <SP HPOS="761" ID="SP_631.11.4.10" VPOS="1010" WIDTH="10"/>
            <String CONTENT="to" HEIGHT="29" HPOS="771" ID="ST_631.11.4.11" STYLEREFS="Style_3" VPOS="1010" WIDTH="36" WC="1.00" CC="00" TAGREFS=""/>
            <SP HPOS="807" ID="SP_631.11.4.12" VPOS="1016" WIDTH="11"/>
            <String CONTENT="an" HEIGHT="23" HPOS="818" ID="ST_631.11.4.13" STYLEREFS="Style_3" VPOS="1016" WIDTH="43" WC="0.77" CC="00" TAGREFS=""/>
            <SP HPOS="861" ID="SP_631.11.4.14" VPOS="1004" WIDTH="12"/>
            <String CONTENT="additional" HEIGHT="36" HPOS="873" ID="ST_631.11.4.15" STYLEREFS="Style_3" VPOS="1004" WIDTH="192" WC="0.98" CC="0000000000" TAGREFS=""/>
            <SP HPOS="1065" ID="SP_631.11.4.16" VPOS="1010" WIDTH="10"/>
            <String CONTENT="term" HEIGHT="30" HPOS="1075" ID="ST_631.11.4.17" STYLEREFS="Style_3" VPOS="1010" WIDTH="90" WC="0.92" CC="0000" TAGREFS=""/>
            <SP HPOS="1165" ID="SP_631.11.4.18" VPOS="1005" WIDTH="10"/>
            <String CONTENT="of" HEIGHT="34" HPOS="1175" ID="ST_631.11.4.19" STYLEREFS="Style_3" VPOS="1005" WIDTH="39" WC="1.00" CC="00" TAGREFS=""/>
            <SP HPOS="1214" ID="SP_631.11.4.20" VPOS="1007" WIDTH="7"/>
            <String CONTENT="40" HEIGHT="33" HPOS="1221" ID="ST_631.11.4.21" STYLEREFS="Style_3" VPOS="1007" WIDTH="45" WC="1.00" CC="00" TAGREFS=""/>
            <SP HPOS="1266" ID="SP_631.11.4.22" VPOS="1017" WIDTH="10"/>
            <String CONTENT="years" HEIGHT="32" HPOS="1276" ID="ST_631.11.4.23" STYLEREFS="Style_3" VPOS="1017" WIDTH="99" WC="0.98" CC="00000" TAGREFS=""/>
          </TextLine>
          <TextLine HEIGHT="44" HPOS="160" ID="TL_631.11.5" VPOS="1054" WIDTH="1217">
            <String CONTENT="imprisonment" HEIGHT="42" HPOS="160" ID="ST_631.11.5.1" STYLEREFS="Style_3" VPOS="1054" WIDTH="265" WC="0.62" CC="000000000000" TAGREFS=""/>
            <SP HPOS="425" ID="SP_631.11.5.2" VPOS="1054" WIDTH="18"/>
            <String CONTENT="in" HEIGHT="34" HPOS="443" ID="ST_631.11.5.3" STYLEREFS="Style_3" VPOS="1054" WIDTH="34" WC="0.80" CC="00" TAGREFS=""/>
            <SP HPOS="477" ID="SP_631.11.5.4" VPOS="1054" WIDTH="19"/>
            <String CONTENT="the" HEIGHT="35" HPOS="496" ID="ST_631.11.5.5" STYLEREFS="Style_3" VPOS="1054" WIDTH="60" WC="0.55" CC="000" TAGREFS=""/>
            <SP HPOS="556" ID="SP_631.11.5.6" VPOS="1054" WIDTH="18"/>
            <String CONTENT="Arkansas" HEIGHT="35" HPOS="574" ID="ST_631.11.5.7" STYLEREFS="Style_3" VPOS="1054" WIDTH="180" WC="0.73" CC="00000000" TAGREFS=""/>
            <SP HPOS="754" ID="SP_631.11.5.8" VPOS="1055" WIDTH="18"/>
            <String CONTENT="Department" HEIGHT="43" HPOS="772" ID="ST_631.11.5.9" STYLEREFS="Style_3" VPOS="1055" WIDTH="231" WC="0.76" CC="0000000000" TAGREFS=""/>
            <SP HPOS="1003" ID="SP_631.11.5.10" VPOS="1054" WIDTH="18"/>
            <String CONTENT="of" HEIGHT="35" HPOS="1021" ID="ST_631.11.5.11" STYLEREFS="Style_3" VPOS="1054" WIDTH="40" WC="1.00" CC="00" TAGREFS=""/>
            <SP HPOS="1061" ID="SP_631.11.5.12" VPOS="1055" WIDTH="16"/>
            <String CONTENT="Correction." HEIGHT="34" HPOS="1077" ID="ST_631.11.5.13" STYLEREFS="Style_3" VPOS="1055" WIDTH="213" WC="0.80" CC="00000000000" TAGREFS=""/>
            <SP HPOS="1290" ID="SP_631.11.5.14" VPOS="1056" WIDTH="21"/>
            <String CONTENT="We" HEIGHT="33" HPOS="1311" ID="ST_631.11.5.15" STYLEREFS="Style_3" VPOS="1056" WIDTH="66" WC="0.80" CC="00" TAGREFS=""/>
          </TextLine>
          <TextLine HEIGHT="45" HPOS="161" ID="TL_631.11.6" VPOS="1103" WIDTH="1215">
            <String CONTENT="affirmed" HEIGHT="34" HPOS="161" ID="ST_631.11.6.1" STYLEREFS="Style_3" VPOS="1103" WIDTH="158" WC="0.71" CC="00000000" TAGREFS=""/>
            <SP HPOS="319" ID="SP_631.11.6.2" VPOS="1103" WIDTH="19"/>
            <String CONTENT="both" HEIGHT="34" HPOS="338" ID="ST_631.11.6.3" STYLEREFS="Style_3" VPOS="1103" WIDTH="83" WC="0.90" CC="0000" TAGREFS=""/>
            <SP HPOS="421" ID="SP_631.11.6.4" VPOS="1103" WIDTH="19"/>
            <String CONTENT="convictions" HEIGHT="35" HPOS="440" ID="ST_631.11.6.5" STYLEREFS="Style_3" VPOS="1103" WIDTH="211" WC="0.96" CC="00000000000" TAGREFS=""/>
            <SP HPOS="651" ID="SP_631.11.6.6" VPOS="1104" WIDTH="19"/>
            <String CONTENT="but" HEIGHT="34" HPOS="670" ID="ST_631.11.6.7" STYLEREFS="Style_3" VPOS="1104" WIDTH="62" WC="1.00" CC="000" TAGREFS=""/>
            <SP HPOS="732" ID="SP_631.11.6.8" VPOS="1104" WIDTH="19"/>
            <String CONTENT="reduced" HEIGHT="34" HPOS="751" ID="ST_631.11.6.9" STYLEREFS="Style_3" VPOS="1104" WIDTH="148" WC="1.00" CC="0000000" TAGREFS=""/>
            <SP HPOS="899" ID="SP_631.11.6.10" VPOS="1104" WIDTH="19"/>
            <String CONTENT="the" HEIGHT="35" HPOS="918" ID="ST_631.11.6.11" STYLEREFS="Style_3" VPOS="1104" WIDTH="60" WC="0.83" CC="000" TAGREFS=""/>
            <SP HPOS="978" ID="SP_631.11.6.12" VPOS="1109" WIDTH="18"/>
            <String CONTENT="sentence" HEIGHT="30" HPOS="996" ID="ST_631.11.6.13" STYLEREFS="Style_3" VPOS="1109" WIDTH="162" WC="0.87" CC="00000000" TAGREFS=""/>
            <SP HPOS="1158" ID="SP_631.11.6.14" VPOS="1103" WIDTH="17"/>
            <String CONTENT="for" HEIGHT="35" HPOS="1175" ID="ST_631.11.6.15" STYLEREFS="Style_3" VPOS="1103" WIDTH="54" WC="1.00" CC="000" TAGREFS=""/>
            <SP HPOS="1229" ID="SP_631.11.6.16" VPOS="1104" WIDTH="18"/>
            <String CONTENT="capital" HEIGHT="44" HPOS="1247" ID="ST_631.11.6.17" STYLEREFS="Style_3" VPOS="1104" WIDTH="129" WC="0.96" CC="0000000" TAGREFS=""/>
          </TextLine>
          <TextLine HEIGHT="45" HPOS="161" ID="TL_631.11.7" VPOS="1152" WIDTH="1213">
            <String CONTENT="murder" HEIGHT="34" HPOS="161" ID="ST_631.11.7.1" STYLEREFS="Style_3" VPOS="1153" WIDTH="141" WC="0.90" CC="000000" TAGREFS=""/>
            <SP HPOS="302" ID="SP_631.11.7.2" VPOS="1157" WIDTH="12"/>
            <String CONTENT="to" HEIGHT="30" HPOS="314" ID="ST_631.11.7.3" STYLEREFS="Style_3" VPOS="1157" WIDTH="36" WC="0.93" CC="00" TAGREFS=""/>
            <SP HPOS="350" ID="SP_631.11.7.4" VPOS="1152" WIDTH="12"/>
            <String CONTENT="life" HEIGHT="35" HPOS="362" ID="ST_631.11.7.5" STYLEREFS="Style_3" VPOS="1152" WIDTH="60" WC="1.00" CC="0000" TAGREFS=""/>
            <SP HPOS="422" ID="SP_631.11.7.6" VPOS="1153" WIDTH="11"/>
            <String CONTENT="without" HEIGHT="35" HPOS="433" ID="ST_631.11.7.7" STYLEREFS="Style_3" VPOS="1153" WIDTH="146" WC="0.92" CC="0000000" TAGREFS=""/>
            <SP HPOS="579" ID="SP_631.11.7.8" VPOS="1154" WIDTH="12"/>
            <String CONTENT="parole." HEIGHT="43" HPOS="591" ID="ST_631.11.7.9" STYLEREFS="Style_3" VPOS="1154" WIDTH="128" WC="1.00" CC="0000000" TAGREFS=""/>
            <SP HPOS="719" ID="SP_631.11.7.10" VPOS="1155" WIDTH="13"/>
            <String CONTENT="Henry" HEIGHT="42" HPOS="732" ID="ST_631.11.7.11" STYLEREFS="Style_4" VPOS="1155" WIDTH="120" WC="0.98" CC="00000" TAGREFS=""/>
            <SP HPOS="852" ID="SP_631.11.7.12" VPOS="1165" WIDTH="11"/>
            <String CONTENT="v." HEIGHT="23" HPOS="863" ID="ST_631.11.7.13" STYLEREFS="Style_3" VPOS="1165" WIDTH="31" WC="0.77" CC="00" TAGREFS=""/>
            <SP HPOS="894" ID="SP_631.11.7.14" VPOS="1154" WIDTH="12"/>
            <String CONTENT="State," HEIGHT="41" HPOS="906" ID="ST_631.11.7.15" STYLEREFS="Style_4" VPOS="1154" WIDTH="115" WC="0.88" CC="000000" TAGREFS=""/>
            <SP HPOS="1021" ID="SP_631.11.7.16" VPOS="1155" WIDTH="14"/>
            <String CONTENT="278" HEIGHT="33" HPOS="1035" ID="ST_631.11.7.17" STYLEREFS="Style_3" VPOS="1155" WIDTH="66" WC="1.00" CC="099" TAGREFS=""/>
            <SP HPOS="1101" ID="SP_631.11.7.18" VPOS="1154" WIDTH="15"/>
            <String CONTENT="Ark." HEIGHT="34" HPOS="1116" ID="ST_631.11.7.19" STYLEREFS="Style_3" VPOS="1154" WIDTH="85" WC="0.71" CC="0000" TAGREFS=""/>
            <SP HPOS="1201" ID="SP_631.11.7.20" VPOS="1155" WIDTH="13"/>
            <String CONTENT="478," HEIGHT="39" HPOS="1214" ID="ST_631.11.7.21" STYLEREFS="Style_3" VPOS="1155" WIDTH="160" WC="1.0" CC="0000" TAGREFS=""/>
          </TextLine>
          <TextLine HEIGHT="47" HPOS="161" ID="TL_631.11.8" VPOS="1201" WIDTH="1215">
            <String CONTENT="647 S.W.2d 419 (1983)." HEIGHT="44" HPOS="161" ID="ST_631.11.8.1" STYLEREFS="Style_3" VPOS="1201" WIDTH="370" WC="1.0" CC="0000000000000000000000" TAGREFS=""/>
            <SP HPOS="531" ID="SP_631.11.8.2" VPOS="1203" WIDTH="11"/>
            <String CONTENT="Petitioner" HEIGHT="35" HPOS="542" ID="ST_631.11.8.3" STYLEREFS="Style_3" VPOS="1203" WIDTH="188" WC="0.96" CC="0000000000" TAGREFS=""/>
            <SP HPOS="730" ID="SP_631.11.8.4" VPOS="1214" WIDTH="9"/>
            <String CONTENT="now" HEIGHT="23" HPOS="739" ID="ST_631.11.8.5" STYLEREFS="Style_3" VPOS="1214" WIDTH="75" WC="0.91" CC="000" TAGREFS=""/>
            <SP HPOS="814" ID="SP_631.11.8.6" VPOS="1203" WIDTH="9"/>
            <String CONTENT="seeks" HEIGHT="35" HPOS="823" ID="ST_631.11.8.7" STYLEREFS="Style_3" VPOS="1203" WIDTH="97" WC="1.00" CC="00000" TAGREFS=""/>
            <SP HPOS="920" ID="SP_631.11.8.8" VPOS="1204" WIDTH="9"/>
            <String CONTENT="permission" HEIGHT="44" HPOS="929" ID="ST_631.11.8.9" STYLEREFS="Style_3" VPOS="1204" WIDTH="204" WC="0.95" CC="0000000000" TAGREFS=""/>
            <SP HPOS="1133" ID="SP_631.11.8.10" VPOS="1209" WIDTH="9"/>
            <String CONTENT="to" HEIGHT="30" HPOS="1142" ID="ST_631.11.8.11" STYLEREFS="Style_3" VPOS="1209" WIDTH="35" WC="0.79" CC="00" TAGREFS=""/>
            <SP HPOS="1177" ID="SP_631.11.8.12" VPOS="1204" WIDTH="9"/>
            <String CONTENT="proceed" HEIGHT="44" HPOS="1186" ID="ST_631.11.8.13" STYLEREFS="Style_3" VPOS="1204" WIDTH="145" WC="1.00" CC="0000000" TAGREFS=""/>
            <SP HPOS="1331" ID="SP_631.11.8.14" VPOS="1204" WIDTH="10"/>
            <String CONTENT="in" HEIGHT="35" HPOS="1341" ID="ST_631.11.8.15" STYLEREFS="Style_3" VPOS="1204" WIDTH="35" WC="0.70" CC="00" TAGREFS=""/>
          </TextLine>
          <TextLine HEIGHT="46" HPOS="160" ID="TL_631.11.9" VPOS="1251" WIDTH="1214">
            <String CONTENT="circuit" HEIGHT="35" HPOS="160" ID="ST_631.11.9.1" STYLEREFS="Style_3" VPOS="1251" WIDTH="124" WC="0.98" CC="0000000" TAGREFS=""/>
            <SP HPOS="284" ID="SP_631.11.9.2" VPOS="1258" WIDTH="8"/>
            <String CONTENT="court" HEIGHT="29" HPOS="292" ID="ST_631.11.9.3" STYLEREFS="Style_3" VPOS="1258" WIDTH="99" WC="1.00" CC="00000" TAGREFS=""/>
            <SP HPOS="391" ID="SP_631.11.9.4" VPOS="1251" WIDTH="9"/>
            <String CONTENT="for" HEIGHT="35" HPOS="400" ID="ST_631.11.9.5" STYLEREFS="Style_3" VPOS="1251" WIDTH="52" WC="1.00" CC="000" TAGREFS=""/>
            <SP HPOS="452" ID="SP_631.11.9.6" VPOS="1252" WIDTH="9"/>
            <String CONTENT="postconviction" HEIGHT="44" HPOS="461" ID="ST_631.11.9.7" STYLEREFS="Style_3" VPOS="1252" WIDTH="272" WC="0.94" CC="00000000000000" TAGREFS=""/>
            <SP HPOS="733" ID="SP_631.11.9.8" VPOS="1252" WIDTH="9"/>
            <String CONTENT="relief" HEIGHT="36" HPOS="742" ID="ST_631.11.9.9" STYLEREFS="Style_3" VPOS="1252" WIDTH="101" WC="0.96" CC="000000" TAGREFS=""/>
            <SP HPOS="843" ID="SP_631.11.9.10" VPOS="1259" WIDTH="6"/>
            <String CONTENT="pursuant" HEIGHT="38" HPOS="849" ID="ST_631.11.9.11" STYLEREFS="Style_3" VPOS="1259" WIDTH="168" WC="0.90" CC="00000000" TAGREFS=""/>
            <SP HPOS="1017" ID="SP_631.11.9.12" VPOS="1259" WIDTH="9"/>
            <String CONTENT="to" HEIGHT="30" HPOS="1026" ID="ST_631.11.9.13" STYLEREFS="Style_3" VPOS="1259" WIDTH="36" WC="1.00" CC="00" TAGREFS=""/>
            <SP HPOS="1062" ID="SP_631.11.9.14" VPOS="1254" WIDTH="8"/>
            <String CONTENT="Ark." HEIGHT="35" HPOS="1070" ID="ST_631.11.9.15" STYLEREFS="Style_3" VPOS="1254" WIDTH="85" WC="1.00" CC="0000" TAGREFS=""/>
            <SP HPOS="1155" ID="SP_631.11.9.16" VPOS="1254" WIDTH="11"/>
            <String CONTENT="R." HEIGHT="34" HPOS="1166" ID="ST_631.11.9.17" STYLEREFS="Style_3" VPOS="1254" WIDTH="42" WC="1.00" CC="00" TAGREFS=""/>
            <SP HPOS="1208" ID="SP_631.11.9.18" VPOS="1254" WIDTH="11"/>
            <String CONTENT="Crim." HEIGHT="35" HPOS="1219" ID="ST_631.11.9.19" STYLEREFS="Style_3" VPOS="1254" WIDTH="108" WC="0.76" CC="00090" TAGREFS=""/>
            <SP HPOS="1327" ID="SP_631.11.9.20" VPOS="1255" WIDTH="11"/>
            <String CONTENT="P." HEIGHT="34" HPOS="1338" ID="ST_631.11.9.21" STYLEREFS="Style_3" VPOS="1255" WIDTH="36" WC="1.00" CC="00" TAGREFS=""/>
          </TextLine>
          <TextLine HEIGHT="34" HPOS="162" ID="TL_631.11.10" VPOS="1302" WIDTH="166">
            <String CONTENT="Rule" HEIGHT="34" HPOS="162" ID="ST_631.11.10.1" STYLEREFS="Style_3" VPOS="1302" WIDTH="91" WC="0.88" CC="0000" TAGREFS=""/>
            <SP HPOS="253" ID="SP_631.11.10.2" VPOS="1303" WIDTH="21"/>
            <String CONTENT="37." HEIGHT="33" HPOS="274" ID="ST_631.11.10.3" STYLEREFS="Style_3" VPOS="1303" WIDTH="54" WC="1.00" CC="000" TAGREFS=""/>
          </TextLine>
        </TextBlock>
        <TextBlock HEIGHT="632.0" HPOS="156.0" ID="BL_631.12" TAGREFS="b631-10" VPOS="1378.0" WIDTH="1223.0">
          <TextLine HEIGHT="46" HPOS="253" ID="TL_631.12.1" VPOS="1378" WIDTH="1123">
            <String CONTENT="Petitioner" HEIGHT="35" HPOS="346" ID="ST_631.12.1.3" STYLEREFS="Style_3" VPOS="1378" WIDTH="186" WC="0.91" CC="0000000000" TAGREFS=""/>
            <SP HPOS="532" ID="SP_631.12.1.4" VPOS="1389" WIDTH="23"/>
            <String CONTENT="was" HEIGHT="24" HPOS="555" ID="ST_631.12.1.5" STYLEREFS="Style_3" VPOS="1389" WIDTH="71" WC="0.79" CC="000" TAGREFS=""/>
            <SP HPOS="626" ID="SP_631.12.1.6" VPOS="1379" WIDTH="23"/>
            <String CONTENT="committed" HEIGHT="35" HPOS="649" ID="ST_631.12.1.7" STYLEREFS="Style_3" VPOS="1379" WIDTH="204" WC="0.87" CC="000000000" TAGREFS=""/>
            <SP HPOS="853" ID="SP_631.12.1.8" VPOS="1380" WIDTH="24"/>
            <String CONTENT="in" HEIGHT="34" HPOS="877" ID="ST_631.12.1.9" STYLEREFS="Style_3" VPOS="1380" WIDTH="35" WC="0.64" CC="00" TAGREFS=""/>
            <SP HPOS="912" ID="SP_631.12.1.10" VPOS="1380" WIDTH="28"/>
            <String CONTENT="1981." HEIGHT="34" HPOS="940" ID="ST_631.12.1.11" STYLEREFS="Style_3" VPOS="1380" WIDTH="100" WC="0.91" CC="00000" TAGREFS=""/>
            <SP HPOS="1040" ID="SP_631.12.1.12" VPOS="1380" WIDTH="26"/>
            <String CONTENT="His" HEIGHT="34" HPOS="1066" ID="ST_631.12.1.13" STYLEREFS="Style_3" VPOS="1380" WIDTH="65" WC="0.91" CC="000" TAGREFS=""/>
            <SP HPOS="1131" ID="SP_631.12.1.14" VPOS="1380" WIDTH="24"/>
            <String CONTENT="petition" HEIGHT="44" HPOS="1155" ID="ST_631.12.1.15" STYLEREFS="Style_3" VPOS="1380" WIDTH="144" WC="0.65" CC="00000000" TAGREFS=""/>
            <SP HPOS="1299" ID="SP_631.12.1.16" VPOS="1380" WIDTH="24"/>
            <String CONTENT="for" HEIGHT="35" HPOS="1323" ID="ST_631.12.1.17" STYLEREFS="Style_3" VPOS="1380" WIDTH="53" WC="0.77" CC="000" TAGREFS=""/>
          </TextLine>
          <TextLine HEIGHT="45" HPOS="161" ID="TL_631.12.2" VPOS="1428" WIDTH="1212">
            <String CONTENT="postconviction" HEIGHT="44" HPOS="161" ID="ST_631.12.2.1" STYLEREFS="Style_3" VPOS="1428" WIDTH="271" WC="0.92" CC="00000000000000" TAGREFS=""/>
            <SP HPOS="432" ID="SP_631.12.2.2" VPOS="1428" WIDTH="20"/>
            <String CONTENT="relief" HEIGHT="35" HPOS="452" ID="ST_631.12.2.3" STYLEREFS="Style_3" VPOS="1428" WIDTH="102" WC="0.97" CC="000000" TAGREFS=""/>
            <SP HPOS="554" ID="SP_631.12.2.4" VPOS="1428" WIDTH="16"/>
            <String CONTENT="is" HEIGHT="35" HPOS="570" ID="ST_631.12.2.5" STYLEREFS="Style_3" VPOS="1428" WIDTH="28" WC="1.00" CC="00" TAGREFS=""/>
            <SP HPOS="598" ID="SP_631.12.2.6" VPOS="1428" WIDTH="21"/>
            <String CONTENT="therefore" HEIGHT="36" HPOS="619" ID="ST_631.12.2.7" STYLEREFS="Style_3" VPOS="1428" WIDTH="173" WC="0.95" CC="000000000" TAGREFS=""/>
            <SP HPOS="792" ID="SP_631.12.2.8" VPOS="1429" WIDTH="19"/>
            <String CONTENT="untimely" HEIGHT="44" HPOS="811" ID="ST_631.12.2.9" STYLEREFS="Style_3" VPOS="1429" WIDTH="169" WC="0.85" CC="00000000" TAGREFS=""/>
            <SP HPOS="980" ID="SP_631.12.2.10" VPOS="1429" WIDTH="19"/>
            <String CONTENT="under" HEIGHT="35" HPOS="999" ID="ST_631.12.2.11" STYLEREFS="Style_3" VPOS="1429" WIDTH="110" WC="0.79" CC="00000" TAGREFS=""/>
            <SP HPOS="1109" ID="SP_631.12.2.12" VPOS="1430" WIDTH="20"/>
            <String CONTENT="Rule" HEIGHT="35" HPOS="1129" ID="ST_631.12.2.13" STYLEREFS="Style_3" VPOS="1430" WIDTH="90" WC="0.98" CC="0000" TAGREFS=""/>
            <SP HPOS="1219" ID="SP_631.12.2.14" VPOS="1430" WIDTH="21"/>
            <String CONTENT="37.2(c)" HEIGHT="43" HPOS="1240" ID="ST_631.12.2.15" STYLEREFS="Style_3" VPOS="1430" WIDTH="133" WC="0.92" CC="0000000" TAGREFS=""/>
          </TextLine>
          <TextLine HEIGHT="45" HPOS="160" ID="TL_631.12.3" VPOS="1477" WIDTH="1215">
            <String CONTENT="since" HEIGHT="35" HPOS="160" ID="ST_631.12.3.1" STYLEREFS="Style_3" VPOS="1477" WIDTH="95" WC="0.93" CC="00000" TAGREFS=""/>
            <SP HPOS="255" ID="SP_631.12.3.2" VPOS="1478" WIDTH="9"/>
            <String CONTENT="it" HEIGHT="35" HPOS="264" ID="ST_631.12.3.3" STYLEREFS="Style_3" VPOS="1478" WIDTH="26" WC="1.00" CC="00" TAGREFS=""/>
            <SP HPOS="290" ID="SP_631.12.3.4" VPOS="1489" WIDTH="8"/>
            <String CONTENT="was" HEIGHT="23" HPOS="298" ID="ST_631.12.3.5" STYLEREFS="Style_3" VPOS="1489" WIDTH="70" WC="1.00" CC="000" TAGREFS=""/>
            <SP HPOS="368" ID="SP_631.12.3.6" VPOS="1483" WIDTH="10"/>
            <String CONTENT="not" HEIGHT="30" HPOS="378" ID="ST_631.12.3.7" STYLEREFS="Style_3" VPOS="1483" WIDTH="58" WC="0.88" CC="000" TAGREFS=""/>
            <SP HPOS="436" ID="SP_631.12.3.8" VPOS="1477" WIDTH="9"/>
            <String CONTENT="filed" HEIGHT="36" HPOS="445" ID="ST_631.12.3.9" STYLEREFS="Style_3" VPOS="1477" WIDTH="80" WC="0.79" CC="00000" TAGREFS=""/>
            <SP HPOS="525" ID="SP_631.12.3.10" VPOS="1478" WIDTH="9"/>
            <String CONTENT="within" HEIGHT="35" HPOS="534" ID="ST_631.12.3.11" STYLEREFS="Style_3" VPOS="1478" WIDTH="120" WC="0.80" CC="000000" TAGREFS=""/>
            <SP HPOS="654" ID="SP_631.12.3.12" VPOS="1479" WIDTH="9"/>
            <String CONTENT="three" HEIGHT="34" HPOS="663" ID="ST_631.12.3.13" STYLEREFS="Style_3" VPOS="1479" WIDTH="98" WC="0.89" CC="00000" TAGREFS=""/>
            <SP HPOS="761" ID="SP_631.12.3.14" VPOS="1490" WIDTH="8"/>
            <String CONTENT="years" HEIGHT="32" HPOS="769" ID="ST_631.12.3.15" STYLEREFS="Style_3" VPOS="1490" WIDTH="99" WC="0.93" CC="00000" TAGREFS=""/>
            <SP HPOS="868" ID="SP_631.12.3.16" VPOS="1479" WIDTH="8"/>
            <String CONTENT="of" HEIGHT="35" HPOS="876" ID="ST_631.12.3.17" STYLEREFS="Style_3" VPOS="1479" WIDTH="40" WC="1.00" CC="00" TAGREFS=""/>
            <SP HPOS="916" ID="SP_631.12.3.18" VPOS="1480" WIDTH="5"/>
            <String CONTENT="the" HEIGHT="34" HPOS="921" ID="ST_631.12.3.19" STYLEREFS="Style_3" VPOS="1480" WIDTH="59" WC="1.00" CC="000" TAGREFS=""/>
            <SP HPOS="980" ID="SP_631.12.3.20" VPOS="1479" WIDTH="8"/>
            <String CONTENT="date" HEIGHT="35" HPOS="988" ID="ST_631.12.3.21" STYLEREFS="Style_3" VPOS="1479" WIDTH="83" WC="0.94" CC="0000" TAGREFS=""/>
            <SP HPOS="1071" ID="SP_631.12.3.22" VPOS="1479" WIDTH="8"/>
            <String CONTENT="of" HEIGHT="35" HPOS="1079" ID="ST_631.12.3.23" STYLEREFS="Style_3" VPOS="1479" WIDTH="39" WC="0.89" CC="00" TAGREFS=""/>
            <SP HPOS="1118" ID="SP_631.12.3.24" VPOS="1480" WIDTH="5"/>
            <String CONTENT="commitment," HEIGHT="42" HPOS="1123" ID="ST_631.12.3.25" STYLEREFS="Style_3" VPOS="1480" WIDTH="252" WC="0.89" CC="00000000000" TAGREFS=""/>
          </TextLine>
          <TextLine HEIGHT="45" HPOS="161" ID="TL_631.12.4" VPOS="1527" WIDTH="1215">
            <String CONTENT="unless" HEIGHT="34" HPOS="161" ID="ST_631.12.4.1" STYLEREFS="Style_3" VPOS="1528" WIDTH="115" WC="0.85" CC="000000" TAGREFS=""/>
            <SP HPOS="276" ID="SP_631.12.4.2" VPOS="1527" WIDTH="16"/>
            <String CONTENT="he" HEIGHT="35" HPOS="292" ID="ST_631.12.4.3" STYLEREFS="Style_3" VPOS="1527" WIDTH="43" WC="0.93" CC="00" TAGREFS=""/>
            <SP HPOS="335" ID="SP_631.12.4.4" VPOS="1528" WIDTH="15"/>
            <String CONTENT="has" HEIGHT="35" HPOS="350" ID="ST_631.12.4.5" STYLEREFS="Style_3" VPOS="1528" WIDTH="62" WC="0.97" CC="000" TAGREFS=""/>
            <SP HPOS="412" ID="SP_631.12.4.6" VPOS="1528" WIDTH="15"/>
            <String CONTENT="stated" HEIGHT="35" HPOS="427" ID="ST_631.12.4.7" STYLEREFS="Style_3" VPOS="1528" WIDTH="113" WC="1.00" CC="000000" TAGREFS=""/>
            <SP HPOS="540" ID="SP_631.12.4.8" VPOS="1539" WIDTH="16"/>
            <String CONTENT="some" HEIGHT="24" HPOS="556" ID="ST_631.12.4.9" STYLEREFS="Style_3" VPOS="1539" WIDTH="96" WC="0.97" CC="0000" TAGREFS=""/>
            <SP HPOS="652" ID="SP_631.12.4.10" VPOS="1529" WIDTH="14"/>
            <String CONTENT="ground" HEIGHT="43" HPOS="666" ID="ST_631.12.4.11" STYLEREFS="Style_3" VPOS="1529" WIDTH="134" WC="0.98" CC="000000" TAGREFS=""/>
            <SP HPOS="800" ID="SP_631.12.4.12" VPOS="1529" WIDTH="16"/>
            <String CONTENT="for" HEIGHT="35" HPOS="816" ID="ST_631.12.4.13" STYLEREFS="Style_3" VPOS="1529" WIDTH="53" WC="0.92" CC="000" TAGREFS=""/>
            <SP HPOS="869" ID="SP_631.12.4.14" VPOS="1529" WIDTH="15"/>
            <String CONTENT="relief" HEIGHT="35" HPOS="884" ID="ST_631.12.4.15" STYLEREFS="Style_3" VPOS="1529" WIDTH="102" WC="1.00" CC="000000" TAGREFS=""/>
            <SP HPOS="986" ID="SP_631.12.4.16" VPOS="1529" WIDTH="11"/>
            <String CONTENT="which" HEIGHT="35" HPOS="997" ID="ST_631.12.4.17" STYLEREFS="Style_3" VPOS="1529" WIDTH="113" WC="0.93" CC="00000" TAGREFS=""/>
            <SP HPOS="1110" ID="SP_631.12.4.18" VPOS="1530" WIDTH="15"/>
            <String CONTENT="would" HEIGHT="35" HPOS="1125" ID="ST_631.12.4.19" STYLEREFS="Style_3" VPOS="1530" WIDTH="113" WC="0.80" CC="00000" TAGREFS=""/>
            <SP HPOS="1238" ID="SP_631.12.4.20" VPOS="1530" WIDTH="16"/>
            <String CONTENT="render" HEIGHT="35" HPOS="1254" ID="ST_631.12.4.21" STYLEREFS="Style_3" VPOS="1530" WIDTH="122" WC="0.95" CC="000000" TAGREFS=""/>
          </TextLine>
          <TextLine HEIGHT="46" HPOS="160" ID="TL_631.12.5" VPOS="1577" WIDTH="1211">
            <String CONTENT="the" HEIGHT="35" HPOS="160" ID="ST_631.12.5.1" STYLEREFS="Style_3" VPOS="1577" WIDTH="60" WC="0.81" CC="000" TAGREFS=""/>
            <SP HPOS="220" ID="SP_631.12.5.2" VPOS="1577" WIDTH="8"/>
            <String CONTENT="judgment" HEIGHT="43" HPOS="228" ID="ST_631.12.5.3" STYLEREFS="Style_3" VPOS="1577" WIDTH="185" WC="0.89" CC="00000000" TAGREFS=""/>
            <SP HPOS="413" ID="SP_631.12.5.4" VPOS="1578" WIDTH="13"/>
            <String CONTENT="of" HEIGHT="34" HPOS="426" ID="ST_631.12.5.5" STYLEREFS="Style_3" VPOS="1578" WIDTH="39" WC="1.00" CC="00" TAGREFS=""/>
            <SP HPOS="465" ID="SP_631.12.5.6" VPOS="1578" WIDTH="8"/>
            <String CONTENT="conviction" HEIGHT="35" HPOS="473" ID="ST_631.12.5.7" STYLEREFS="Style_3" VPOS="1578" WIDTH="194" WC="0.89" CC="0000000000" TAGREFS=""/>
            <SP HPOS="667" ID="SP_631.12.5.8" VPOS="1579" WIDTH="13"/>
            <String CONTENT="absolutely" HEIGHT="44" HPOS="680" ID="ST_631.12.5.9" STYLEREFS="Style_3" VPOS="1579" WIDTH="193" WC="0.88" CC="0000000000" TAGREFS=""/>
            <SP HPOS="873" ID="SP_631.12.5.10" VPOS="1578" WIDTH="11"/>
            <String CONTENT="void." HEIGHT="36" HPOS="884" ID="ST_631.12.5.11" STYLEREFS="Style_3" VPOS="1578" WIDTH="89" WC="1.00" CC="00000" TAGREFS=""/>
            <SP HPOS="973" ID="SP_631.12.5.12" VPOS="1579" WIDTH="16"/>
            <String CONTENT="Collins" HEIGHT="35" HPOS="989" ID="ST_631.12.5.13" STYLEREFS="Style_4" VPOS="1579" WIDTH="137" WC="0.95" CC="0000000" TAGREFS=""/>
            <SP HPOS="1126" ID="SP_631.12.5.14" VPOS="1591" WIDTH="11"/>
            <String CONTENT="v." HEIGHT="23" HPOS="1137" ID="ST_631.12.5.15" STYLEREFS="Style_3" VPOS="1591" WIDTH="30" WC="1.00" CC="00" TAGREFS=""/>
            <SP HPOS="1167" ID="SP_631.12.5.16" VPOS="1580" WIDTH="13"/>
            <String CONTENT="State," HEIGHT="41" HPOS="1180" ID="ST_631.12.5.17" STYLEREFS="Style_4" VPOS="1580" WIDTH="112" WC="0.99" CC="000000" TAGREFS=""/>
            <SP HPOS="1292" ID="SP_631.12.5.18" VPOS="1581" WIDTH="15"/>
            <String CONTENT="271" HEIGHT="34" HPOS="1307" ID="ST_631.12.5.19" STYLEREFS="Style_3" VPOS="1581" WIDTH="64" WC="1.00" CC="099" TAGREFS=""/>
          </TextLine>
          <TextLine HEIGHT="45" HPOS="160" ID="TL_631.12.6" VPOS="1628" WIDTH="1216">
            <String CONTENT="Ark." HEIGHT="34" HPOS="160" ID="ST_631.12.6.1" STYLEREFS="Style_3" VPOS="1628" WIDTH="86" WC="0.91" CC="0000" TAGREFS=""/>
            <SP HPOS="246" ID="SP_631.12.6.2" VPOS="1629" WIDTH="13"/>
            <String CONTENT="825, 611" HEIGHT="40" HPOS="259" ID="ST_631.12.6.3" STYLEREFS="Style_3" VPOS="1629" WIDTH="154" WC="1.0" CC="00000000" TAGREFS=""/>
            <SP HPOS="413" ID="SP_631.12.6.4" VPOS="1628" WIDTH="15"/>
            <String CONTENT="S.W.2d" HEIGHT="35" HPOS="428" ID="ST_631.12.6.5" STYLEREFS="Style_3" VPOS="1628" WIDTH="144" WC="0.91" CC="000000" TAGREFS=""/>
            <SP HPOS="572" ID="SP_631.12.6.6" VPOS="1629" WIDTH="15"/>
            <String CONTENT="182," HEIGHT="41" HPOS="587" ID="ST_631.12.6.7" STYLEREFS="Style_3" VPOS="1629" WIDTH="75" WC="0.89" CC="9900" TAGREFS=""/>
            <SP HPOS="662" ID="SP_631.12.6.8" VPOS="1635" WIDTH="12"/>
            <String CONTENT="cert." HEIGHT="29" HPOS="674" ID="ST_631.12.6.9" STYLEREFS="Style_4" VPOS="1635" WIDTH="81" WC="1.0" CC="00000" TAGREFS=""/>
            <SP HPOS="755" ID="SP_631.12.6.10" VPOS="1629" WIDTH="13"/>
            <String CONTENT="denied," HEIGHT="42" HPOS="768" ID="ST_631.12.6.11" STYLEREFS="Style_4" VPOS="1629" WIDTH="135" WC="0.84" CC="0000000" TAGREFS=""/>
            <SP HPOS="903" ID="SP_631.12.6.12" VPOS="1630" WIDTH="11"/>
            <String CONTENT="452" HEIGHT="35" HPOS="914" ID="ST_631.12.6.13" STYLEREFS="Style_3" VPOS="1630" WIDTH="69" WC="0.63" CC="000" TAGREFS=""/>
            <SP HPOS="983" ID="SP_631.12.6.14" VPOS="1630" WIDTH="11"/>
            <String CONTENT="U.S." HEIGHT="35" HPOS="994" ID="ST_631.12.6.15" STYLEREFS="Style_3" VPOS="1630" WIDTH="84" WC="0.74" CC="0000" TAGREFS=""/>
            <SP HPOS="1078" ID="SP_631.12.6.16" VPOS="1631" WIDTH="13"/>
            <String CONTENT="973" HEIGHT="34" HPOS="1091" ID="ST_631.12.6.17" STYLEREFS="Style_3" VPOS="1631" WIDTH="66" WC="0.83" CC="000" TAGREFS=""/>
            <SP HPOS="1157" ID="SP_631.12.6.18" VPOS="1629" WIDTH="14"/>
            <String CONTENT="(1981)." HEIGHT="44" HPOS="1171" ID="ST_631.12.6.19" STYLEREFS="Style_3" VPOS="1629" WIDTH="136" WC="0.82" CC="0009990" TAGREFS=""/>
            <SP HPOS="1307" ID="SP_631.12.6.20" VPOS="1631" WIDTH="13"/>
            <String CONTENT="He" HEIGHT="35" HPOS="1320" ID="ST_631.12.6.21" STYLEREFS="Style_3" VPOS="1631" WIDTH="56" WC="1.00" CC="00" TAGREFS=""/>
          </TextLine>
          <TextLine HEIGHT="45" HPOS="160" ID="TL_631.12.7" VPOS="1678" WIDTH="1219">
            <String CONTENT="raises" HEIGHT="35" HPOS="160" ID="ST_631.12.7.1" STYLEREFS="Style_3" VPOS="1678" WIDTH="107" WC="1.00" CC="000000" TAGREFS=""/>
            <SP HPOS="267" ID="SP_631.12.7.2" VPOS="1684" WIDTH="14"/>
            <String CONTENT="two" HEIGHT="29" HPOS="281" ID="ST_631.12.7.3" STYLEREFS="Style_3" VPOS="1684" WIDTH="67" WC="1.00" CC="000" TAGREFS=""/>
            <SP HPOS="348" ID="SP_631.12.7.4" VPOS="1678" WIDTH="13"/>
            <String CONTENT="related" HEIGHT="36" HPOS="361" ID="ST_631.12.7.5" STYLEREFS="Style_3" VPOS="1678" WIDTH="131" WC="0.98" CC="0000000" TAGREFS=""/>
            <SP HPOS="492" ID="SP_631.12.7.6" VPOS="1678" WIDTH="13"/>
            <String CONTENT="issues," HEIGHT="42" HPOS="505" ID="ST_631.12.7.7" STYLEREFS="Style_3" VPOS="1678" WIDTH="119" WC="0.91" CC="0000000" TAGREFS=""/>
            <SP HPOS="624" ID="SP_631.12.7.8" VPOS="1679" WIDTH="14"/>
            <String CONTENT="incompetence" HEIGHT="44" HPOS="638" ID="ST_631.12.7.9" STYLEREFS="Style_3" VPOS="1679" WIDTH="261" WC="0.90" CC="000000000000" TAGREFS=""/>
            <SP HPOS="899" ID="SP_631.12.7.10" VPOS="1685" WIDTH="12"/>
            <String CONTENT="to" HEIGHT="30" HPOS="911" ID="ST_631.12.7.11" STYLEREFS="Style_3" VPOS="1685" WIDTH="36" WC="1.00" CC="00" TAGREFS=""/>
            <SP HPOS="947" ID="SP_631.12.7.12" VPOS="1680" WIDTH="13"/>
            <String CONTENT="stand" HEIGHT="35" HPOS="960" ID="ST_631.12.7.13" STYLEREFS="Style_3" VPOS="1680" WIDTH="102" WC="0.90" CC="00000" TAGREFS=""/>
            <SP HPOS="1062" ID="SP_631.12.7.14" VPOS="1681" WIDTH="12"/>
            <String CONTENT="trial" HEIGHT="35" HPOS="1074" ID="ST_631.12.7.15" STYLEREFS="Style_3" VPOS="1681" WIDTH="80" WC="0.92" CC="00000" TAGREFS=""/>
            <SP HPOS="1154" ID="SP_631.12.7.16" VPOS="1681" WIDTH="14"/>
            <String CONTENT="and" HEIGHT="34" HPOS="1168" ID="ST_631.12.7.17" STYLEREFS="Style_3" VPOS="1681" WIDTH="68" WC="0.91" CC="000" TAGREFS=""/>
            <SP HPOS="1236" ID="SP_631.12.7.18" VPOS="1681" WIDTH="13"/>
            <String CONTENT="lack" HEIGHT="35" HPOS="1249" ID="ST_631.12.7.19" STYLEREFS="Style_3" VPOS="1681" WIDTH="78" WC="0.96" CC="0000" TAGREFS=""/>
            <SP HPOS="1327" ID="SP_631.12.7.20" VPOS="1681" WIDTH="12"/>
            <String CONTENT="of" HEIGHT="35" HPOS="1339" ID="ST_631.12.7.21" STYLEREFS="Style_3" VPOS="1681" WIDTH="40" WC="1.00" CC="00" TAGREFS=""/>
          </TextLine>
          <TextLine HEIGHT="45" HPOS="156" ID="TL_631.12.8" VPOS="1728" WIDTH="1220">
            <String CONTENT="jurisdiction" HEIGHT="43" HPOS="156" ID="ST_631.12.8.1" STYLEREFS="Style_3" VPOS="1728" WIDTH="221" WC="0.89" CC="000000000000" TAGREFS=""/>
            <SP HPOS="377" ID="SP_631.12.8.2" VPOS="1729" WIDTH="13"/>
            <String CONTENT="by" HEIGHT="42" HPOS="390" ID="ST_631.12.8.3" STYLEREFS="Style_3" VPOS="1729" WIDTH="46" WC="1.00" CC="00" TAGREFS=""/>
            <SP HPOS="436" ID="SP_631.12.8.4" VPOS="1729" WIDTH="12"/>
            <String CONTENT="virtue" HEIGHT="35" HPOS="448" ID="ST_631.12.8.5" STYLEREFS="Style_3" VPOS="1729" WIDTH="112" WC="0.88" CC="000000" TAGREFS=""/>
            <SP HPOS="560" ID="SP_631.12.8.6" VPOS="1729" WIDTH="13"/>
            <String CONTENT="of" HEIGHT="34" HPOS="573" ID="ST_631.12.8.7" STYLEREFS="Style_3" VPOS="1729" WIDTH="40" WC="1.00" CC="00" TAGREFS=""/>
            <SP HPOS="613" ID="SP_631.12.8.8" VPOS="1729" WIDTH="11"/>
            <String CONTENT="his" HEIGHT="34" HPOS="624" ID="ST_631.12.8.9" STYLEREFS="Style_3" VPOS="1729" WIDTH="53" WC="0.79" CC="000" TAGREFS=""/>
            <SP HPOS="677" ID="SP_631.12.8.10" VPOS="1735" WIDTH="13"/>
            <String CONTENT="competence," HEIGHT="38" HPOS="690" ID="ST_631.12.8.11" STYLEREFS="Style_3" VPOS="1735" WIDTH="234" WC="0.95" CC="00000000000" TAGREFS=""/>
            <SP HPOS="924" ID="SP_631.12.8.12" VPOS="1730" WIDTH="15"/>
            <String CONTENT="which" HEIGHT="35" HPOS="939" ID="ST_631.12.8.13" STYLEREFS="Style_3" VPOS="1730" WIDTH="113" WC="0.72" CC="00000" TAGREFS=""/>
            <SP HPOS="1052" ID="SP_631.12.8.14" VPOS="1730" WIDTH="13"/>
            <String CONTENT="he" HEIGHT="34" HPOS="1065" ID="ST_631.12.8.15" STYLEREFS="Style_3" VPOS="1730" WIDTH="45" WC="0.79" CC="00" TAGREFS=""/>
            <SP HPOS="1110" ID="SP_631.12.8.16" VPOS="1736" WIDTH="13"/>
            <String CONTENT="asserts" HEIGHT="29" HPOS="1123" ID="ST_631.12.8.17" STYLEREFS="Style_3" VPOS="1736" WIDTH="126" WC="0.93" CC="0000000" TAGREFS=""/>
            <SP HPOS="1249" ID="SP_631.12.8.18" VPOS="1731" WIDTH="14"/>
            <String CONTENT="would" HEIGHT="34" HPOS="1263" ID="ST_631.12.8.19" STYLEREFS="Style_3" VPOS="1731" WIDTH="113" WC="0.96" CC="00000" TAGREFS=""/>
          </TextLine>
          <TextLine HEIGHT="44" HPOS="159" ID="TL_631.12.9" VPOS="1777" WIDTH="1216">
            <String CONTENT="void" HEIGHT="34" HPOS="159" ID="ST_631.12.9.1" STYLEREFS="Style_3" VPOS="1777" WIDTH="79" WC="0.90" CC="0000" TAGREFS=""/>
            <SP HPOS="238" ID="SP_631.12.9.2" VPOS="1778" WIDTH="17"/>
            <String CONTENT="the" HEIGHT="33" HPOS="255" ID="ST_631.12.9.3" STYLEREFS="Style_3" VPOS="1778" WIDTH="59" WC="0.93" CC="000" TAGREFS=""/>
            <SP HPOS="314" ID="SP_631.12.9.4" VPOS="1777" WIDTH="12"/>
            <String CONTENT="judgment" HEIGHT="43" HPOS="326" ID="ST_631.12.9.5" STYLEREFS="Style_3" VPOS="1777" WIDTH="185" WC="0.92" CC="00000000" TAGREFS=""/>
            <SP HPOS="511" ID="SP_631.12.9.6" VPOS="1778" WIDTH="16"/>
            <String CONTENT="in" HEIGHT="33" HPOS="527" ID="ST_631.12.9.7" STYLEREFS="Style_3" VPOS="1778" WIDTH="35" WC="0.82" CC="00" TAGREFS=""/>
            <SP HPOS="562" ID="SP_631.12.9.8" VPOS="1779" WIDTH="17"/>
            <String CONTENT="his" HEIGHT="33" HPOS="579" ID="ST_631.12.9.9" STYLEREFS="Style_3" VPOS="1779" WIDTH="52" WC="0.96" CC="000" TAGREFS=""/>
            <SP HPOS="631" ID="SP_631.12.9.10" VPOS="1789" WIDTH="17"/>
            <String CONTENT="case" HEIGHT="24" HPOS="648" ID="ST_631.12.9.11" STYLEREFS="Style_3" VPOS="1789" WIDTH="80" WC="0.97" CC="0000" TAGREFS=""/>
            <SP HPOS="728" ID="SP_631.12.9.12" VPOS="1779" WIDTH="16"/>
            <String CONTENT="and" HEIGHT="33" HPOS="744" ID="ST_631.12.9.13" STYLEREFS="Style_3" VPOS="1779" WIDTH="69" WC="1.00" CC="000" TAGREFS=""/>
            <SP HPOS="813" ID="SP_631.12.9.14" VPOS="1789" WIDTH="17"/>
            <String CONTENT="argues" HEIGHT="32" HPOS="830" ID="ST_631.12.9.15" STYLEREFS="Style_3" VPOS="1789" WIDTH="123" WC="0.97" CC="000000" TAGREFS=""/>
            <SP HPOS="953" ID="SP_631.12.9.16" VPOS="1779" WIDTH="17"/>
            <String CONTENT="that" HEIGHT="35" HPOS="970" ID="ST_631.12.9.17" STYLEREFS="Style_3" VPOS="1779" WIDTH="77" WC="0.95" CC="0000" TAGREFS=""/>
            <SP HPOS="1047" ID="SP_631.12.9.18" VPOS="1780" WIDTH="16"/>
            <String CONTENT="the" HEIGHT="33" HPOS="1063" ID="ST_631.12.9.19" STYLEREFS="Style_3" VPOS="1780" WIDTH="60" WC="0.92" CC="000" TAGREFS=""/>
            <SP HPOS="1123" ID="SP_631.12.9.20" VPOS="1785" WIDTH="15"/>
            <String CONTENT="court" HEIGHT="29" HPOS="1138" ID="ST_631.12.9.21" STYLEREFS="Style_3" VPOS="1785" WIDTH="98" WC="0.94" CC="00000" TAGREFS=""/>
            <SP HPOS="1236" ID="SP_631.12.9.22" VPOS="1780" WIDTH="16"/>
            <String CONTENT="should" HEIGHT="34" HPOS="1252" ID="ST_631.12.9.23" STYLEREFS="Style_3" VPOS="1780" WIDTH="123" WC="0.88" CC="000000" TAGREFS=""/>
          </TextLine>
          <TextLine HEIGHT="45" HPOS="160" ID="TL_631.12.10" VPOS="1826" WIDTH="1215">
            <String CONTENT="have" HEIGHT="33" HPOS="160" ID="ST_631.12.10.1" STYLEREFS="Style_3" VPOS="1826" WIDTH="89" WC="0.95" CC="0000" TAGREFS=""/>
            <SP HPOS="249" ID="SP_631.12.10.2" VPOS="1826" WIDTH="9"/>
            <String CONTENT="ordered" HEIGHT="34" HPOS="258" ID="ST_631.12.10.3" STYLEREFS="Style_3" VPOS="1826" WIDTH="146" WC="0.71" CC="0000000" TAGREFS=""/>
            <SP HPOS="404" ID="SP_631.12.10.4" VPOS="1837" WIDTH="11"/>
            <String CONTENT="sua" HEIGHT="23" HPOS="415" ID="ST_631.12.10.5" STYLEREFS="Style_4" VPOS="1837" WIDTH="65" WC="0.93" CC="000" TAGREFS=""/>
            <SP HPOS="480" ID="SP_631.12.10.6" VPOS="1833" WIDTH="11"/>
            <String CONTENT="sponte" HEIGHT="37" HPOS="491" ID="ST_631.12.10.7" STYLEREFS="Style_4" VPOS="1833" WIDTH="125" WC="0.94" CC="000000" TAGREFS=""/>
            <SP HPOS="616" ID="SP_631.12.10.8" VPOS="1837" WIDTH="11"/>
            <String CONTENT="a" HEIGHT="23" HPOS="627" ID="ST_631.12.10.9" STYLEREFS="Style_3" VPOS="1837" WIDTH="20" WC="1.00" CC="0" TAGREFS=""/>
            <SP HPOS="647" ID="SP_631.12.10.10" VPOS="1827" WIDTH="12"/>
            <String CONTENT="hearing" HEIGHT="42" HPOS="659" ID="ST_631.12.10.11" STYLEREFS="Style_3" VPOS="1827" WIDTH="144" WC="0.81" CC="0000000" TAGREFS=""/>
            <SP HPOS="803" ID="SP_631.12.10.12" VPOS="1838" WIDTH="11"/>
            <String CONTENT="on" HEIGHT="23" HPOS="814" ID="ST_631.12.10.13" STYLEREFS="Style_3" VPOS="1838" WIDTH="45" WC="0.58" CC="00" TAGREFS=""/>
            <SP HPOS="859" ID="SP_631.12.10.14" VPOS="1827" WIDTH="10"/>
            <String CONTENT="his" HEIGHT="34" HPOS="869" ID="ST_631.12.10.15" STYLEREFS="Style_3" VPOS="1827" WIDTH="53" WC="0.74" CC="000" TAGREFS=""/>
            <SP HPOS="922" ID="SP_631.12.10.16" VPOS="1832" WIDTH="11"/>
            <String CONTENT="competence." HEIGHT="39" HPOS="933" ID="ST_631.12.10.17" STYLEREFS="Style_3" VPOS="1832" WIDTH="234" WC="0.70" CC="00000000000" TAGREFS=""/>
            <SP HPOS="1167" ID="SP_631.12.10.18" VPOS="1829" WIDTH="13"/>
            <String CONTENT="As" HEIGHT="33" HPOS="1180" ID="ST_631.12.10.19" STYLEREFS="Style_3" VPOS="1829" WIDTH="50" WC="0.89" CC="00" TAGREFS=""/>
            <SP HPOS="1230" ID="SP_631.12.10.20" VPOS="1829" WIDTH="12"/>
            <String CONTENT="he" HEIGHT="33" HPOS="1242" ID="ST_631.12.10.21" STYLEREFS="Style_3" VPOS="1829" WIDTH="44" WC="0.72" CC="00" TAGREFS=""/>
            <SP HPOS="1286" ID="SP_631.12.10.22" VPOS="1828" WIDTH="10"/>
            <String CONTENT="fails" HEIGHT="34" HPOS="1296" ID="ST_631.12.10.23" STYLEREFS="Style_3" VPOS="1828" WIDTH="79" WC="0.99" CC="00000" TAGREFS=""/>
          </TextLine>
          <TextLine HEIGHT="46" HPOS="160" ID="TL_631.12.11" VPOS="1875" WIDTH="1214">
            <String CONTENT="totally" HEIGHT="43" HPOS="160" ID="ST_631.12.11.1" STYLEREFS="Style_3" VPOS="1875" WIDTH="123" WC="0.99" CC="0000000" TAGREFS=""/>
            <SP HPOS="283" ID="SP_631.12.11.2" VPOS="1879" WIDTH="25"/>
            <String CONTENT="to" HEIGHT="30" HPOS="308" ID="ST_631.12.11.3" STYLEREFS="Style_3" VPOS="1879" WIDTH="36" WC="1.00" CC="00" TAGREFS=""/>
            <SP HPOS="344" ID="SP_631.12.11.4" VPOS="1875" WIDTH="24"/>
            <String CONTENT="establish" HEIGHT="35" HPOS="368" ID="ST_631.12.11.5" STYLEREFS="Style_3" VPOS="1875" WIDTH="164" WC="0.96" CC="000000000" TAGREFS=""/>
            <SP HPOS="532" ID="SP_631.12.11.6" VPOS="1876" WIDTH="26"/>
            <String CONTENT="that" HEIGHT="34" HPOS="558" ID="ST_631.12.11.7" STYLEREFS="Style_3" VPOS="1876" WIDTH="77" WC="0.87" CC="0000" TAGREFS=""/>
            <SP HPOS="635" ID="SP_631.12.11.8" VPOS="1876" WIDTH="25"/>
            <String CONTENT="he" HEIGHT="34" HPOS="660" ID="ST_631.12.11.9" STYLEREFS="Style_3" VPOS="1876" WIDTH="44" WC="0.93" CC="00" TAGREFS=""/>
            <SP HPOS="704" ID="SP_631.12.11.10" VPOS="1887" WIDTH="24"/>
            <String CONTENT="was" HEIGHT="23" HPOS="728" ID="ST_631.12.11.11" STYLEREFS="Style_3" VPOS="1887" WIDTH="70" WC="1.00" CC="000" TAGREFS=""/>
            <SP HPOS="798" ID="SP_631.12.11.12" VPOS="1877" WIDTH="25"/>
            <String CONTENT="incompetent," HEIGHT="44" HPOS="823" ID="ST_631.12.11.13" STYLEREFS="Style_3" VPOS="1877" WIDTH="246" WC="0.96" CC="000000000000" TAGREFS=""/>
            <SP HPOS="1069" ID="SP_631.12.11.14" VPOS="1877" WIDTH="25"/>
            <String CONTENT="the" HEIGHT="35" HPOS="1094" ID="ST_631.12.11.15" STYLEREFS="Style_3" VPOS="1877" WIDTH="60" WC="1.00" CC="000" TAGREFS=""/>
            <SP HPOS="1154" ID="SP_631.12.11.16" VPOS="1878" WIDTH="24"/>
            <String CONTENT="petition" HEIGHT="43" HPOS="1178" ID="ST_631.12.11.17" STYLEREFS="Style_3" VPOS="1878" WIDTH="143" WC="0.96" CC="00000000" TAGREFS=""/>
            <SP HPOS="1321" ID="SP_631.12.11.18" VPOS="1878" WIDTH="25"/>
            <String CONTENT="is" HEIGHT="34" HPOS="1346" ID="ST_631.12.11.19" STYLEREFS="Style_3" VPOS="1878" WIDTH="28" WC="0.92" CC="00" TAGREFS=""/>
          </TextLine>
          <TextLine HEIGHT="46" HPOS="159" ID="TL_631.12.12" VPOS="1924" WIDTH="1217">
            <String CONTENT="dismissed" HEIGHT="35" HPOS="159" ID="ST_631.12.12.1" STYLEREFS="Style_3" VPOS="1924" WIDTH="183" WC="0.98" CC="000000000" TAGREFS=""/>
            <SP HPOS="342" ID="SP_631.12.12.2" VPOS="1925" WIDTH="23"/>
            <String CONTENT="for" HEIGHT="34" HPOS="365" ID="ST_631.12.12.3" STYLEREFS="Style_3" VPOS="1925" WIDTH="54" WC="1.00" CC="000" TAGREFS=""/>
            <SP HPOS="419" ID="SP_631.12.12.4" VPOS="1924" WIDTH="22"/>
            <String CONTENT="failure" HEIGHT="36" HPOS="441" ID="ST_631.12.12.5" STYLEREFS="Style_3" VPOS="1924" WIDTH="127" WC="0.95" CC="0000000" TAGREFS=""/>
            <SP HPOS="568" ID="SP_631.12.12.6" VPOS="1931" WIDTH="22"/>
            <String CONTENT="to" HEIGHT="29" HPOS="590" ID="ST_631.12.12.7" STYLEREFS="Style_3" VPOS="1931" WIDTH="36" WC="1.00" CC="00" TAGREFS=""/>
            <SP HPOS="626" ID="SP_631.12.12.8" VPOS="1931" WIDTH="23"/>
            <String CONTENT="state" HEIGHT="30" HPOS="649" ID="ST_631.12.12.9" STYLEREFS="Style_3" VPOS="1931" WIDTH="90" WC="0.98" CC="00000" TAGREFS=""/>
            <SP HPOS="739" ID="SP_631.12.12.10" VPOS="1937" WIDTH="23"/>
            <String CONTENT="a" HEIGHT="23" HPOS="762" ID="ST_631.12.12.11" STYLEREFS="Style_3" VPOS="1937" WIDTH="21" WC="1.00" CC="0" TAGREFS=""/>
            <SP HPOS="783" ID="SP_631.12.12.12" VPOS="1926" WIDTH="24"/>
            <String CONTENT="ground" HEIGHT="44" HPOS="807" ID="ST_631.12.12.13" STYLEREFS="Style_3" VPOS="1926" WIDTH="133" WC="0.74" CC="000000" TAGREFS=""/>
            <SP HPOS="940" ID="SP_631.12.12.14" VPOS="1926" WIDTH="23"/>
            <String CONTENT="sufficient" HEIGHT="36" HPOS="963" ID="ST_631.12.12.15" STYLEREFS="Style_3" VPOS="1926" WIDTH="172" WC="0.61" CC="0000000000" TAGREFS=""/>
            <SP HPOS="1135" ID="SP_631.12.12.16" VPOS="1933" WIDTH="22"/>
            <String CONTENT="to" HEIGHT="29" HPOS="1157" ID="ST_631.12.12.17" STYLEREFS="Style_3" VPOS="1933" WIDTH="36" WC="0.75" CC="00" TAGREFS=""/>
            <SP HPOS="1193" ID="SP_631.12.12.18" VPOS="1927" WIDTH="21"/>
            <String CONTENT="void" HEIGHT="35" HPOS="1214" ID="ST_631.12.12.19" STYLEREFS="Style_3" VPOS="1927" WIDTH="79" WC="0.73" CC="0000" TAGREFS=""/>
            <SP HPOS="1293" ID="SP_631.12.12.20" VPOS="1928" WIDTH="23"/>
            <String CONTENT="the" HEIGHT="34" HPOS="1316" ID="ST_631.12.12.21" STYLEREFS="Style_3" VPOS="1928" WIDTH="60" WC="0.71" CC="000" TAGREFS=""/>
          </TextLine>
          <TextLine HEIGHT="36" HPOS="159" ID="TL_631.12.13" VPOS="1974" WIDTH="222">
            <String CONTENT="convictions." HEIGHT="36" HPOS="159" ID="ST_631.12.13.1" STYLEREFS="Style_3" VPOS="1974" WIDTH="222" WC="0.91" CC="000000000000" TAGREFS=""/>
          </TextLine>
        </TextBlock>
        <TextBlock HEIGHT="395.0" HPOS="159.0" ID="BL_631.13" TAGREFS="b631-11" VPOS="2052.0" WIDTH="1217.0">
          <TextLine HEIGHT="45" HPOS="252" ID="TL_631.13.1" VPOS="2052" WIDTH="1123">
            <String CONTENT="It" HEIGHT="34" HPOS="385" ID="ST_631.13.1.3" STYLEREFS="Style_3" VPOS="2053" WIDTH="32" WC="0.74" CC="00" TAGREFS=""/>
            <SP HPOS="417" ID="SP_631.13.1.4" VPOS="2052" WIDTH="17"/>
            <String CONTENT="is" HEIGHT="35" HPOS="434" ID="ST_631.13.1.5" STYLEREFS="Style_3" VPOS="2052" WIDTH="29" WC="0.78" CC="00" TAGREFS=""/>
            <SP HPOS="463" ID="SP_631.13.1.6" VPOS="2053" WIDTH="19"/>
            <String CONTENT="clear" HEIGHT="34" HPOS="482" ID="ST_631.13.1.7" STYLEREFS="Style_3" VPOS="2053" WIDTH="92" WC="1.00" CC="00000" TAGREFS=""/>
            <SP HPOS="574" ID="SP_631.13.1.8" VPOS="2053" WIDTH="18"/>
            <String CONTENT="that" HEIGHT="35" HPOS="592" ID="ST_631.13.1.9" STYLEREFS="Style_3" VPOS="2053" WIDTH="78" WC="0.82" CC="0000" TAGREFS=""/>
            <SP HPOS="670" ID="SP_631.13.1.10" VPOS="2064" WIDTH="19"/>
            <String CONTENT="a" HEIGHT="24" HPOS="689" ID="ST_631.13.1.11" STYLEREFS="Style_3" VPOS="2064" WIDTH="21" WC="1.00" CC="0" TAGREFS=""/>
            <SP HPOS="710" ID="SP_631.13.1.12" VPOS="2063" WIDTH="18"/>
            <String CONTENT="person" HEIGHT="34" HPOS="728" ID="ST_631.13.1.13" STYLEREFS="Style_3" VPOS="2063" WIDTH="124" WC="0.85" CC="000000" TAGREFS=""/>
            <SP HPOS="852" ID="SP_631.13.1.14" VPOS="2053" WIDTH="17"/>
            <String CONTENT="whose" HEIGHT="35" HPOS="869" ID="ST_631.13.1.15" STYLEREFS="Style_3" VPOS="2053" WIDTH="116" WC="0.89" CC="00000" TAGREFS=""/>
            <SP HPOS="985" ID="SP_631.13.1.16" VPOS="2054" WIDTH="18"/>
            <String CONTENT="mental" HEIGHT="35" HPOS="1003" ID="ST_631.13.1.17" STYLEREFS="Style_3" VPOS="2054" WIDTH="132" WC="0.96" CC="000000" TAGREFS=""/>
            <SP HPOS="1135" ID="SP_631.13.1.18" VPOS="2054" WIDTH="18"/>
            <String CONTENT="condition" HEIGHT="35" HPOS="1153" ID="ST_631.13.1.19" STYLEREFS="Style_3" VPOS="2054" WIDTH="175" WC="0.90" CC="000000000" TAGREFS=""/>
            <SP HPOS="1328" ID="SP_631.13.1.20" VPOS="2055" WIDTH="19"/>
            <String CONTENT="is" HEIGHT="34" HPOS="1347" ID="ST_631.13.1.21" STYLEREFS="Style_3" VPOS="2055" WIDTH="28" WC="1.00" CC="00" TAGREFS=""/>
          </TextLine>
          <TextLine HEIGHT="44" HPOS="159" ID="TL_631.13.2" VPOS="2102" WIDTH="1216">
            <String CONTENT="such" HEIGHT="34" HPOS="159" ID="ST_631.13.2.1" STYLEREFS="Style_3" VPOS="2102" WIDTH="86" WC="0.91" CC="0000" TAGREFS=""/>
            <SP HPOS="245" ID="SP_631.13.2.2" VPOS="2102" WIDTH="20"/>
            <String CONTENT="that" HEIGHT="34" HPOS="265" ID="ST_631.13.2.3" STYLEREFS="Style_3" VPOS="2102" WIDTH="77" WC="0.93" CC="0000" TAGREFS=""/>
            <SP HPOS="342" ID="SP_631.13.2.4" VPOS="2102" WIDTH="20"/>
            <String CONTENT="he" HEIGHT="35" HPOS="362" ID="ST_631.13.2.5" STYLEREFS="Style_3" VPOS="2102" WIDTH="43" WC="0.93" CC="00" TAGREFS=""/>
            <SP HPOS="405" ID="SP_631.13.2.6" VPOS="2102" WIDTH="19"/>
            <String CONTENT="lacks" HEIGHT="35" HPOS="424" ID="ST_631.13.2.7" STYLEREFS="Style_3" VPOS="2102" WIDTH="94" WC="1.00" CC="00000" TAGREFS=""/>
            <SP HPOS="518" ID="SP_631.13.2.8" VPOS="2103" WIDTH="20"/>
            <String CONTENT="the" HEIGHT="34" HPOS="538" ID="ST_631.13.2.9" STYLEREFS="Style_3" VPOS="2103" WIDTH="60" WC="0.82" CC="000" TAGREFS=""/>
            <SP HPOS="598" ID="SP_631.13.2.10" VPOS="2102" WIDTH="19"/>
            <String CONTENT="capacity" HEIGHT="44" HPOS="617" ID="ST_631.13.2.11" STYLEREFS="Style_3" VPOS="2102" WIDTH="161" WC="0.98" CC="00000000" TAGREFS=""/>
            <SP HPOS="778" ID="SP_631.13.2.12" VPOS="2109" WIDTH="19"/>
            <String CONTENT="to" HEIGHT="29" HPOS="797" ID="ST_631.13.2.13" STYLEREFS="Style_3" VPOS="2109" WIDTH="36" WC="1.00" CC="00" TAGREFS=""/>
            <SP HPOS="833" ID="SP_631.13.2.14" VPOS="2103" WIDTH="19"/>
            <String CONTENT="understand" HEIGHT="35" HPOS="852" ID="ST_631.13.2.15" STYLEREFS="Style_3" VPOS="2103" WIDTH="214" WC="0.82" CC="0000000000" TAGREFS=""/>
            <SP HPOS="1066" ID="SP_631.13.2.16" VPOS="2104" WIDTH="19"/>
            <String CONTENT="the" HEIGHT="34" HPOS="1085" ID="ST_631.13.2.17" STYLEREFS="Style_3" VPOS="2104" WIDTH="60" WC="1.00" CC="000" TAGREFS=""/>
            <SP HPOS="1145" ID="SP_631.13.2.18" VPOS="2109" WIDTH="18"/>
            <String CONTENT="nature" HEIGHT="30" HPOS="1163" ID="ST_631.13.2.19" STYLEREFS="Style_3" VPOS="2109" WIDTH="124" WC="0.86" CC="000000" TAGREFS=""/>
            <SP HPOS="1287" ID="SP_631.13.2.20" VPOS="2104" WIDTH="19"/>
            <String CONTENT="and" HEIGHT="35" HPOS="1306" ID="ST_631.13.2.21" STYLEREFS="Style_3" VPOS="2104" WIDTH="69" WC="0.97" CC="000" TAGREFS=""/>
          </TextLine>
          <TextLine HEIGHT="44" HPOS="159" ID="TL_631.13.3" VPOS="2151" WIDTH="1217">
            <String CONTENT="object" HEIGHT="43" HPOS="159" ID="ST_631.13.3.1" STYLEREFS="Style_3" VPOS="2151" WIDTH="117" WC="0.80" CC="000000" TAGREFS=""/>
            <SP HPOS="276" ID="SP_631.13.3.2" VPOS="2151" WIDTH="9"/>
            <String CONTENT="of" HEIGHT="34" HPOS="285" ID="ST_631.13.3.3" STYLEREFS="Style_3" VPOS="2151" WIDTH="39" WC="0.98" CC="00" TAGREFS=""/>
            <SP HPOS="324" ID="SP_631.13.3.4" VPOS="2152" WIDTH="6"/>
            <String CONTENT="the" HEIGHT="34" HPOS="330" ID="ST_631.13.3.5" STYLEREFS="Style_3" VPOS="2152" WIDTH="60" WC="0.83" CC="000" TAGREFS=""/>
            <SP HPOS="390" ID="SP_631.13.3.6" VPOS="2151" WIDTH="9"/>
            <String CONTENT="proceedings" HEIGHT="44" HPOS="399" ID="ST_631.13.3.7" STYLEREFS="Style_3" VPOS="2151" WIDTH="224" WC="0.74" CC="00000000000" TAGREFS=""/>
            <SP HPOS="623" ID="SP_631.13.3.8" VPOS="2153" WIDTH="10"/>
            <String CONTENT="against" HEIGHT="42" HPOS="633" ID="ST_631.13.3.9" STYLEREFS="Style_3" VPOS="2153" WIDTH="138" WC="0.80" CC="0000000" TAGREFS=""/>
            <SP HPOS="771" ID="SP_631.13.3.10" VPOS="2153" WIDTH="9"/>
            <String CONTENT="him," HEIGHT="40" HPOS="780" ID="ST_631.13.3.11" STYLEREFS="Style_3" VPOS="2153" WIDTH="84" WC="0.69" CC="0000" TAGREFS=""/>
            <SP HPOS="864" ID="SP_631.13.3.12" VPOS="2158" WIDTH="9"/>
            <String CONTENT="to" HEIGHT="30" HPOS="873" ID="ST_631.13.3.13" STYLEREFS="Style_3" VPOS="2158" WIDTH="37" WC="0.89" CC="00" TAGREFS=""/>
            <SP HPOS="910" ID="SP_631.13.3.14" VPOS="2154" WIDTH="9"/>
            <String CONTENT="consult" HEIGHT="35" HPOS="919" ID="ST_631.13.3.15" STYLEREFS="Style_3" VPOS="2154" WIDTH="136" WC="0.66" CC="0000000" TAGREFS=""/>
            <SP HPOS="1055" ID="SP_631.13.3.16" VPOS="2154" WIDTH="8"/>
            <String CONTENT="with" HEIGHT="34" HPOS="1063" ID="ST_631.13.3.17" STYLEREFS="Style_3" VPOS="2154" WIDTH="84" WC="0.76" CC="0000" TAGREFS=""/>
            <SP HPOS="1147" ID="SP_631.13.3.18" VPOS="2154" WIDTH="10"/>
            <String CONTENT="counsel" HEIGHT="35" HPOS="1157" ID="ST_631.13.3.19" STYLEREFS="Style_3" VPOS="2154" WIDTH="139" WC="0.64" CC="0000000" TAGREFS=""/>
            <SP HPOS="1296" ID="SP_631.13.3.20" VPOS="2154" WIDTH="10"/>
            <String CONTENT="and" HEIGHT="34" HPOS="1306" ID="ST_631.13.3.21" STYLEREFS="Style_3" VPOS="2154" WIDTH="70" WC="0.63" CC="000" TAGREFS=""/>
          </TextLine>
          <TextLine HEIGHT="45" HPOS="160" ID="TL_631.13.4" VPOS="2201" WIDTH="1214">
            <String CONTENT="to" HEIGHT="29" HPOS="160" ID="ST_631.13.4.1" STYLEREFS="Style_3" VPOS="2206" WIDTH="36" WC="1.00" CC="00" TAGREFS=""/>
            <SP HPOS="196" ID="SP_631.13.4.2" VPOS="2201" WIDTH="8"/>
            <String CONTENT="assist" HEIGHT="35" HPOS="204" ID="ST_631.13.4.3" STYLEREFS="Style_3" VPOS="2201" WIDTH="102" WC="1.00" CC="000000" TAGREFS=""/>
            <SP HPOS="306" ID="SP_631.13.4.4" VPOS="2202" WIDTH="9"/>
            <String CONTENT="counsel" HEIGHT="34" HPOS="315" ID="ST_631.13.4.5" STYLEREFS="Style_3" VPOS="2202" WIDTH="138" WC="0.93" CC="0000000" TAGREFS=""/>
            <SP HPOS="453" ID="SP_631.13.4.6" VPOS="2202" WIDTH="10"/>
            <String CONTENT="in" HEIGHT="34" HPOS="463" ID="ST_631.13.4.7" STYLEREFS="Style_3" VPOS="2202" WIDTH="34" WC="0.90" CC="00" TAGREFS=""/>
            <SP HPOS="497" ID="SP_631.13.4.8" VPOS="2202" WIDTH="10"/>
            <String CONTENT="preparing" HEIGHT="44" HPOS="507" ID="ST_631.13.4.9" STYLEREFS="Style_3" VPOS="2202" WIDTH="185" WC="0.90" CC="000000000" TAGREFS=""/>
            <SP HPOS="692" ID="SP_631.13.4.10" VPOS="2202" WIDTH="8"/>
            <String CONTENT="his" HEIGHT="35" HPOS="700" ID="ST_631.13.4.11" STYLEREFS="Style_3" VPOS="2202" WIDTH="53" WC="0.87" CC="000" TAGREFS=""/>
            <SP HPOS="753" ID="SP_631.13.4.12" VPOS="2202" WIDTH="9"/>
            <String CONTENT="defense" HEIGHT="35" HPOS="762" ID="ST_631.13.4.13" STYLEREFS="Style_3" VPOS="2202" WIDTH="142" WC="0.93" CC="0000000" TAGREFS=""/>
            <SP HPOS="904" ID="SP_631.13.4.14" VPOS="2214" WIDTH="8"/>
            <String CONTENT="may" HEIGHT="32" HPOS="912" ID="ST_631.13.4.15" STYLEREFS="Style_3" VPOS="2214" WIDTH="82" WC="0.94" CC="000" TAGREFS=""/>
            <SP HPOS="994" ID="SP_631.13.4.16" VPOS="2209" WIDTH="8"/>
            <String CONTENT="not" HEIGHT="29" HPOS="1002" ID="ST_631.13.4.17" STYLEREFS="Style_3" VPOS="2209" WIDTH="60" WC="0.85" CC="000" TAGREFS=""/>
            <SP HPOS="1062" ID="SP_631.13.4.18" VPOS="2203" WIDTH="9"/>
            <String CONTENT="be" HEIGHT="35" HPOS="1071" ID="ST_631.13.4.19" STYLEREFS="Style_3" VPOS="2203" WIDTH="43" WC="1.00" CC="00" TAGREFS=""/>
            <SP HPOS="1114" ID="SP_631.13.4.20" VPOS="2203" WIDTH="9"/>
            <String CONTENT="subjected" HEIGHT="43" HPOS="1123" ID="ST_631.13.4.21" STYLEREFS="Style_3" VPOS="2203" WIDTH="178" WC="0.99" CC="000000000" TAGREFS=""/>
            <SP HPOS="1301" ID="SP_631.13.4.22" VPOS="2208" WIDTH="9"/>
            <String CONTENT="to" HEIGHT="30" HPOS="1310" ID="ST_631.13.4.23" STYLEREFS="Style_3" VPOS="2208" WIDTH="35" WC="1.00" CC="00" TAGREFS=""/>
            <SP HPOS="1345" ID="SP_631.13.4.24" VPOS="2215" WIDTH="9"/>
            <String CONTENT="a" HEIGHT="23" HPOS="1354" ID="ST_631.13.4.25" STYLEREFS="Style_3" VPOS="2215" WIDTH="20" WC="1.00" CC="0" TAGREFS=""/>
          </TextLine>
          <TextLine HEIGHT="46" HPOS="159" ID="TL_631.13.5" VPOS="2250" WIDTH="1217">
            <String CONTENT="trial." HEIGHT="35" HPOS="159" ID="ST_631.13.5.1" STYLEREFS="Style_3" VPOS="2250" WIDTH="91" WC="0.94" CC="000000" TAGREFS=""/>
            <SP HPOS="250" ID="SP_631.13.5.2" VPOS="2253" WIDTH="17"/>
            <String CONTENT="Drope" HEIGHT="42" HPOS="267" ID="ST_631.13.5.3" STYLEREFS="Style_4" VPOS="2253" WIDTH="118" WC="0.90" CC="00000" TAGREFS=""/>
            <SP HPOS="385" ID="SP_631.13.5.4" VPOS="2262" WIDTH="14"/>
            <String CONTENT="v." HEIGHT="23" HPOS="399" ID="ST_631.13.5.5" STYLEREFS="Style_3" VPOS="2262" WIDTH="29" WC="0.98" CC="00" TAGREFS=""/>
            <SP HPOS="428" ID="SP_631.13.5.6" VPOS="2253" WIDTH="17"/>
            <String CONTENT="Missouri," HEIGHT="39" HPOS="445" ID="ST_631.13.5.7" STYLEREFS="Style_4" VPOS="2253" WIDTH="185" WC="0.85" CC="000000000" TAGREFS=""/>
            <SP HPOS="630" ID="SP_631.13.5.8" VPOS="2253" WIDTH="17"/>
            <String CONTENT="420" HEIGHT="34" HPOS="647" ID="ST_631.13.5.9" STYLEREFS="Style_3" VPOS="2253" WIDTH="69" WC="0.91" CC="000" TAGREFS=""/>
            <SP HPOS="716" ID="SP_631.13.5.10" VPOS="2252" WIDTH="16"/>
            <String CONTENT="U.S." HEIGHT="35" HPOS="732" ID="ST_631.13.5.11" STYLEREFS="Style_3" VPOS="2252" WIDTH="84" WC="0.98" CC="0000" TAGREFS=""/>
            <SP HPOS="816" ID="SP_631.13.5.12" VPOS="2253" WIDTH="22"/>
            <String CONTENT="162" HEIGHT="34" HPOS="838" ID="ST_631.13.5.13" STYLEREFS="Style_3" VPOS="2253" WIDTH="64" WC="0.95" CC="000" TAGREFS=""/>
            <SP HPOS="902" ID="SP_631.13.5.14" VPOS="2252" WIDTH="18"/>
            <String CONTENT="(1975)." HEIGHT="44" HPOS="920" ID="ST_631.13.5.15" STYLEREFS="Style_3" VPOS="2252" WIDTH="138" WC="0.88" CC="0000000" TAGREFS=""/>
            <SP HPOS="1058" ID="SP_631.13.5.16" VPOS="2252" WIDTH="18"/>
            <String CONTENT="If" HEIGHT="35" HPOS="1076" ID="ST_631.13.5.17" STYLEREFS="Style_3" VPOS="2252" WIDTH="35" WC="1.00" CC="00" TAGREFS=""/>
            <SP HPOS="1111" ID="SP_631.13.5.18" VPOS="2253" WIDTH="11"/>
            <String CONTENT="the" HEIGHT="35" HPOS="1122" ID="ST_631.13.5.19" STYLEREFS="Style_3" VPOS="2253" WIDTH="60" WC="0.94" CC="000" TAGREFS=""/>
            <SP HPOS="1182" ID="SP_631.13.5.20" VPOS="2253" WIDTH="14"/>
            <String CONTENT="convicted" HEIGHT="35" HPOS="1196" ID="ST_631.13.5.21" STYLEREFS="Style_3" VPOS="2253" WIDTH="180" WC="0.82" CC="000000000" TAGREFS=""/>
          </TextLine>
          <TextLine HEIGHT="47" HPOS="160" ID="TL_631.13.6" VPOS="2300" WIDTH="1216">
            <String CONTENT="defendant" HEIGHT="36" HPOS="160" ID="ST_631.13.6.1" STYLEREFS="Style_3" VPOS="2300" WIDTH="191" WC="0.92" CC="000000000" TAGREFS=""/>
            <SP HPOS="351" ID="SP_631.13.6.2" VPOS="2301" WIDTH="17"/>
            <String CONTENT="did" HEIGHT="35" HPOS="368" ID="ST_631.13.6.3" STYLEREFS="Style_3" VPOS="2301" WIDTH="58" WC="1.00" CC="000" TAGREFS=""/>
            <SP HPOS="426" ID="SP_631.13.6.4" VPOS="2307" WIDTH="17"/>
            <String CONTENT="not" HEIGHT="29" HPOS="443" ID="ST_631.13.6.5" STYLEREFS="Style_3" VPOS="2307" WIDTH="59" WC="0.83" CC="000" TAGREFS=""/>
            <SP HPOS="502" ID="SP_631.13.6.6" VPOS="2302" WIDTH="18"/>
            <String CONTENT="raise" HEIGHT="35" HPOS="520" ID="ST_631.13.6.7" STYLEREFS="Style_3" VPOS="2302" WIDTH="89" WC="1.00" CC="00000" TAGREFS=""/>
            <SP HPOS="609" ID="SP_631.13.6.8" VPOS="2302" WIDTH="16"/>
            <String CONTENT="the" HEIGHT="35" HPOS="625" ID="ST_631.13.6.9" STYLEREFS="Style_3" VPOS="2302" WIDTH="60" WC="0.94" CC="000" TAGREFS=""/>
            <SP HPOS="685" ID="SP_631.13.6.10" VPOS="2302" WIDTH="16"/>
            <String CONTENT="issue" HEIGHT="35" HPOS="701" ID="ST_631.13.6.11" STYLEREFS="Style_3" VPOS="2302" WIDTH="91" WC="0.96" CC="00000" TAGREFS=""/>
            <SP HPOS="792" ID="SP_631.13.6.12" VPOS="2302" WIDTH="16"/>
            <String CONTENT="of" HEIGHT="35" HPOS="808" ID="ST_631.13.6.13" STYLEREFS="Style_3" VPOS="2302" WIDTH="40" WC="1.00" CC="00" TAGREFS=""/>
            <SP HPOS="848" ID="SP_631.13.6.14" VPOS="2303" WIDTH="13"/>
            <String CONTENT="his" HEIGHT="34" HPOS="861" ID="ST_631.13.6.15" STYLEREFS="Style_3" VPOS="2303" WIDTH="53" WC="0.87" CC="000" TAGREFS=""/>
            <SP HPOS="914" ID="SP_631.13.6.16" VPOS="2308" WIDTH="17"/>
            <String CONTENT="competence" HEIGHT="39" HPOS="931" ID="ST_631.13.6.17" STYLEREFS="Style_3" VPOS="2308" WIDTH="224" WC="0.96" CC="0000000000" TAGREFS=""/>
            <SP HPOS="1155" ID="SP_631.13.6.18" VPOS="2308" WIDTH="16"/>
            <String CONTENT="at" HEIGHT="30" HPOS="1171" ID="ST_631.13.6.19" STYLEREFS="Style_3" VPOS="2308" WIDTH="37" WC="1.00" CC="00" TAGREFS=""/>
            <SP HPOS="1208" ID="SP_631.13.6.20" VPOS="2304" WIDTH="16"/>
            <String CONTENT="trial," HEIGHT="41" HPOS="1224" ID="ST_631.13.6.21" STYLEREFS="Style_3" VPOS="2304" WIDTH="90" WC="1.00" CC="000000" TAGREFS=""/>
            <SP HPOS="1314" ID="SP_631.13.6.22" VPOS="2304" WIDTH="18"/>
            <String CONTENT="he" HEIGHT="34" HPOS="1332" ID="ST_631.13.6.23" STYLEREFS="Style_3" VPOS="2304" WIDTH="44" WC="0.95" CC="00" TAGREFS=""/>
          </TextLine>
          <TextLine HEIGHT="45" HPOS="159" ID="TL_631.13.7" VPOS="2351" WIDTH="1216">
            <String CONTENT="may" HEIGHT="33" HPOS="159" ID="ST_631.13.7.1" STYLEREFS="Style_3" VPOS="2361" WIDTH="82" WC="0.73" CC="000" TAGREFS=""/>
            <SP HPOS="241" ID="SP_631.13.7.2" VPOS="2351" WIDTH="24"/>
            <String CONTENT="nevertheless" HEIGHT="35" HPOS="265" ID="ST_631.13.7.3" STYLEREFS="Style_3" VPOS="2351" WIDTH="229" WC="0.95" CC="000000000000" TAGREFS=""/>
            <SP HPOS="494" ID="SP_631.13.7.4" VPOS="2357" WIDTH="24"/>
            <String CONTENT="assert" HEIGHT="30" HPOS="518" ID="ST_631.13.7.5" STYLEREFS="Style_3" VPOS="2357" WIDTH="109" WC="0.99" CC="000000" TAGREFS=""/>
            <SP HPOS="627" ID="SP_631.13.7.6" VPOS="2352" WIDTH="23"/>
            <String CONTENT="his" HEIGHT="35" HPOS="650" ID="ST_631.13.7.7" STYLEREFS="Style_3" VPOS="2352" WIDTH="53" WC="0.98" CC="000" TAGREFS=""/>
            <SP HPOS="703" ID="SP_631.13.7.8" VPOS="2352" WIDTH="23"/>
            <String CONTENT="incompetence" HEIGHT="44" HPOS="726" ID="ST_631.13.7.9" STYLEREFS="Style_3" VPOS="2352" WIDTH="261" WC="0.87" CC="000000000000" TAGREFS=""/>
            <SP HPOS="987" ID="SP_631.13.7.10" VPOS="2358" WIDTH="22"/>
            <String CONTENT="to" HEIGHT="30" HPOS="1009" ID="ST_631.13.7.11" STYLEREFS="Style_3" VPOS="2358" WIDTH="36" WC="1.00" CC="00" TAGREFS=""/>
            <SP HPOS="1045" ID="SP_631.13.7.12" VPOS="2354" WIDTH="23"/>
            <String CONTENT="stand" HEIGHT="34" HPOS="1068" ID="ST_631.13.7.13" STYLEREFS="Style_3" VPOS="2354" WIDTH="102" WC="0.84" CC="00000" TAGREFS=""/>
            <SP HPOS="1170" ID="SP_631.13.7.14" VPOS="2354" WIDTH="23"/>
            <String CONTENT="trial" HEIGHT="34" HPOS="1193" ID="ST_631.13.7.15" STYLEREFS="Style_3" VPOS="2354" WIDTH="79" WC="0.97" CC="00000" TAGREFS=""/>
            <SP HPOS="1272" ID="SP_631.13.7.16" VPOS="2354" WIDTH="24"/>
            <String CONTENT="in" HEIGHT="34" HPOS="1296" ID="ST_631.13.7.17" STYLEREFS="Style_3" VPOS="2354" WIDTH="34" WC="0.90" CC="00" TAGREFS=""/>
            <SP HPOS="1330" ID="SP_631.13.7.18" VPOS="2365" WIDTH="24"/>
            <String CONTENT="a" HEIGHT="24" HPOS="1354" ID="ST_631.13.7.19" STYLEREFS="Style_3" VPOS="2365" WIDTH="21" WC="0.56" CC="0" TAGREFS=""/>
          </TextLine>
          <TextLine HEIGHT="46" HPOS="160" ID="TL_631.13.8" VPOS="2401" WIDTH="1214">
            <String CONTENT="petition" HEIGHT="44" HPOS="160" ID="ST_631.13.8.1" STYLEREFS="Style_3" VPOS="2401" WIDTH="145" WC="0.96" CC="00000000" TAGREFS=""/>
            <SP HPOS="305" ID="SP_631.13.8.2" VPOS="2401" WIDTH="16"/>
            <String CONTENT="for" HEIGHT="35" HPOS="321" ID="ST_631.13.8.3" STYLEREFS="Style_3" VPOS="2401" WIDTH="53" WC="1.00" CC="000" TAGREFS=""/>
            <SP HPOS="374" ID="SP_631.13.8.4" VPOS="2402" WIDTH="14"/>
            <String CONTENT="postconviction" HEIGHT="43" HPOS="388" ID="ST_631.13.8.5" STYLEREFS="Style_3" VPOS="2402" WIDTH="270" WC="0.95" CC="00000000000000" TAGREFS=""/>
            <SP HPOS="658" ID="SP_631.13.8.6" VPOS="2402" WIDTH="16"/>
            <String CONTENT="relief" HEIGHT="35" HPOS="674" ID="ST_631.13.8.7" STYLEREFS="Style_3" VPOS="2402" WIDTH="102" WC="0.98" CC="000000" TAGREFS=""/>
            <SP HPOS="776" ID="SP_631.13.8.8" VPOS="2403" WIDTH="11"/>
            <String CONTENT="since" HEIGHT="34" HPOS="787" ID="ST_631.13.8.9" STYLEREFS="Style_3" VPOS="2403" WIDTH="94" WC="0.97" CC="00000" TAGREFS=""/>
            <SP HPOS="881" ID="SP_631.13.8.10" VPOS="2414" WIDTH="14"/>
            <String CONTENT="a" HEIGHT="23" HPOS="895" ID="ST_631.13.8.11" STYLEREFS="Style_3" VPOS="2414" WIDTH="20" WC="1.00" CC="0" TAGREFS=""/>
            <SP HPOS="915" ID="SP_631.13.8.12" VPOS="2414" WIDTH="15"/>
            <String CONTENT="person" HEIGHT="33" HPOS="930" ID="ST_631.13.8.13" STYLEREFS="Style_3" VPOS="2414" WIDTH="123" WC="1.00" CC="000000" TAGREFS=""/>
            <SP HPOS="1053" ID="SP_631.13.8.14" VPOS="2404" WIDTH="15"/>
            <String CONTENT="who" HEIGHT="34" HPOS="1068" ID="ST_631.13.8.15" STYLEREFS="Style_3" VPOS="2404" WIDTH="77" WC="0.81" CC="000" TAGREFS=""/>
            <SP HPOS="1145" ID="SP_631.13.8.16" VPOS="2404" WIDTH="14"/>
            <String CONTENT="is" HEIGHT="34" HPOS="1159" ID="ST_631.13.8.17" STYLEREFS="Style_3" VPOS="2404" WIDTH="28" WC="1.00" CC="00" TAGREFS=""/>
            <SP HPOS="1187" ID="SP_631.13.8.18" VPOS="2404" WIDTH="14"/>
            <String CONTENT="incompe-" HEIGHT="43" HPOS="1201" ID="ST_631.13.8.19" STYLEREFS="Style_3" VPOS="2404" WIDTH="173" WC="0.91" CC="00000000" TAGREFS=""/>
          </TextLine>
        </TextBlock>
      </PrintSpace>
    </Page>
  </Layout>
</alto>
