1643 2703
121 413 74 34 also
205 423 124 32 argues
340 413 76 34 that
425 413 60 34 the
495 412 208 35 Chancellor
714 411 98 35 erred
822 412 34 34 in
867 411 163 44 applying
1041 411 153 44 estoppel
1204 410 53 35 for
1267 410 68 35 this

122 473 133 24 reason.

1293 270 39 34 15

354 527 75 34 The
440 526 145 34 division
596 526 112 41 order,
721 525 172 44 approved
905 525 45 44 by
962 525 205 43 appellant’s
1180 529 157 39 attorney

124 577 69 34 and
208 577 167 34 executed
389 577 44 43 by
448 576 176 44 appellant
638 576 35 34 in
692 577 99 39 1973,
805 575 156 44 provides
976 575 77 34 that
1067 575 176 44 appellant
1256 574 81 35 does

125 626 140 44 “adopt,
286 626 115 44 ratify,
422 626 68 35 and
510 627 145 34 confirm
675 626 86 34 each
781 625 40 35 of
836 625 162 35 Pennzoil
1018 625 195 43 Producing
1233 624 103 35 Com­

124 677 121 43 pany’s
263 677 118 34 leases.
410 704 5 7 .
444 704 6 7 .
478 676 30 34 .”
526 676 196 43 Normally,
740 687 20 23 a
776 675 144 35 division
937 675 100 35 order
1053 675 68 35 will
1138 680 59 29 not
1213 675 123 34 consti­

124 732 76 29 tute
216 738 20 22 a
254 737 216 33 conveyance
486 726 39 34 of
539 737 44 23 an
601 726 142 34 interest
760 725 34 34 in
810 726 59 34 the
885 725 93 41 land,
996 725 174 41 minerals,
1187 736 38 23 or
1241 724 97 35 other

125 777 171 34 interests.
316 777 178 40 However,
511 775 109 36 under
638 786 96 24 some
750 775 268 35 circumstances
1036 785 65 25 one
1116 775 77 34 who
1210 775 91 42 signs
1319 786 20 23 a

126 826 145 34 division
290 825 99 36 order
408 837 80 32 may
507 825 43 35 be
569 825 165 45 estopped
752 830 36 30 to
806 825 89 44 deny
913 825 77 35 that
1008 824 60 35 the
1085 824 200 45 stipulation
1304 824 39 35 of

126 877 159 34 interests
297 876 34 34 in
342 877 59 34 the
411 876 100 34 order
522 875 28 35 is
561 881 143 30 correct.
717 876 22 33 4
750 875 172 35 Williams
937 876 33 34 &
984 875 152 43 Meyers,
1148 875 58 34 Oil
1221 875 32 34 &
1266 874 73 35 Gas

127 927 82 33 Law
228 926 17 42 §
264 927 66 33 707
350 925 136 44 (1985).
505 927 104 40 Here,
626 925 187 44 appellant,
830 926 59 34 the
904 925 217 43 non-leasing
1136 929 204 30 concurrent

126 987 127 29 owner,
269 976 172 43 expressly
457 975 135 35 ratified
607 976 60 34 the
682 976 108 33 leases
805 980 36 30 to
855 975 166 44 appellee.
1037 975 135 34 Absent
1186 973 102 35 fraud
1303 985 38 24 or

127 1026 340 43 misrepresentation
487 1025 85 34 such
593 1036 137 33 express
750 1025 209 34 ratification
979 1025 27 33 is
1027 1024 158 35 effective
1204 1029 35 29 to
1259 1024 82 35 bind

128 1075 188 44 appellant.
329 1075 77 40 See,
422 1087 61 32 e.g.
498 1076 189 33 American
699 1074 165 44 Refining
876 1075 60 34 Co.
950 1085 30 23 v.
999 1074 104 35 Tidal
1118 1076 152 33 Western
1285 1074 58 35 Oil

129 1126 117 43 Corp.,
272 1126 68 33 264
363 1125 94 35 S.W.
483 1126 65 33 335
577 1125 98 43 (Tex.
701 1124 75 35 Civ.
800 1125 90 43 App.
920 1123 118 43 1924);
1062 1125 21 33 4
1107 1124 171 34 Williams
1306 1125 33 34 &

129 1176 153 42 Meyers,
298 1175 58 35 Oil
376 1176 32 33 &
426 1175 72 34 Gas
514 1175 83 34 Law
615 1175 17 43 §
651 1176 67 33 708
737 1174 137 44 (1985).
890 1174 122 35 Under
1026 1174 98 35 these
1138 1173 203 42 conditions,

129 1225 222 34 detrimental
363 1225 149 34 reliance
523 1224 27 35 is
563 1230 59 29 not
634 1224 171 35 essential.
822 1227 113 32 Texas
949 1226 31 32 &
993 1224 132 43 Pacific
1137 1223 89 36 Coal
1239 1225 31 33 &
1286 1224 58 35 Oil

131 1276 60 33 Co.
213 1286 31 22 v.
266 1275 146 43 Kirtley,
434 1275 65 34 288
522 1274 95 35 S.W.
639 1275 68 34 619
730 1274 98 42 (Tex.
850 1274 75 34 Civ.
946 1275 91 42 App.
1063 1273 117 43 1926).

314 1339 188 44 Appellant
510 1338 123 45 tacitly
641 1338 261 44 acknowledges
911 1338 77 35 that
996 1338 44 34 he
1049 1337 183 45 acquiesed
1241 1337 34 35 in
1285 1338 58 34 the

129 1390 110 34 leases
253 1389 62 34 but
329 1400 123 33 argues
465 1389 77 35 that
556 1389 82 44 they
651 1389 80 44 only
745 1388 105 36 affect
863 1389 52 34 his
929 1388 201 35 one-fourth
1143 1388 39 35 of
1192 1388 59 35 the
1263 1398 79 25 one-­

130 1440 119 43 eighth
259 1440 134 44 royalty
402 1440 141 35 interest
552 1439 120 36 before
681 1439 53 35 his
743 1440 164 34 mother’s
916 1439 116 35 death.
1044 1439 103 35 From
1155 1439 77 35 that
1240 1438 103 42 basis,

130 1491 44 34 he
202 1501 124 32 argues
355 1490 76 35 that
458 1490 44 35 he
529 1489 60 35 did
617 1495 60 30 not
705 1489 106 44 ratify
838 1490 59 35 the
925 1489 153 44 working
1106 1490 142 34 interest
1276 1489 68 35 and

130 1540 186 41 therefore,
336 1540 44 35 he
399 1541 27 34 is
446 1540 144 35 entitled
609 1545 36 30 to
665 1551 45 24 an
730 1540 207 43 accounting
957 1539 39 35 of
1012 1540 60 35 the
1091 1539 253 43 seven-eighths

130 1590 154 43 working
306 1590 141 35 interest
468 1590 53 34 for
542 1590 53 35 his
616 1595 222 39 one-quarter
859 1590 142 34 interest
1022 1590 35 33 in
1077 1590 60 34 the
1157 1589 91 35 land.
1270 1590 74 34 The

131 1645 185 38 argument
331 1640 26 34 is
373 1640 144 34 without
532 1640 113 34 merit.
662 1640 113 34 When
790 1650 65 24 one
869 1644 160 30 executes
1043 1650 38 23 or
1096 1639 129 34 ratifies
1240 1650 44 23 an
1299 1639 45 35 oil

131 1689 69 35 and
221 1700 61 32 gas
303 1689 92 35 lease
414 1695 35 29 to
470 1689 145 35 another
636 1700 123 33 person
779 1689 35 34 in
834 1689 177 43 exchange
1031 1688 53 36 for
1105 1700 20 23 a
1145 1688 199 43 one-eighth

131 1740 136 43 royalty
287 1739 151 41 interest,
459 1750 37 23 or
516 1749 96 25 some
631 1744 78 39 part
729 1739 145 41 thereof,
895 1739 43 34 he
957 1749 119 32 agrees
1096 1744 36 29 to
1151 1739 59 34 the
1229 1749 115 24 seven-­

132 1789 137 43 eighths
295 1789 142 34 interest
463 1789 102 42 being
592 1789 80 34 held
698 1789 45 43 by
769 1799 162 24 someone
956 1788 80 35 else.
1062 1788 199 41 Therefore,
1286 1789 60 34 the

131 1839 178 43 appellant
325 1838 27 35 is
368 1838 164 44 estopped
548 1843 35 29 to
599 1838 90 44 deny
704 1838 76 34 that
796 1838 58 35 the
869 1838 202 44 stipulation
1086 1838 39 34 of
1137 1838 158 34 interests
1311 1838 34 34 in

131 1888 60 34 the
211 1887 145 35 division
376 1888 99 34 order
496 1888 28 34 is
544 1893 143 29 correct.

223 1952 76 34 The
310 1952 207 35 Chancellor
528 1952 80 34 held
619 1952 88 41 that,
719 1952 34 34 in
765 1951 166 42 addition,
942 1952 60 34 the
1013 1952 155 44 appellee
1178 1951 69 34 had
1258 1951 88 43 good

132 2002 77 34 title
225 2013 37 23 as
280 2013 19 23 a
316 2001 90 35 bona
422 2002 69 34 fide
507 2002 188 43 purchaser
711 2001 39 35 of
763 2001 58 35 the
837 2001 175 35 leasehold
1028 2001 159 35 interests
1203 2001 145 35 without

132 2052 125 34 notice.
273 2051 73 34 The
360 2052 176 44 appellant
549 2051 167 35 contends
730 2051 59 34 the
802 2052 113 42 ruling
929 2062 70 23 was
1013 2051 35 34 in
1062 2062 103 24 error.
1181 2051 103 34 Since
1297 2062 51 23 we

133 2102 88 34 have
236 2102 142 44 already
392 2101 128 45 upheld
536 2101 60 36 the
611 2102 113 43 ruling
740 2112 43 24 on
799 2102 59 34 the
873 2101 92 35 basis
981 2100 39 35 of
1032 2101 59 35 the
1106 2106 67 30 two
1189 2100 107 35 forms
1311 2100 39 35 of

133 2152 155 44 estoppel
308 2163 51 23 we
379 2151 86 35 need
486 2156 60 30 not
566 2152 132 34 discuss
718 2151 68 34 this
807 2152 212 43 assignment
1039 2151 39 35 of
1095 2162 104 24 error.

319 2217 188 43 Appellant
532 2216 228 43 additionally
784 2227 124 32 argues
932 2216 78 34 that
1034 2216 155 44 appellee
1213 2215 68 34 will
1306 2216 43 34 be

134 2266 155 43 unjustly
318 2266 161 34 enriched
507 2265 30 35 if
562 2277 52 24 we
641 2265 130 44 uphold
799 2266 59 34 the
887 2265 219 35 Chancellor.
1135 2265 127 43 Again,
1290 2265 59 34 the

134 2320 185 39 argument
333 2315 28 35 is
375 2316 145 34 without
534 2316 113 34 merit.
662 2315 168 44 Appellee
844 2320 99 39 spent
958 2315 46 34 all
1018 2314 39 35 of
1068 2315 60 34 the
1141 2325 124 32 money
1280 2314 69 35 and

134 2366 83 34 took
238 2365 46 35 all
305 2365 39 34 of
363 2366 58 34 the
442 2365 70 35 risk
533 2370 36 29 to
590 2365 78 35 drill
690 2364 69 36 and
780 2365 171 44 complete
972 2364 59 35 the
1052 2365 86 34 well.
1161 2364 189 44 Appellant

136 2415 162 35 assumed
315 2427 88 24 none
419 2415 39 35 of
471 2415 77 35 that
565 2416 70 34 risk
651 2415 69 35 and
736 2415 59 34 did
812 2420 59 30 not
887 2415 88 34 offer
991 2420 36 29 to
1043 2425 68 33 pay
1127 2415 52 34 his
1196 2425 61 33 pro
1273 2419 76 30 rata
