1667 2700
123 410 132 36 motion
279 410 129 44 stating
432 412 76 34 that
532 411 68 35 due
624 416 36 30 to
684 411 115 36 illness
824 412 68 35 and
916 422 117 25 severe
1057 412 186 35 emotional
1268 411 68 36 and

122 461 164 35 financial
300 460 195 36 difficulties
510 461 59 35 the
583 461 205 45 appellant’s
803 467 159 39 attorney
976 461 69 36 had
1060 462 86 35 been
1161 461 127 36 unable
1302 466 36 31 to

123 512 173 43 complete
315 511 52 35 his
388 511 98 35 brief.

1268 269 67 37 473

214 589 75 35 The
298 589 220 44 explanation
529 589 54 36 for
592 601 20 24 a
622 589 102 45 delay
733 589 39 36 of
779 599 95 26 more
883 590 85 35 than
978 591 51 34 six
1039 591 138 34 months
1186 590 81 35 does
1277 595 60 31 not

123 648 131 35 appear
269 645 36 29 to
319 640 43 34 be
377 639 182 45 adequate.
576 640 75 35 The
665 641 131 34 motion
811 640 28 35 is
855 640 157 44 granted,
1028 641 149 35 because
1191 640 67 35 this
1274 640 28 35 is
1317 652 20 24 a

123 689 160 35 criminal
301 700 90 30 case;
411 690 62 35 but
491 690 59 34 the
569 694 128 31 matter
715 690 27 35 is
761 689 152 36 referred
932 695 36 29 to
986 690 60 35 the
1064 690 212 35 Committee
1293 701 44 25 on

124 738 230 36 Professional
378 739 161 35 Conduct
562 739 54 35 for
638 740 173 34 whatever
833 740 242 43 investigation
1099 740 68 35 and
1190 740 148 44 possible

124 789 116 34 action
261 789 26 34 it
308 799 80 33 may
407 789 101 35 deem
528 800 134 33 proper.

216 866 159 41 Purtle,
396 867 42 40 J.,
460 869 59 32 not
539 866 256 44 participating.

293 1145 145 35 Earnest
458 1147 70 33 Lee
549 1146 146 35 WADE
715 1157 27 24 v.
765 1146 152 35 STATE
937 1146 39 35 of
992 1146 179 36 Arkansas

125 1221 66 35 CR
212 1221 107 36 79-19

1018 1224 68 35 706
1107 1224 143 35 S.W.2d
1272 1226 67 34 392

453 1299 171 45 Supreme
644 1300 111 36 Court
775 1301 40 35 of
830 1302 179 35 Arkansas

391 1350 152 45 Opinion
563 1351 172 35 delivered
757 1352 127 35 March
906 1353 54 41 31,
986 1353 88 35 1986

215 2059 203 45 Appellant,
439 2071 61 34 pro
520 2072 47 24 se.

214 2138 106 34 Steve
335 2137 120 42 Clark,
470 2138 100 43 Att’y
584 2139 101 40 Gen.,
700 2139 55 43 by:
775 2138 181 36 Theodore
968 2138 149 42 Holder,
1131 2140 93 34 Asst.
1240 2138 99 46 Att’y

123 2184 103 42 Gen.,
247 2186 53 34 for
322 2187 164 43 appellee.

215 2263 75 35 Per
309 2263 163 36 Curiam.

492 2264 147 35 Earnest
657 2265 71 34 Lee
745 2264 112 36 Wade
874 2275 70 25 was
962 2265 179 35 convicted
1159 2265 40 36 of
1212 2265 126 36 second

123 2312 127 44 degree
268 2322 124 35 escape
409 2314 70 34 and
497 2314 186 35 sentenced
701 2320 35 29 to
755 2320 59 30 ten
831 2326 100 32 years
949 2315 264 45 imprisonment
1231 2316 69 35 and
1318 2327 21 24 a

124 2362 153 41 $10,000
292 2363 79 35 fine.
389 2364 56 34 He
459 2374 70 24 was
545 2363 162 36 declared
722 2375 21 24 a
759 2375 142 34 pauper,
917 2365 70 35 and
1003 2366 103 43 Betty
1121 2365 133 44 Dickey
1269 2376 70 25 was

123 2412 189 44 appointed
333 2418 35 30 to
389 2419 175 38 represent
586 2414 73 35 him
679 2425 44 24 on
744 2415 134 43 appeal.
900 2414 104 36 After
1025 2415 134 44 Dickey
1179 2413 81 37 filed
1280 2416 60 35 the
