1648 2688
306 420 206 43 acquisition
526 431 37 23 or
578 421 249 43 improvement
840 421 40 34 of
890 422 86 42 light
990 422 114 43 plants
1118 432 37 24 or
1169 428 106 28 water
1288 423 120 34 works.
1424 423 94 34 Thus

306 470 59 34 the
381 470 146 34 framers
542 470 59 34 did
617 470 118 35 intend
752 470 53 35 for
820 471 59 34 the
894 471 122 43 people
1031 476 35 29 to
1082 471 42 34 be
1140 471 102 35 taxed
1258 477 35 29 to
1309 483 67 32 pay
1392 472 53 34 for
1460 472 58 35 the

305 531 81 32 very
406 525 81 38 type
506 520 39 34 of
563 520 249 44 improvement
832 521 77 34 that
929 521 216 34 Pocahontas
1165 521 267 44 contemplated.

307 282 68 33 290

396 596 74 34 The
488 597 190 34 successive
696 607 95 24 cases
810 597 45 43 by
872 597 112 34 which
1002 597 59 35 the
1079 598 127 34 breach
1224 598 35 34 in
1277 598 59 34 the
1353 599 164 34 constitu­

306 646 107 34 tional
429 646 208 43 prohibition
653 647 61 33 has
730 647 86 33 been
832 646 182 44 gradually
1028 647 156 34 widened
1199 659 89 23 were
1302 648 166 34 reviewed
1484 648 34 34 in

305 695 98 34 three
419 695 39 34 of
471 696 59 33 the
546 696 156 43 opinions
720 696 34 34 in
770 697 124 33 Purvis
910 698 38 32 II
961 696 69 34 and
1048 696 86 34 need
1151 702 59 29 not
1227 697 43 34 be
1286 697 230 35 reexamined.

305 747 124 33 Purvis
438 756 30 24 v.
483 746 79 42 City
572 745 45 44 of
620 745 106 35 Little
735 746 111 40 Rock,
859 747 68 33 282
937 746 85 34 Ark.
1039 747 154 40 102,
1205 747 311 41 667 S.W.2d 936, 669

306 795 143 35 S.W.2d
477 796 68 34 900
574 795 136 44 (1984).
739 796 91 35 That
857 807 80 24 case
964 797 111 43 might
1101 797 87 35 have
1215 797 86 35 been
1329 798 82 34 “the
1437 803 81 30 next

305 846 244 43 opportunity”
568 846 212 44 anticipated
797 847 35 34 in
848 849 125 32 Purvis
989 849 27 39 I,
1034 847 62 35 but
1113 847 59 35 the
1188 853 98 37 great
1303 847 162 45 diversity
1482 848 39 35 of

306 895 188 35 individual
512 896 102 34 views
634 896 34 34 in
686 898 125 33 Purvis
828 898 46 39 II,
894 897 190 43 producing
1103 897 51 34 six
1172 903 160 38 separate
1350 898 166 44 opinions,

305 945 150 34 resulted
476 946 34 33 in
531 946 97 34 there
648 946 102 42 being
771 957 43 23 no
835 946 162 43 majority
1017 947 149 43 opinion.

488 1022 75 33 The
575 1022 121 33 banks’
709 1022 150 34 reliance
871 1033 44 23 on
927 1024 124 32 Purvis
1063 1024 20 32 I
1092 1027 78 39 puts
1184 1023 59 33 the
1255 1023 90 34 issue
1358 1024 160 42 squarely

305 1070 119 34 before
437 1081 39 23 us
490 1070 113 43 again.
620 1071 64 33 We
698 1071 130 34 believe
840 1071 77 34 that
930 1072 59 33 the
1002 1072 79 43 only
1094 1082 123 33 proper
1231 1072 69 34 and
1314 1078 203 37 permanent

304 1130 121 23 course
439 1120 27 33 is
481 1119 53 34 for
548 1130 39 23 us
602 1120 124 43 simply
740 1125 34 29 to
788 1120 76 43 give
878 1121 103 34 effect
995 1126 35 29 to
1044 1121 59 34 the
1116 1121 94 43 plain
1223 1122 173 42 language
1408 1122 40 34 of
1458 1122 59 34 the

305 1168 246 35 Constitution.
575 1170 31 33 It
628 1174 106 30 states
756 1170 76 34 that
854 1181 44 23 no
919 1170 70 43 city
1010 1181 38 23 or
1069 1175 127 39 county
1217 1171 88 34 shall
1328 1182 77 23 ever
1427 1171 90 34 issue

305 1218 301 43 interest-bearing
617 1219 178 34 evidences
805 1219 40 34 of
852 1219 242 35 indebtedness
1105 1220 145 34 without
1259 1220 60 34 the
1329 1226 142 29 consent
1481 1221 39 34 of

304 1268 59 34 the
384 1268 154 34 electors.
561 1269 92 34 That
675 1269 165 34 mandate
860 1269 28 34 is
910 1269 153 43 binding.
1088 1270 31 34 It
1140 1270 165 40 includes,
1327 1270 40 34 of
1385 1281 131 30 course,

304 1322 219 39 transparent
536 1318 154 35 evasions
703 1319 45 43 by
760 1319 112 34 which
884 1330 21 23 a
917 1319 104 34 token
1033 1319 220 35 commission
1265 1330 39 24 or
1315 1320 99 34 other
1426 1320 91 43 body

304 1367 27 34 is
346 1368 139 34 created
500 1373 35 29 to
549 1368 75 43 sign
638 1368 59 34 the
711 1368 109 35 bonds
834 1369 102 34 while
949 1368 217 44 disclaiming
1181 1380 68 33 any
1263 1370 254 43 responsibility

303 1428 44 23 on
357 1418 59 33 the
425 1423 77 38 part
511 1417 39 35 of
557 1418 42 34 its
609 1423 145 29 creator.
764 1419 113 33 There
885 1418 127 44 having
1021 1418 86 35 been
1117 1430 44 23 no
1170 1419 146 35 election
1325 1419 35 35 in
1369 1419 59 35 the
1437 1430 79 24 case

304 1472 36 29 at
353 1467 73 41 bar,
441 1468 59 33 the
513 1467 109 35 bonds
636 1479 59 23 are
708 1468 127 34 invalid
849 1468 54 34 for
916 1469 77 34 that
1007 1480 121 23 reason
1142 1469 82 34 also.
1241 1469 82 43 (We
1336 1470 180 43 recognize

303 1517 77 34 that
395 1517 30 34 if
437 1528 67 32 any
520 1517 108 34 bonds
644 1518 87 34 have
746 1518 86 34 been
848 1518 114 34 issued
978 1518 34 34 in
1028 1519 149 34 reliance
1192 1530 44 23 on
1251 1519 100 35 Point
1370 1521 13 33 1
1402 1519 39 35 of
1453 1531 63 23 our

303 1567 253 43 supplemental
579 1567 139 43 opinion
741 1578 44 24 on
808 1568 182 43 rehearing
1013 1568 34 34 in
1070 1570 125 33 Purvis
1216 1570 45 39 II,
1285 1569 98 34 those
1405 1569 109 35 bonds

303 1616 113 34 would
437 1621 59 29 not
516 1616 43 35 be
579 1617 149 34 affected
749 1617 45 44 by
814 1617 133 44 today’s
968 1617 179 44 decision.)

533 1693 74 34 The
625 1693 82 44 City
724 1694 72 34 also
814 1694 141 43 appeals
973 1694 92 34 from
1082 1694 60 35 the
1158 1695 79 34 trial
1255 1695 126 34 court’s
1399 1696 114 34 allow­

303 1753 86 23 ance
400 1742 39 35 of
448 1754 20 23 a
481 1743 150 40 $30,000
644 1743 55 34 fee
710 1749 35 29 to
757 1743 59 35 the
828 1744 183 43 appellee’s
1024 1749 168 39 attorney,
1205 1750 35 29 to
1253 1745 42 34 be
1306 1745 80 43 paid
1399 1745 44 44 by
1454 1745 60 35 the

303 1792 91 43 City.
408 1793 31 33 It
450 1793 61 34 has
522 1793 223 44 consistently
756 1793 86 34 been
853 1794 59 34 the
922 1794 74 34 rule
1007 1794 34 34 in
1052 1794 177 34 Arkansas
1240 1795 76 34 that
1326 1795 187 43 attorney’s

302 1841 72 35 fees
392 1853 59 23 are
468 1847 59 29 not
544 1842 208 43 chargeable
769 1854 38 23 as
824 1849 91 28 costs
933 1843 34 34 in
985 1843 172 43 litigation
1174 1844 113 34 unless
1304 1844 210 44 specifically

302 1891 185 43 permitted
501 1892 44 43 by
559 1897 140 29 statute.
714 1892 74 34 The
801 1893 199 42 legislature
1013 1893 202 34 authorized
1229 1894 58 34 the
1300 1899 164 38 payment
1478 1894 39 34 of

302 1941 84 33 such
403 1940 72 35 fees
492 1941 34 34 in
543 1952 96 23 cases
656 1941 34 34 in
707 1942 112 34 which
835 1942 60 34 the
910 1947 99 29 court
1025 1942 117 35 orders
1159 1954 20 23 a
1196 1948 126 38 county
1338 1954 38 23 or
1392 1943 70 44 city
1478 1948 36 30 to

302 1990 125 34 refund
437 2001 125 33 money
573 1996 35 29 to
618 1991 60 34 the
688 1996 194 39 taxpayers.
894 1992 85 34 Ark.
992 1992 89 34 Stat.
1093 1993 91 33 Ann.
1199 1993 17 42 §
1225 1993 154 34 .84-4601
1396 1992 116 45 (Repl.

306 2039 117 43 1980).
450 2041 104 40 Here,
579 2040 167 41 however,
771 2052 45 23 no
840 2041 85 34 such
949 2041 125 35 refund
1098 2053 70 23 was
1193 2042 154 34 ordered.
1373 2043 39 33 In
1437 2042 77 35 that

301 2089 165 34 situation
478 2090 59 34 the
549 2095 130 29 statute
690 2090 81 35 does
783 2096 60 29 not
855 2091 114 43 apply.
982 2092 157 33 Munson
1148 2102 31 23 v.
1191 2091 142 41 Abbott,
1347 2092 67 34 269
1427 2092 85 34 Ark.

301 2140 80 40 441,
403 2140 68 33 602
491 2139 143 35 S.W.2d
656 2140 67 34 649
746 2140 137 43 (1980).

486 2217 31 34 It
535 2216 27 34 is
581 2217 72 34 also
671 2217 130 43 argued
819 2217 88 41 that,
925 2228 45 24 on
987 2218 60 34 the
1064 2218 176 44 authority
1257 2218 39 34 of
1312 2218 202 35 Crittenden

303 2266 137 43 County
451 2277 30 24 v.
498 2266 186 44 Williford,
697 2268 66 33 283
775 2267 85 35 Ark.
874 2268 158 40 289, 675
1045 2268 143 34 S.W.2d
1200 2269 158 40 631, 679
1370 2268 144 35 S.W.2d

302 2317 65 33 795
385 2315 137 44 (1984),
537 2316 68 34 and
618 2316 112 35 Black
741 2328 30 23 v.
789 2317 211 44 Thompson,
1015 2319 67 33 237
1096 2318 85 34 Ark.
1197 2319 78 40 304,
1290 2319 67 33 372
1370 2318 144 35 S.W.2d

302 2367 65 33 593
394 2365 138 43 (1963),
555 2366 59 34 the
635 2366 56 35 fee
712 2367 122 34 should
857 2367 43 34 be
922 2367 144 34 allowed
1088 2378 44 24 on
1154 2379 20 23 a
1196 2368 121 43 theory
1339 2368 39 34 of
1396 2368 118 43 unjust

301 2415 226 41 enrichment,
543 2416 34 34 in
592 2416 77 34 that
684 2416 59 34 the
758 2417 82 43 City
854 2416 113 35 would
982 2417 88 34 have
1084 2417 186 35 continued
1284 2423 36 29 to
1334 2423 107 29 waste
1455 2418 60 34 the
