<?xml version='1.0' encoding='utf-8'?>
<alto xmlns="http://www.loc.gov/standards/alto/ns-v3#">
  <!--Created by Innodata R.E.D. RLI tool: 2017-04-25 06:27:34.471030-->
  <Description>
    <MeasurementUnit>pixel</MeasurementUnit>
    <sourceImageInformation>
      <fileName>32044078577194_00259_1.tif</fileName>
    </sourceImageInformation>
    <OCRProcessing ID="OP_1">
      <ocrProcessingStep>
        <processingStepDescription>Alto coordinates refer to the deskewed TIFF file. 
		To convert point (x, y) to original image (TIFF or JP2) apply transformation matrix T=(m00, m01, m10, m11, b0, b1) using the rule:
			T * (x,y) = (m00 * x + m01 * y + b0), (m10 * x + m11 * y + b1)</processingStepDescription>
        <processingStepSettings>RED.transform=(1.0, -0.0, 0.0, 1.0, 0.0, -0.0)</processingStepSettings>
      </ocrProcessingStep>
    </OCRProcessing>
  </Description>
  <Styles>
    <TextStyle FONTFAMILY="Times New Roman" FONTSIZE="10.50" FONTSTYLE="bold" FONTTYPE="serif" FONTWIDTH="proportional" ID="Style_4"/>
    <TextStyle FONTFAMILY="Times New Roman" FONTSIZE="10.50" FONTSTYLE="bold smallcaps" FONTTYPE="serif" FONTWIDTH="proportional" ID="Style_5"/>
    <TextStyle FONTFAMILY="Times New Roman" FONTSIZE="11.00" FONTSTYLE="bold italics" FONTTYPE="serif" FONTWIDTH="proportional" ID="Style_6"/>
  </Styles>
  <Tags>
    <StructureTag ID="b518-1" LABEL="pagelabel"/>
    <StructureTag ID="b518-11" LABEL="attorneys"/>
    <StructureTag ID="b518-12" LABEL="attorneys"/>
    <StructureTag ID="b518-13" LABEL="author"/>
    <StructureTag ID="AgW" LABEL="p"/>
    <StructureTag ID="b518-14" LABEL="p"/>
  </Tags>
  <Layout>
    <Page HEIGHT="2688" ID="PG_518" PHYSICAL_IMG_NR="518" WIDTH="1648">
      <PrintSpace HEIGHT="2688" HPOS="0" ID="PS_518" VPOS="0" WIDTH="1648">
        <TextBlock HEIGHT="34.0" HPOS="305.0" ID="BL_518.2" TAGREFS="b518-1" VPOS="273.0" WIDTH="69.0">
          <TextLine HEIGHT="34" HPOS="305" ID="TL_518.2.1" VPOS="273" WIDTH="69">
            <String CONTENT="484" HEIGHT="34" HPOS="305" ID="ST_518.2.1.1" STYLEREFS="Style_4" VPOS="273" WIDTH="69" WC="1.00" CC="000" TAGREFS=""/>
          </TextLine>
        </TextBlock>
        <TextBlock HEIGHT="44.0" HPOS="400.0" ID="BL_518.9" TAGREFS="b518-11" VPOS="1666.0" WIDTH="624.0">
          <TextLine HEIGHT="44" HPOS="400" ID="TL_518.9.1" VPOS="1666" WIDTH="624">
            <String CONTENT="O." HEIGHT="34" HPOS="400" ID="ST_518.9.1.1" STYLEREFS="Style_6" VPOS="1668" WIDTH="38" WC="0.94" CC="90" TAGREFS=""/>
            <SP HPOS="438" ID="SP_518.9.1.2" VPOS="1669" WIDTH="22"/>
            <String CONTENT="Jerome" HEIGHT="33" HPOS="460" ID="ST_518.9.1.3" STYLEREFS="Style_6" VPOS="1669" WIDTH="141" WC="0.99" CC="000000" TAGREFS=""/>
            <SP HPOS="601" ID="SP_518.9.1.4" VPOS="1667" WIDTH="21"/>
            <String CONTENT="Green," HEIGHT="40" HPOS="622" ID="ST_518.9.1.5" STYLEREFS="Style_6" VPOS="1667" WIDTH="122" WC="0.98" CC="000000" TAGREFS=""/>
            <SP HPOS="744" ID="SP_518.9.1.6" VPOS="1666" WIDTH="21"/>
            <String CONTENT="for" HEIGHT="34" HPOS="765" ID="ST_518.9.1.7" STYLEREFS="Style_4" VPOS="1666" WIDTH="53" WC="1.00" CC="000" TAGREFS=""/>
            <SP HPOS="818" ID="SP_518.9.1.8" VPOS="1666" WIDTH="20"/>
            <String CONTENT="appellant." HEIGHT="44" HPOS="838" ID="ST_518.9.1.9" STYLEREFS="Style_4" VPOS="1666" WIDTH="186" WC="1.00" CC="0000000000" TAGREFS=""/>
          </TextLine>
        </TextBlock>
        <TextBlock HEIGHT="97.0" HPOS="308.0" ID="BL_518.10" TAGREFS="b518-12" VPOS="1745.0" WIDTH="1211.0">
          <TextLine HEIGHT="46" HPOS="398" ID="TL_518.10.1" VPOS="1745" WIDTH="1121">
            <String CONTENT="Steve" HEIGHT="34" HPOS="398" ID="ST_518.10.1.1" STYLEREFS="Style_6" VPOS="1749" WIDTH="104" WC="0.95" CC="00000" TAGREFS=""/>
            <SP HPOS="502" ID="SP_518.10.1.2" VPOS="1748" WIDTH="14"/>
            <String CONTENT="Clark," HEIGHT="41" HPOS="516" ID="ST_518.10.1.3" STYLEREFS="Style_6" VPOS="1748" WIDTH="120" WC="1.00" CC="000000" TAGREFS=""/>
            <SP HPOS="636" ID="SP_518.10.1.4" VPOS="1748" WIDTH="13"/>
            <String CONTENT="Att’y" HEIGHT="43" HPOS="649" ID="ST_518.10.1.5" STYLEREFS="Style_4" VPOS="1748" WIDTH="99" WC="0.79" CC="00090" TAGREFS=""/>
            <SP HPOS="748" ID="SP_518.10.1.6" VPOS="1747" WIDTH="12"/>
            <String CONTENT="Gen.," HEIGHT="41" HPOS="760" ID="ST_518.10.1.7" STYLEREFS="Style_4" VPOS="1747" WIDTH="100" WC="0.78" CC="00099" TAGREFS=""/>
            <SP HPOS="860" ID="SP_518.10.1.8" VPOS="1747" WIDTH="13"/>
            <String CONTENT="by:" HEIGHT="43" HPOS="873" ID="ST_518.10.1.9" STYLEREFS="Style_4" VPOS="1747" WIDTH="56" WC="0.86" CC="000" TAGREFS=""/>
            <SP HPOS="929" ID="SP_518.10.1.10" VPOS="1746" WIDTH="16"/>
            <String CONTENT="Clint" HEIGHT="35" HPOS="945" ID="ST_518.10.1.11" STYLEREFS="Style_6" VPOS="1746" WIDTH="95" WC="1.00" CC="00000" TAGREFS=""/>
            <SP HPOS="1040" ID="SP_518.10.1.12" VPOS="1746" WIDTH="12"/>
            <String CONTENT="Miller," HEIGHT="41" HPOS="1052" ID="ST_518.10.1.13" STYLEREFS="Style_6" VPOS="1746" WIDTH="134" WC="0.99" CC="0000000" TAGREFS=""/>
            <SP HPOS="1186" ID="SP_518.10.1.14" VPOS="1747" WIDTH="13"/>
            <String CONTENT="Asst." HEIGHT="33" HPOS="1199" ID="ST_518.10.1.15" STYLEREFS="Style_4" VPOS="1747" WIDTH="94" WC="0.99" CC="00000" TAGREFS=""/>
            <SP HPOS="1293" ID="SP_518.10.1.16" VPOS="1746" WIDTH="14"/>
            <String CONTENT="Att’y" HEIGHT="43" HPOS="1307" ID="ST_518.10.1.17" STYLEREFS="Style_4" VPOS="1746" WIDTH="99" WC="0.80" CC="00090" TAGREFS=""/>
            <SP HPOS="1406" ID="SP_518.10.1.18" VPOS="1745" WIDTH="13"/>
            <String CONTENT="Gen.," HEIGHT="41" HPOS="1419" ID="ST_518.10.1.19" STYLEREFS="Style_4" VPOS="1745" WIDTH="100" WC="0.70" CC="00099" TAGREFS=""/>
          </TextLine>
          <TextLine HEIGHT="44" HPOS="308" ID="TL_518.10.2" VPOS="1798" WIDTH="238">
            <String CONTENT="for" HEIGHT="35" HPOS="308" ID="ST_518.10.2.1" STYLEREFS="Style_4" VPOS="1798" WIDTH="54" WC="1.00" CC="000" TAGREFS=""/>
            <SP HPOS="362" ID="SP_518.10.2.2" VPOS="1798" WIDTH="20"/>
            <String CONTENT="appellee." HEIGHT="44" HPOS="382" ID="ST_518.10.2.3" STYLEREFS="Style_4" VPOS="1798" WIDTH="164" WC="1.00" CC="000000000" TAGREFS=""/>
          </TextLine>
        </TextBlock>
        <TextBlock HEIGHT="41.0" HPOS="399.0" ID="BL_518.11" TAGREFS="b518-13" VPOS="1878.0" WIDTH="569.0">
          <TextLine HEIGHT="41" HPOS="399" ID="TL_518.11.1" VPOS="1878" WIDTH="569">
            <String CONTENT="Robert" HEIGHT="33" HPOS="399" ID="ST_518.11.1.1" STYLEREFS="Style_5" VPOS="1880" WIDTH="154" WC="0.89" CC="000000" TAGREFS=""/>
            <SP HPOS="553" ID="SP_518.11.1.2" VPOS="1880" WIDTH="19"/>
            <String CONTENT="H." HEIGHT="33" HPOS="572" ID="ST_518.11.1.3" STYLEREFS="Style_4" VPOS="1880" WIDTH="45" WC="0.78" CC="00" TAGREFS=""/>
            <SP HPOS="617" ID="SP_518.11.1.4" VPOS="1879" WIDTH="21"/>
            <String CONTENT="Dudley," HEIGHT="40" HPOS="638" ID="ST_518.11.1.5" STYLEREFS="Style_5" VPOS="1879" WIDTH="169" WC="0.82" CC="0000000" TAGREFS=""/>
            <SP HPOS="807" ID="SP_518.11.1.6" VPOS="1878" WIDTH="20"/>
            <String CONTENT="Justice." HEIGHT="34" HPOS="827" ID="ST_518.11.1.7" STYLEREFS="Style_4" VPOS="1878" WIDTH="141" WC="0.98" CC="00000000" TAGREFS=""/>
          </TextLine>
        </TextBlock>
        <TextBlock HEIGHT="45.0" HPOS="987.0" ID="BL_518.12" TAGREFS="AgW" VPOS="1876.0" WIDTH="532.0">
          <TextLine HEIGHT="45" HPOS="987" ID="TL_518.12.1" VPOS="1876" WIDTH="532">
            <String CONTENT="The" HEIGHT="35" HPOS="987" ID="ST_518.12.1.1" STYLEREFS="Style_4" VPOS="1877" WIDTH="76" WC="1.00" CC="000" TAGREFS=""/>
            <SP HPOS="1063" ID="SP_518.12.1.2" VPOS="1877" WIDTH="18"/>
            <String CONTENT="appellee" HEIGHT="44" HPOS="1081" ID="ST_518.12.1.3" STYLEREFS="Style_4" VPOS="1877" WIDTH="156" WC="0.97" CC="00000000" TAGREFS=""/>
            <SP HPOS="1237" ID="SP_518.12.1.4" VPOS="1877" WIDTH="18"/>
            <String CONTENT="in" HEIGHT="34" HPOS="1255" ID="ST_518.12.1.5" STYLEREFS="Style_4" VPOS="1877" WIDTH="35" WC="0.79" CC="00" TAGREFS=""/>
            <SP HPOS="1290" ID="SP_518.12.1.6" VPOS="1877" WIDTH="18"/>
            <String CONTENT="this" HEIGHT="34" HPOS="1308" ID="ST_518.12.1.7" STYLEREFS="Style_4" VPOS="1877" WIDTH="68" WC="0.77" CC="0000" TAGREFS=""/>
            <SP HPOS="1376" ID="SP_518.12.1.8" VPOS="1887" WIDTH="18"/>
            <String CONTENT="case" HEIGHT="24" HPOS="1394" ID="ST_518.12.1.9" STYLEREFS="Style_4" VPOS="1887" WIDTH="79" WC="1.00" CC="0000" TAGREFS=""/>
            <SP HPOS="1473" ID="SP_518.12.1.10" VPOS="1876" WIDTH="18"/>
            <String CONTENT="is" HEIGHT="34" HPOS="1491" ID="ST_518.12.1.11" STYLEREFS="Style_4" VPOS="1876" WIDTH="28" WC="1.00" CC="00" TAGREFS=""/>
          </TextLine>
        </TextBlock>
        <TextBlock HEIGHT="392.0" HPOS="307.0" ID="BL_518.13" TAGREFS="AgW" VPOS="1926.0" WIDTH="1213.0">
          <TextLine HEIGHT="44" HPOS="307" ID="TL_518.13.1" VPOS="1926" WIDTH="1211">
            <String CONTENT="A.L." HEIGHT="34" HPOS="307" ID="ST_518.13.1.1" STYLEREFS="Style_4" VPOS="1929" WIDTH="86" WC="1.00" CC="0000" TAGREFS=""/>
            <SP HPOS="393" ID="SP_518.13.1.2" VPOS="1928" WIDTH="14"/>
            <String CONTENT="Lockhart," HEIGHT="41" HPOS="407" ID="ST_518.13.1.3" STYLEREFS="Style_4" VPOS="1928" WIDTH="185" WC="0.97" CC="000000000" TAGREFS=""/>
            <SP HPOS="592" ID="SP_518.13.1.4" VPOS="1928" WIDTH="13"/>
            <String CONTENT="Director" HEIGHT="34" HPOS="605" ID="ST_518.13.1.5" STYLEREFS="Style_4" VPOS="1928" WIDTH="159" WC="0.92" CC="00000000" TAGREFS=""/>
            <SP HPOS="764" ID="SP_518.13.1.6" VPOS="1927" WIDTH="11"/>
            <String CONTENT="of" HEIGHT="35" HPOS="775" ID="ST_518.13.1.7" STYLEREFS="Style_4" VPOS="1927" WIDTH="39" WC="1.00" CC="00" TAGREFS=""/>
            <SP HPOS="814" ID="SP_518.13.1.8" VPOS="1927" WIDTH="9"/>
            <String CONTENT="the" HEIGHT="35" HPOS="823" ID="ST_518.13.1.9" STYLEREFS="Style_4" VPOS="1927" WIDTH="59" WC="0.84" CC="000" TAGREFS=""/>
            <SP HPOS="882" ID="SP_518.13.1.10" VPOS="1927" WIDTH="11"/>
            <String CONTENT="Arkansas" HEIGHT="34" HPOS="893" ID="ST_518.13.1.11" STYLEREFS="Style_4" VPOS="1927" WIDTH="180" WC="0.90" CC="00000000" TAGREFS=""/>
            <SP HPOS="1073" ID="SP_518.13.1.12" VPOS="1927" WIDTH="12"/>
            <String CONTENT="Department" HEIGHT="43" HPOS="1085" ID="ST_518.13.1.13" STYLEREFS="Style_4" VPOS="1927" WIDTH="231" WC="0.90" CC="0000000000" TAGREFS=""/>
            <SP HPOS="1316" ID="SP_518.13.1.14" VPOS="1926" WIDTH="11"/>
            <String CONTENT="of" HEIGHT="34" HPOS="1327" ID="ST_518.13.1.15" STYLEREFS="Style_4" VPOS="1926" WIDTH="39" WC="1.00" CC="00" TAGREFS=""/>
            <SP HPOS="1366" ID="SP_518.13.1.16" VPOS="1926" WIDTH="10"/>
            <String CONTENT="Correc-" HEIGHT="34" HPOS="1376" ID="ST_518.13.1.17" STYLEREFS="Style_4" VPOS="1926" WIDTH="142" WC="0.99" CC="0000000" TAGREFS=""/>
          </TextLine>
          <TextLine HEIGHT="45" HPOS="307" ID="TL_518.13.2" VPOS="1976" WIDTH="1213">
            <String CONTENT="tion." HEIGHT="34" HPOS="307" ID="ST_518.13.2.1" STYLEREFS="Style_4" VPOS="1978" WIDTH="83" WC="0.94" CC="00000" TAGREFS=""/>
            <SP HPOS="390" ID="SP_518.13.2.2" VPOS="1978" WIDTH="25"/>
            <String CONTENT="Appellant," HEIGHT="43" HPOS="415" ID="ST_518.13.2.3" STYLEREFS="Style_4" VPOS="1978" WIDTH="199" WC="0.95" CC="0000000000" TAGREFS=""/>
            <SP HPOS="614" ID="SP_518.13.2.4" VPOS="1977" WIDTH="24"/>
            <String CONTENT="Johnny" HEIGHT="43" HPOS="638" ID="ST_518.13.2.5" STYLEREFS="Style_4" VPOS="1977" WIDTH="137" WC="0.78" CC="000000" TAGREFS=""/>
            <SP HPOS="775" ID="SP_518.13.2.6" VPOS="1977" WIDTH="24"/>
            <String CONTENT="Charles" HEIGHT="34" HPOS="799" ID="ST_518.13.2.7" STYLEREFS="Style_4" VPOS="1977" WIDTH="146" WC="0.95" CC="0000000" TAGREFS=""/>
            <SP HPOS="945" ID="SP_518.13.2.8" VPOS="1977" WIDTH="25"/>
            <String CONTENT="Brown," HEIGHT="40" HPOS="970" ID="ST_518.13.2.9" STYLEREFS="Style_4" VPOS="1977" WIDTH="134" WC="0.91" CC="000000" TAGREFS=""/>
            <SP HPOS="1104" ID="SP_518.13.2.10" VPOS="1976" WIDTH="25"/>
            <String CONTENT="is" HEIGHT="34" HPOS="1129" ID="ST_518.13.2.11" STYLEREFS="Style_4" VPOS="1976" WIDTH="28" WC="1.00" CC="00" TAGREFS=""/>
            <SP HPOS="1157" ID="SP_518.13.2.12" VPOS="1987" WIDTH="24"/>
            <String CONTENT="an" HEIGHT="23" HPOS="1181" ID="ST_518.13.2.13" STYLEREFS="Style_4" VPOS="1987" WIDTH="44" WC="0.81" CC="00" TAGREFS=""/>
            <SP HPOS="1225" ID="SP_518.13.2.14" VPOS="1976" WIDTH="24"/>
            <String CONTENT="inmate" HEIGHT="34" HPOS="1249" ID="ST_518.13.2.15" STYLEREFS="Style_4" VPOS="1976" WIDTH="132" WC="0.84" CC="000000" TAGREFS=""/>
            <SP HPOS="1381" ID="SP_518.13.2.16" VPOS="1976" WIDTH="22"/>
            <String CONTENT="in" HEIGHT="33" HPOS="1403" ID="ST_518.13.2.17" STYLEREFS="Style_4" VPOS="1976" WIDTH="34" WC="0.95" CC="00" TAGREFS=""/>
            <SP HPOS="1437" ID="SP_518.13.2.18" VPOS="1976" WIDTH="23"/>
            <String CONTENT="the" HEIGHT="33" HPOS="1460" ID="ST_518.13.2.19" STYLEREFS="Style_4" VPOS="1976" WIDTH="60" WC="0.94" CC="000" TAGREFS=""/>
          </TextLine>
          <TextLine HEIGHT="46" HPOS="308" ID="TL_518.13.3" VPOS="2025" WIDTH="1210">
            <String CONTENT="Department" HEIGHT="43" HPOS="308" ID="ST_518.13.3.1" STYLEREFS="Style_4" VPOS="2028" WIDTH="230" WC="0.95" CC="0000000000" TAGREFS=""/>
            <SP HPOS="538" ID="SP_518.13.3.2" VPOS="2027" WIDTH="11"/>
            <String CONTENT="of" HEIGHT="34" HPOS="549" ID="ST_518.13.3.3" STYLEREFS="Style_4" VPOS="2027" WIDTH="39" WC="1.00" CC="00" TAGREFS=""/>
            <SP HPOS="588" ID="SP_518.13.3.4" VPOS="2027" WIDTH="9"/>
            <String CONTENT="Correction." HEIGHT="34" HPOS="597" ID="ST_518.13.3.5" STYLEREFS="Style_4" VPOS="2027" WIDTH="213" WC="0.85" CC="00000000000" TAGREFS=""/>
            <SP HPOS="810" ID="SP_518.13.3.6" VPOS="2026" WIDTH="13"/>
            <String CONTENT="Appellant" HEIGHT="44" HPOS="823" ID="ST_518.13.3.7" STYLEREFS="Style_4" VPOS="2026" WIDTH="189" WC="0.94" CC="000000000" TAGREFS=""/>
            <SP HPOS="1012" ID="SP_518.13.3.8" VPOS="2026" WIDTH="11"/>
            <String CONTENT="sought" HEIGHT="42" HPOS="1023" ID="ST_518.13.3.9" STYLEREFS="Style_4" VPOS="2026" WIDTH="126" WC="0.93" CC="000000" TAGREFS=""/>
            <SP HPOS="1149" ID="SP_518.13.3.10" VPOS="2036" WIDTH="12"/>
            <String CONTENT="a" HEIGHT="24" HPOS="1161" ID="ST_518.13.3.11" STYLEREFS="Style_4" VPOS="2036" WIDTH="20" WC="1.00" CC="0" TAGREFS=""/>
            <SP HPOS="1181" ID="SP_518.13.3.12" VPOS="2025" WIDTH="12"/>
            <String CONTENT="declaratory" HEIGHT="43" HPOS="1193" ID="ST_518.13.3.13" STYLEREFS="Style_4" VPOS="2025" WIDTH="216" WC="0.92" CC="00000000000" TAGREFS=""/>
            <SP HPOS="1409" ID="SP_518.13.3.14" VPOS="2025" WIDTH="8"/>
            <String CONTENT="judg-" HEIGHT="43" HPOS="1417" ID="ST_518.13.3.15" STYLEREFS="Style_4" VPOS="2025" WIDTH="101" WC="0.89" CC="00000" TAGREFS=""/>
          </TextLine>
          <TextLine HEIGHT="46" HPOS="307" ID="TL_518.13.4" VPOS="2074" WIDTH="1211">
            <String CONTENT="ment" HEIGHT="29" HPOS="307" ID="ST_518.13.4.1" STYLEREFS="Style_4" VPOS="2082" WIDTH="96" WC="0.85" CC="0000" TAGREFS=""/>
            <SP HPOS="403" ID="SP_518.13.4.2" VPOS="2077" WIDTH="9"/>
            <String CONTENT="stating" HEIGHT="42" HPOS="412" ID="ST_518.13.4.3" STYLEREFS="Style_4" VPOS="2077" WIDTH="128" WC="0.91" CC="0000000" TAGREFS=""/>
            <SP HPOS="540" ID="SP_518.13.4.4" VPOS="2077" WIDTH="9"/>
            <String CONTENT="that" HEIGHT="34" HPOS="549" ID="ST_518.13.4.5" STYLEREFS="Style_4" VPOS="2077" WIDTH="76" WC="0.92" CC="0000" TAGREFS=""/>
            <SP HPOS="625" ID="SP_518.13.4.6" VPOS="2076" WIDTH="9"/>
            <String CONTENT="appellee" HEIGHT="44" HPOS="634" ID="ST_518.13.4.7" STYLEREFS="Style_4" VPOS="2076" WIDTH="155" WC="0.96" CC="00000000" TAGREFS=""/>
            <SP HPOS="789" ID="SP_518.13.4.8" VPOS="2076" WIDTH="9"/>
            <String CONTENT="had" HEIGHT="34" HPOS="798" ID="ST_518.13.4.9" STYLEREFS="Style_4" VPOS="2076" WIDTH="68" WC="1.00" CC="000" TAGREFS=""/>
            <SP HPOS="866" ID="SP_518.13.4.10" VPOS="2076" WIDTH="10"/>
            <String CONTENT="erroneously" HEIGHT="43" HPOS="876" ID="ST_518.13.4.11" STYLEREFS="Style_4" VPOS="2076" WIDTH="220" WC="0.98" CC="00000000000" TAGREFS=""/>
            <SP HPOS="1096" ID="SP_518.13.4.12" VPOS="2075" WIDTH="9"/>
            <String CONTENT="applied" HEIGHT="44" HPOS="1105" ID="ST_518.13.4.13" STYLEREFS="Style_4" VPOS="2075" WIDTH="137" WC="0.99" CC="0000000" TAGREFS=""/>
            <SP HPOS="1242" ID="SP_518.13.4.14" VPOS="2075" WIDTH="9"/>
            <String CONTENT="Act" HEIGHT="34" HPOS="1251" ID="ST_518.13.4.15" STYLEREFS="Style_4" VPOS="2075" WIDTH="70" WC="1.00" CC="000" TAGREFS=""/>
            <SP HPOS="1321" ID="SP_518.13.4.16" VPOS="2075" WIDTH="9"/>
            <String CONTENT="93" HEIGHT="34" HPOS="1330" ID="ST_518.13.4.17" STYLEREFS="Style_4" VPOS="2075" WIDTH="42" WC="1.00" CC="00" TAGREFS=""/>
            <SP HPOS="1372" ID="SP_518.13.4.18" VPOS="2074" WIDTH="11"/>
            <String CONTENT="of" HEIGHT="35" HPOS="1383" ID="ST_518.13.4.19" STYLEREFS="Style_4" VPOS="2074" WIDTH="38" WC="1.00" CC="00" TAGREFS=""/>
            <SP HPOS="1421" ID="SP_518.13.4.20" VPOS="2075" WIDTH="11"/>
            <String CONTENT="1977" HEIGHT="34" HPOS="1432" ID="ST_518.13.4.21" STYLEREFS="Style_4" VPOS="2075" WIDTH="86" WC="0.92" CC="9900" TAGREFS=""/>
          </TextLine>
          <TextLine HEIGHT="46" HPOS="308" ID="TL_518.13.5" VPOS="2124" WIDTH="1211">
            <String CONTENT="in" HEIGHT="34" HPOS="308" ID="ST_518.13.5.1" STYLEREFS="Style_4" VPOS="2127" WIDTH="35" WC="0.92" CC="00" TAGREFS=""/>
            <SP HPOS="343" ID="SP_518.13.5.2" VPOS="2126" WIDTH="10"/>
            <String CONTENT="determining" HEIGHT="43" HPOS="353" ID="ST_518.13.5.3" STYLEREFS="Style_4" VPOS="2126" WIDTH="230" WC="0.90" CC="00000000000" TAGREFS=""/>
            <SP HPOS="583" ID="SP_518.13.5.4" VPOS="2126" WIDTH="11"/>
            <String CONTENT="his" HEIGHT="35" HPOS="594" ID="ST_518.13.5.5" STYLEREFS="Style_4" VPOS="2126" WIDTH="52" WC="0.93" CC="000" TAGREFS=""/>
            <SP HPOS="646" ID="SP_518.13.5.6" VPOS="2126" WIDTH="12"/>
            <String CONTENT="parole" HEIGHT="44" HPOS="658" ID="ST_518.13.5.7" STYLEREFS="Style_4" VPOS="2126" WIDTH="117" WC="0.99" CC="000000" TAGREFS=""/>
            <SP HPOS="775" ID="SP_518.13.5.8" VPOS="2126" WIDTH="11"/>
            <String CONTENT="eligibility" HEIGHT="43" HPOS="786" ID="ST_518.13.5.9" STYLEREFS="Style_4" VPOS="2126" WIDTH="181" WC="0.98" CC="00000000000" TAGREFS=""/>
            <SP HPOS="967" ID="SP_518.13.5.10" VPOS="2125" WIDTH="10"/>
            <String CONTENT="date." HEIGHT="35" HPOS="977" ID="ST_518.13.5.11" STYLEREFS="Style_4" VPOS="2125" WIDTH="92" WC="1.00" CC="00000" TAGREFS=""/>
            <SP HPOS="1069" ID="SP_518.13.5.12" VPOS="2125" WIDTH="11"/>
            <String CONTENT="Appellant" HEIGHT="44" HPOS="1080" ID="ST_518.13.5.13" STYLEREFS="Style_4" VPOS="2125" WIDTH="190" WC="0.94" CC="000000000" TAGREFS=""/>
            <SP HPOS="1270" ID="SP_518.13.5.14" VPOS="2125" WIDTH="11"/>
            <String CONTENT="also" HEIGHT="34" HPOS="1281" ID="ST_518.13.5.15" STYLEREFS="Style_4" VPOS="2125" WIDTH="72" WC="0.97" CC="0000" TAGREFS=""/>
            <SP HPOS="1353" ID="SP_518.13.5.16" VPOS="2124" WIDTH="11"/>
            <String CONTENT="sought" HEIGHT="43" HPOS="1364" ID="ST_518.13.5.17" STYLEREFS="Style_4" VPOS="2124" WIDTH="124" WC="0.96" CC="000000" TAGREFS=""/>
            <SP HPOS="1488" ID="SP_518.13.5.18" VPOS="2135" WIDTH="10"/>
            <String CONTENT="a" HEIGHT="23" HPOS="1498" ID="ST_518.13.5.19" STYLEREFS="Style_4" VPOS="2135" WIDTH="21" WC="1.00" CC="0" TAGREFS=""/>
          </TextLine>
          <TextLine HEIGHT="46" HPOS="308" ID="TL_518.13.6" VPOS="2173" WIDTH="1211">
            <String CONTENT="writ" HEIGHT="35" HPOS="308" ID="ST_518.13.6.1" STYLEREFS="Style_4" VPOS="2176" WIDTH="76" WC="1.00" CC="0000" TAGREFS=""/>
            <SP HPOS="384" ID="SP_518.13.6.2" VPOS="2176" WIDTH="19"/>
            <String CONTENT="of" HEIGHT="35" HPOS="403" ID="ST_518.13.6.3" STYLEREFS="Style_4" VPOS="2176" WIDTH="39" WC="0.93" CC="00" TAGREFS=""/>
            <SP HPOS="442" ID="SP_518.13.6.4" VPOS="2176" WIDTH="17"/>
            <String CONTENT="mandamus" HEIGHT="34" HPOS="459" ID="ST_518.13.6.5" STYLEREFS="Style_4" VPOS="2176" WIDTH="207" WC="0.94" CC="00000000" TAGREFS=""/>
            <SP HPOS="666" ID="SP_518.13.6.6" VPOS="2175" WIDTH="20"/>
            <String CONTENT="ordering" HEIGHT="44" HPOS="686" ID="ST_518.13.6.7" STYLEREFS="Style_4" VPOS="2175" WIDTH="159" WC="0.98" CC="00000000" TAGREFS=""/>
            <SP HPOS="845" ID="SP_518.13.6.8" VPOS="2175" WIDTH="21"/>
            <String CONTENT="appellee" HEIGHT="44" HPOS="866" ID="ST_518.13.6.9" STYLEREFS="Style_4" VPOS="2175" WIDTH="156" WC="1.00" CC="00000000" TAGREFS=""/>
            <SP HPOS="1022" ID="SP_518.13.6.10" VPOS="2180" WIDTH="19"/>
            <String CONTENT="to" HEIGHT="29" HPOS="1041" ID="ST_518.13.6.11" STYLEREFS="Style_4" VPOS="2180" WIDTH="35" WC="1.00" CC="00" TAGREFS=""/>
            <SP HPOS="1076" ID="SP_518.13.6.12" VPOS="2175" WIDTH="20"/>
            <String CONTENT="make" HEIGHT="34" HPOS="1096" ID="ST_518.13.6.13" STYLEREFS="Style_4" VPOS="2175" WIDTH="103" WC="1.00" CC="0000" TAGREFS=""/>
            <SP HPOS="1199" ID="SP_518.13.6.14" VPOS="2174" WIDTH="19"/>
            <String CONTENT="him" HEIGHT="35" HPOS="1218" ID="ST_518.13.6.15" STYLEREFS="Style_4" VPOS="2174" WIDTH="73" WC="1.00" CC="000" TAGREFS=""/>
            <SP HPOS="1291" ID="SP_518.13.6.16" VPOS="2174" WIDTH="19"/>
            <String CONTENT="eligible" HEIGHT="43" HPOS="1310" ID="ST_518.13.6.17" STYLEREFS="Style_4" VPOS="2174" WIDTH="137" WC="0.98" CC="00000000" TAGREFS=""/>
            <SP HPOS="1447" ID="SP_518.13.6.18" VPOS="2173" WIDTH="19"/>
            <String CONTENT="for" HEIGHT="35" HPOS="1466" ID="ST_518.13.6.19" STYLEREFS="Style_4" VPOS="2173" WIDTH="53" WC="0.99" CC="000" TAGREFS=""/>
          </TextLine>
          <TextLine HEIGHT="46" HPOS="308" ID="TL_518.13.7" VPOS="2224" WIDTH="1212">
            <String CONTENT="parole" HEIGHT="44" HPOS="308" ID="ST_518.13.7.1" STYLEREFS="Style_4" VPOS="2226" WIDTH="118" WC="0.96" CC="000000" TAGREFS=""/>
            <SP HPOS="426" ID="SP_518.13.7.2" VPOS="2226" WIDTH="9"/>
            <String CONTENT="after" HEIGHT="34" HPOS="435" ID="ST_518.13.7.3" STYLEREFS="Style_4" VPOS="2226" WIDTH="90" WC="1.00" CC="00000" TAGREFS=""/>
            <SP HPOS="525" ID="SP_518.13.7.4" VPOS="2226" WIDTH="9"/>
            <String CONTENT="serving" HEIGHT="43" HPOS="534" ID="ST_518.13.7.5" STYLEREFS="Style_4" VPOS="2226" WIDTH="133" WC="0.89" CC="0000000" TAGREFS=""/>
            <SP HPOS="667" ID="SP_518.13.7.6" VPOS="2225" WIDTH="10"/>
            <String CONTENT="one-third" HEIGHT="35" HPOS="677" ID="ST_518.13.7.7" STYLEREFS="Style_4" VPOS="2225" WIDTH="174" WC="0.97" CC="000990000" TAGREFS=""/>
            <SP HPOS="851" ID="SP_518.13.7.8" VPOS="2224" WIDTH="11"/>
            <String CONTENT="(Í/3)" HEIGHT="43" HPOS="862" ID="ST_518.13.7.9" STYLEREFS="Style_4" VPOS="2224" WIDTH="66" WC="0.57" CC="99999" TAGREFS=""/>
            <SP HPOS="928" ID="SP_518.13.7.10" VPOS="2224" WIDTH="11"/>
            <String CONTENT="of" HEIGHT="35" HPOS="939" ID="ST_518.13.7.11" STYLEREFS="Style_4" VPOS="2224" WIDTH="40" WC="1.00" CC="00" TAGREFS=""/>
            <SP HPOS="979" ID="SP_518.13.7.12" VPOS="2225" WIDTH="6"/>
            <String CONTENT="his" HEIGHT="34" HPOS="985" ID="ST_518.13.7.13" STYLEREFS="Style_4" VPOS="2225" WIDTH="52" WC="0.99" CC="000" TAGREFS=""/>
            <SP HPOS="1037" ID="SP_518.13.7.14" VPOS="2229" WIDTH="9"/>
            <String CONTENT="sentence." HEIGHT="30" HPOS="1046" ID="ST_518.13.7.15" STYLEREFS="Style_4" VPOS="2229" WIDTH="171" WC="0.93" CC="000000000" TAGREFS=""/>
            <SP HPOS="1217" ID="SP_518.13.7.16" VPOS="2224" WIDTH="11"/>
            <String CONTENT="The" HEIGHT="34" HPOS="1228" ID="ST_518.13.7.17" STYLEREFS="Style_4" VPOS="2224" WIDTH="75" WC="1.00" CC="000" TAGREFS=""/>
            <SP HPOS="1303" ID="SP_518.13.7.18" VPOS="2224" WIDTH="8"/>
            <String CONTENT="lower" HEIGHT="34" HPOS="1311" ID="ST_518.13.7.19" STYLEREFS="Style_4" VPOS="2224" WIDTH="102" WC="1.00" CC="00000" TAGREFS=""/>
            <SP HPOS="1413" ID="SP_518.13.7.20" VPOS="2228" WIDTH="9"/>
            <String CONTENT="court" HEIGHT="30" HPOS="1422" ID="ST_518.13.7.21" STYLEREFS="Style_4" VPOS="2228" WIDTH="98" WC="1.00" CC="00000" TAGREFS=""/>
          </TextLine>
          <TextLine HEIGHT="44" HPOS="308" ID="TL_518.13.8" VPOS="2274" WIDTH="968">
            <String CONTENT="denied" HEIGHT="35" HPOS="308" ID="ST_518.13.8.1" STYLEREFS="Style_4" VPOS="2275" WIDTH="124" WC="0.96" CC="000000" TAGREFS=""/>
            <SP HPOS="432" ID="SP_518.13.8.2" VPOS="2276" WIDTH="20"/>
            <String CONTENT="the" HEIGHT="34" HPOS="452" ID="ST_518.13.8.3" STYLEREFS="Style_4" VPOS="2276" WIDTH="59" WC="0.91" CC="000" TAGREFS=""/>
            <SP HPOS="511" ID="SP_518.13.8.4" VPOS="2275" WIDTH="20"/>
            <String CONTENT="relief" HEIGHT="34" HPOS="531" ID="ST_518.13.8.5" STYLEREFS="Style_4" VPOS="2275" WIDTH="101" WC="1.00" CC="000000" TAGREFS=""/>
            <SP HPOS="632" ID="SP_518.13.8.6" VPOS="2275" WIDTH="17"/>
            <String CONTENT="sought" HEIGHT="43" HPOS="649" ID="ST_518.13.8.7" STYLEREFS="Style_4" VPOS="2275" WIDTH="124" WC="0.96" CC="000000" TAGREFS=""/>
            <SP HPOS="773" ID="SP_518.13.8.8" VPOS="2275" WIDTH="21"/>
            <String CONTENT="by" HEIGHT="43" HPOS="794" ID="ST_518.13.8.9" STYLEREFS="Style_4" VPOS="2275" WIDTH="44" WC="0.85" CC="00" TAGREFS=""/>
            <SP HPOS="838" ID="SP_518.13.8.10" VPOS="2275" WIDTH="21"/>
            <String CONTENT="appellant." HEIGHT="43" HPOS="859" ID="ST_518.13.8.11" STYLEREFS="Style_4" VPOS="2275" WIDTH="186" WC="1.00" CC="0000000000" TAGREFS=""/>
            <SP HPOS="1045" ID="SP_518.13.8.12" VPOS="2275" WIDTH="23"/>
            <String CONTENT="We" HEIGHT="33" HPOS="1068" ID="ST_518.13.8.13" STYLEREFS="Style_4" VPOS="2275" WIDTH="65" WC="1.00" CC="00" TAGREFS=""/>
            <SP HPOS="1133" ID="SP_518.13.8.14" VPOS="2274" WIDTH="20"/>
            <String CONTENT="affirm." HEIGHT="34" HPOS="1153" ID="ST_518.13.8.15" STYLEREFS="Style_4" VPOS="2274" WIDTH="123" WC="0.98" CC="0000000" TAGREFS=""/>
          </TextLine>
        </TextBlock>
        <TextBlock HEIGHT="96.0" HPOS="309.0" ID="BL_518.14" TAGREFS="b518-14" VPOS="2354.0" WIDTH="1214.0">
          <TextLine HEIGHT="46" HPOS="399" ID="TL_518.14.1" VPOS="2354" WIDTH="1124">
            <String CONTENT="Appellant" HEIGHT="44" HPOS="399" ID="ST_518.14.1.1" STYLEREFS="Style_4" VPOS="2356" WIDTH="188" WC="0.93" CC="000000000" TAGREFS=""/>
            <SP HPOS="587" ID="SP_518.14.1.2" VPOS="2367" WIDTH="12"/>
            <String CONTENT="was" HEIGHT="23" HPOS="599" ID="ST_518.14.1.3" STYLEREFS="Style_4" VPOS="2367" WIDTH="69" WC="0.98" CC="000" TAGREFS=""/>
            <SP HPOS="668" ID="SP_518.14.1.4" VPOS="2355" WIDTH="13"/>
            <String CONTENT="arrested" HEIGHT="35" HPOS="681" ID="ST_518.14.1.5" STYLEREFS="Style_4" VPOS="2355" WIDTH="153" WC="1.00" CC="00000000" TAGREFS=""/>
            <SP HPOS="834" ID="SP_518.14.1.6" VPOS="2355" WIDTH="12"/>
            <String CONTENT="and" HEIGHT="35" HPOS="846" ID="ST_518.14.1.7" STYLEREFS="Style_4" VPOS="2355" WIDTH="68" WC="0.84" CC="000" TAGREFS=""/>
            <SP HPOS="914" ID="SP_518.14.1.8" VPOS="2355" WIDTH="12"/>
            <String CONTENT="charged" HEIGHT="43" HPOS="926" ID="ST_518.14.1.9" STYLEREFS="Style_4" VPOS="2355" WIDTH="151" WC="0.89" CC="0000000" TAGREFS=""/>
            <SP HPOS="1077" ID="SP_518.14.1.10" VPOS="2355" WIDTH="12"/>
            <String CONTENT="with" HEIGHT="34" HPOS="1089" ID="ST_518.14.1.11" STYLEREFS="Style_4" VPOS="2355" WIDTH="83" WC="0.98" CC="0000" TAGREFS=""/>
            <SP HPOS="1172" ID="SP_518.14.1.12" VPOS="2355" WIDTH="11"/>
            <String CONTENT="the" HEIGHT="34" HPOS="1183" ID="ST_518.14.1.13" STYLEREFS="Style_4" VPOS="2355" WIDTH="59" WC="0.99" CC="000" TAGREFS=""/>
            <SP HPOS="1242" ID="SP_518.14.1.14" VPOS="2354" WIDTH="11"/>
            <String CONTENT="commission" HEIGHT="35" HPOS="1253" ID="ST_518.14.1.15" STYLEREFS="Style_4" VPOS="2354" WIDTH="220" WC="0.95" CC="0000000000" TAGREFS=""/>
            <SP HPOS="1473" ID="SP_518.14.1.16" VPOS="2354" WIDTH="11"/>
            <String CONTENT="of" HEIGHT="34" HPOS="1484" ID="ST_518.14.1.17" STYLEREFS="Style_4" VPOS="2354" WIDTH="39" WC="1.00" CC="00" TAGREFS=""/>
          </TextLine>
          <TextLine HEIGHT="46" HPOS="309" ID="TL_518.14.2" VPOS="2404" WIDTH="1212">
            <String CONTENT="a" HEIGHT="23" HPOS="309" ID="ST_518.14.2.1" STYLEREFS="Style_4" VPOS="2418" WIDTH="20" WC="0.91" CC="0" TAGREFS=""/>
            <SP HPOS="329" ID="SP_518.14.2.2" VPOS="2417" WIDTH="11"/>
            <String CONTENT="rape" HEIGHT="33" HPOS="340" ID="ST_518.14.2.3" STYLEREFS="Style_4" VPOS="2417" WIDTH="83" WC="1.00" CC="0000" TAGREFS=""/>
            <SP HPOS="423" ID="SP_518.14.2.4" VPOS="2407" WIDTH="10"/>
            <String CONTENT="that" HEIGHT="34" HPOS="433" ID="ST_518.14.2.5" STYLEREFS="Style_4" VPOS="2407" WIDTH="77" WC="0.90" CC="0000" TAGREFS=""/>
            <SP HPOS="510" ID="SP_518.14.2.6" VPOS="2405" WIDTH="10"/>
            <String CONTENT="occurred" HEIGHT="36" HPOS="520" ID="ST_518.14.2.7" STYLEREFS="Style_4" VPOS="2405" WIDTH="165" WC="0.95" CC="00000000" TAGREFS=""/>
            <SP HPOS="685" ID="SP_518.14.2.8" VPOS="2416" WIDTH="12"/>
            <String CONTENT="on" HEIGHT="24" HPOS="697" ID="ST_518.14.2.9" STYLEREFS="Style_4" VPOS="2416" WIDTH="44" WC="0.98" CC="00" TAGREFS=""/>
            <SP HPOS="741" ID="SP_518.14.2.10" VPOS="2406" WIDTH="11"/>
            <String CONTENT="May" HEIGHT="43" HPOS="752" ID="ST_518.14.2.11" STYLEREFS="Style_4" VPOS="2406" WIDTH="88" WC="0.99" CC="000" TAGREFS=""/>
            <SP HPOS="840" ID="SP_518.14.2.12" VPOS="2406" WIDTH="15"/>
            <String CONTENT="1,1978." HEIGHT="40" HPOS="855" ID="ST_518.14.2.13" STYLEREFS="Style_4" VPOS="2406" WIDTH="143" WC="0.93" CC="9990000" TAGREFS=""/>
            <SP HPOS="998" ID="SP_518.14.2.14" VPOS="2406" WIDTH="13"/>
            <String CONTENT="He" HEIGHT="33" HPOS="1011" ID="ST_518.14.2.15" STYLEREFS="Style_4" VPOS="2406" WIDTH="56" WC="0.93" CC="00" TAGREFS=""/>
            <SP HPOS="1067" ID="SP_518.14.2.16" VPOS="2416" WIDTH="11"/>
            <String CONTENT="was" HEIGHT="23" HPOS="1078" ID="ST_518.14.2.17" STYLEREFS="Style_4" VPOS="2416" WIDTH="70" WC="1.00" CC="000" TAGREFS=""/>
            <SP HPOS="1148" ID="SP_518.14.2.18" VPOS="2404" WIDTH="11"/>
            <String CONTENT="found" HEIGHT="35" HPOS="1159" ID="ST_518.14.2.19" STYLEREFS="Style_4" VPOS="2404" WIDTH="108" WC="0.96" CC="00000" TAGREFS=""/>
            <SP HPOS="1267" ID="SP_518.14.2.20" VPOS="2404" WIDTH="11"/>
            <String CONTENT="guilty" HEIGHT="44" HPOS="1278" ID="ST_518.14.2.21" STYLEREFS="Style_4" VPOS="2404" WIDTH="110" WC="0.97" CC="000000" TAGREFS=""/>
            <SP HPOS="1388" ID="SP_518.14.2.22" VPOS="2404" WIDTH="10"/>
            <String CONTENT="of" HEIGHT="34" HPOS="1398" ID="ST_518.14.2.23" STYLEREFS="Style_4" VPOS="2404" WIDTH="39" WC="1.00" CC="00" TAGREFS=""/>
            <SP HPOS="1437" ID="SP_518.14.2.24" VPOS="2404" WIDTH="7"/>
            <String CONTENT="that" HEIGHT="34" HPOS="1444" ID="ST_518.14.2.25" STYLEREFS="Style_4" VPOS="2404" WIDTH="77" WC="0.89" CC="0000" TAGREFS=""/>
          </TextLine>
        </TextBlock>
      </PrintSpace>
    </Page>
  </Layout>
</alto>
