<?xml version='1.0' encoding='utf-8'?>
<alto xmlns="http://www.loc.gov/standards/alto/ns-v3#">
  <!--Created by Innodata R.E.D. RLI tool: 2017-04-25 06:27:30.571030-->
  <Description>
    <MeasurementUnit>pixel</MeasurementUnit>
    <sourceImageInformation>
      <fileName>32044078577194_00214_0.tif</fileName>
    </sourceImageInformation>
    <OCRProcessing ID="OP_1">
      <ocrProcessingStep>
        <processingStepDescription>Alto coordinates refer to the deskewed TIFF file. 
		To convert point (x, y) to original image (TIFF or JP2) apply transformation matrix T=(m00, m01, m10, m11, b0, b1) using the rule:
			T * (x,y) = (m00 * x + m01 * y + b0), (m10 * x + m11 * y + b1)</processingStepDescription>
        <processingStepSettings>RED.transform=(0.999982000054, -0.0059999640000648, 0.0059999640000648, 0.999982000054, -0.43600000000003547, -10.467999999999925)</processingStepSettings>
      </ocrProcessingStep>
    </OCRProcessing>
  </Description>
  <Styles>
    <TextStyle FONTFAMILY="Times New Roman" FONTSIZE="11.00" FONTTYPE="serif" FONTWIDTH="proportional" ID="Style_3"/>
    <TextStyle FONTFAMILY="Times New Roman" FONTSIZE="11.00" FONTSTYLE="italics" FONTTYPE="serif" FONTWIDTH="proportional" ID="Style_4"/>
  </Styles>
  <Tags>
    <StructureTag ID="b426-8" LABEL="p"/>
    <StructureTag ID="b427-4" LABEL="pagelabel"/>
    <StructureTag ID="b427-6" LABEL="p"/>
    <StructureTag ID="b427-7" LABEL="p"/>
    <StructureTag ID="b427-8" LABEL="p"/>
    </Tags>
  <Layout>
    <Page HEIGHT="2699" ID="PG_427" PHYSICAL_IMG_NR="427" WIDTH="1673">
      <PrintSpace HEIGHT="2699" HPOS="0" ID="PS_427" VPOS="0" WIDTH="1673">
        <TextBlock HEIGHT="94.0" HPOS="145.0" ID="BL_427.1" TAGREFS="b426-8" VPOS="395.0" WIDTH="1214.0">
          <TextLine HEIGHT="45" HPOS="145" ID="TL_427.1.1" VPOS="395" WIDTH="1214">
            <String CONTENT="applies" HEIGHT="45" HPOS="145" ID="ST_427.1.1.1" STYLEREFS="Style_3" VPOS="395" WIDTH="133" WC="0.67" CC="0000000" TAGREFS=""/>
            <SP HPOS="278" ID="SP_427.1.1.2" VPOS="401" WIDTH="10"/>
            <String CONTENT="to" HEIGHT="29" HPOS="288" ID="ST_427.1.1.3" STYLEREFS="Style_3" VPOS="401" WIDTH="36" WC="0.61" CC="00" TAGREFS=""/>
            <SP HPOS="324" ID="SP_427.1.1.4" VPOS="396" WIDTH="9"/>
            <String CONTENT="situations" HEIGHT="34" HPOS="333" ID="ST_427.1.1.5" STYLEREFS="Style_3" VPOS="396" WIDTH="182" WC="0.69" CC="0000000000" TAGREFS=""/>
            <SP HPOS="515" ID="SP_427.1.1.6" VPOS="396" WIDTH="9"/>
            <String CONTENT="where" HEIGHT="34" HPOS="524" ID="ST_427.1.1.7" STYLEREFS="Style_3" VPOS="396" WIDTH="115" WC="0.66" CC="00000" TAGREFS=""/>
            <SP HPOS="639" ID="SP_427.1.1.8" VPOS="397" WIDTH="9"/>
            <String CONTENT="the" HEIGHT="34" HPOS="648" ID="ST_427.1.1.9" STYLEREFS="Style_3" VPOS="397" WIDTH="61" WC="0.54" CC="000" TAGREFS=""/>
            <SP HPOS="709" ID="SP_427.1.1.10" VPOS="401" WIDTH="8"/>
            <String CONTENT="state" HEIGHT="30" HPOS="717" ID="ST_427.1.1.11" STYLEREFS="Style_3" VPOS="401" WIDTH="91" WC="0.75" CC="00000" TAGREFS=""/>
            <SP HPOS="808" ID="SP_427.1.1.12" VPOS="397" WIDTH="9"/>
            <String CONTENT="has" HEIGHT="34" HPOS="817" ID="ST_427.1.1.13" STYLEREFS="Style_3" VPOS="397" WIDTH="63" WC="0.76" CC="000" TAGREFS=""/>
            <SP HPOS="880" ID="SP_427.1.1.14" VPOS="407" WIDTH="10"/>
            <String CONTENT="a" HEIGHT="23" HPOS="890" ID="ST_427.1.1.15" STYLEREFS="Style_3" VPOS="407" WIDTH="21" WC="0.84" CC="0" TAGREFS=""/>
            <SP HPOS="911" ID="SP_427.1.1.16" VPOS="396" WIDTH="9"/>
            <String CONTENT="compelling" HEIGHT="43" HPOS="920" ID="ST_427.1.1.17" STYLEREFS="Style_3" VPOS="396" WIDTH="208" WC="0.64" CC="0000000000" TAGREFS=""/>
            <SP HPOS="1128" ID="SP_427.1.1.18" VPOS="396" WIDTH="10"/>
            <String CONTENT="interest" HEIGHT="36" HPOS="1138" ID="ST_427.1.1.19" STYLEREFS="Style_3" VPOS="396" WIDTH="142" WC="0.55" CC="00000000" TAGREFS=""/>
            <SP HPOS="1280" ID="SP_427.1.1.20" VPOS="395" WIDTH="10"/>
            <String CONTENT="and" HEIGHT="36" HPOS="1290" ID="ST_427.1.1.21" STYLEREFS="Style_3" VPOS="395" WIDTH="69" WC="0.51" CC="000" TAGREFS=""/>
          </TextLine>
          <TextLine HEIGHT="44" HPOS="146" ID="TL_427.1.2" VPOS="445" WIDTH="1150">
            <String CONTENT="uses" HEIGHT="25" HPOS="146" ID="ST_427.1.2.1" STYLEREFS="Style_3" VPOS="456" WIDTH="78" WC="0.94" CC="0000" TAGREFS=""/>
            <SP HPOS="224" ID="SP_427.1.2.2" VPOS="445" WIDTH="21"/>
            <String CONTENT="the" HEIGHT="35" HPOS="245" ID="ST_427.1.2.3" STYLEREFS="Style_3" VPOS="445" WIDTH="59" WC="0.95" CC="000" TAGREFS=""/>
            <SP HPOS="304" ID="SP_427.1.2.4" VPOS="446" WIDTH="20"/>
            <String CONTENT="least" HEIGHT="34" HPOS="324" ID="ST_427.1.2.5" STYLEREFS="Style_3" VPOS="446" WIDTH="86" WC="0.96" CC="00000" TAGREFS=""/>
            <SP HPOS="410" ID="SP_427.1.2.6" VPOS="445" WIDTH="20"/>
            <String CONTENT="restrictive" HEIGHT="35" HPOS="430" ID="ST_427.1.2.7" STYLEREFS="Style_3" VPOS="445" WIDTH="190" WC="0.97" CC="00000000000" TAGREFS=""/>
            <SP HPOS="620" ID="SP_427.1.2.8" VPOS="456" WIDTH="20"/>
            <String CONTENT="means" HEIGHT="24" HPOS="640" ID="ST_427.1.2.9" STYLEREFS="Style_3" VPOS="456" WIDTH="119" WC="0.92" CC="00000" TAGREFS=""/>
            <SP HPOS="759" ID="SP_427.1.2.10" VPOS="446" WIDTH="21"/>
            <String CONTENT="of" HEIGHT="34" HPOS="780" ID="ST_427.1.2.11" STYLEREFS="Style_3" VPOS="446" WIDTH="39" WC="1.00" CC="00" TAGREFS=""/>
            <SP HPOS="819" ID="SP_427.1.2.12" VPOS="446" WIDTH="16"/>
            <String CONTENT="protecting" HEIGHT="43" HPOS="835" ID="ST_427.1.2.13" STYLEREFS="Style_3" VPOS="446" WIDTH="194" WC="0.94" CC="0000000000" TAGREFS=""/>
            <SP HPOS="1029" ID="SP_427.1.2.14" VPOS="446" WIDTH="20"/>
            <String CONTENT="that" HEIGHT="34" HPOS="1049" ID="ST_427.1.2.15" STYLEREFS="Style_3" VPOS="446" WIDTH="76" WC="0.96" CC="0000" TAGREFS=""/>
            <SP HPOS="1125" ID="SP_427.1.2.16" VPOS="445" WIDTH="20"/>
            <String CONTENT="interest." HEIGHT="35" HPOS="1145" ID="ST_427.1.2.17" STYLEREFS="Style_3" VPOS="445" WIDTH="151" WC="1.00" CC="000000000" TAGREFS=""/>
          </TextLine>
        </TextBlock>
        <TextBlock HEIGHT="34.0" HPOS="1290.0" ID="BL_427.3" TAGREFS="b427-4" VPOS="255.0" WIDTH="66.0">
          <TextLine HEIGHT="34" HPOS="1290" ID="TL_427.3.1" VPOS="255" WIDTH="66">
            <String CONTENT="393" HEIGHT="34" HPOS="1290" ID="ST_427.3.1.1" STYLEREFS="Style_3" VPOS="255" WIDTH="66" WC="0.57" CC="000" TAGREFS=""/>
          </TextLine>
        </TextBlock>
        <TextBlock HEIGHT="793.0" HPOS="147.0" ID="BL_427.4" TAGREFS="b427-6" VPOS="531.0" WIDTH="1217.0">
          <TextLine HEIGHT="44" HPOS="239" ID="TL_427.4.1" VPOS="531" WIDTH="1121">
            <String CONTENT="2." HEIGHT="33" HPOS="379" ID="ST_427.4.1.3" STYLEREFS="Style_3" VPOS="532" WIDTH="30" WC="1.00" CC="00" TAGREFS=""/>
            <SP HPOS="409" ID="SP_427.4.1.4" VPOS="532" WIDTH="40"/>
            <String CONTENT="THE" HEIGHT="34" HPOS="449" ID="ST_427.4.1.5" STYLEREFS="Style_3" VPOS="532" WIDTH="98" WC="0.98" CC="000" TAGREFS=""/>
            <SP HPOS="547" ID="SP_427.4.1.6" VPOS="532" WIDTH="39"/>
            <String CONTENT="STATUTE" HEIGHT="34" HPOS="586" ID="ST_427.4.1.7" STYLEREFS="Style_3" VPOS="532" WIDTH="219" WC="0.98" CC="0000000" TAGREFS=""/>
            <SP HPOS="805" ID="SP_427.4.1.8" VPOS="532" WIDTH="39"/>
            <String CONTENT="DENIED" HEIGHT="34" HPOS="844" ID="ST_427.4.1.9" STYLEREFS="Style_3" VPOS="532" WIDTH="185" WC="0.89" CC="000000" TAGREFS=""/>
            <SP HPOS="1029" ID="SP_427.4.1.10" VPOS="531" WIDTH="41"/>
            <String CONTENT="McGUIRE" HEIGHT="35" HPOS="1070" ID="ST_427.4.1.11" STYLEREFS="Style_3" VPOS="531" WIDTH="218" WC="0.97" CC="0000000" TAGREFS=""/>
            <SP HPOS="1288" ID="SP_427.4.1.12" VPOS="532" WIDTH="38"/>
            <String CONTENT="A" HEIGHT="34" HPOS="1326" ID="ST_427.4.1.13" STYLEREFS="Style_3" VPOS="532" WIDTH="34" WC="0.80" CC="0" TAGREFS=""/>
          </TextLine>
          <TextLine HEIGHT="43" HPOS="148" ID="TL_427.4.2" VPOS="581" WIDTH="1213">
            <String CONTENT="RIGHT" HEIGHT="35" HPOS="148" ID="ST_427.4.2.1" STYLEREFS="Style_3" VPOS="581" WIDTH="155" WC="0.94" CC="00000" TAGREFS=""/>
            <SP HPOS="303" ID="SP_427.4.2.2" VPOS="582" WIDTH="11"/>
            <String CONTENT="TO" HEIGHT="34" HPOS="314" ID="ST_427.4.2.3" STYLEREFS="Style_3" VPOS="582" WIDTH="64" WC="0.69" CC="00" TAGREFS=""/>
            <SP HPOS="378" ID="SP_427.4.2.4" VPOS="582" WIDTH="11"/>
            <String CONTENT="A" HEIGHT="33" HPOS="389" ID="ST_427.4.2.5" STYLEREFS="Style_3" VPOS="582" WIDTH="33" WC="1.00" CC="0" TAGREFS=""/>
            <SP HPOS="422" ID="SP_427.4.2.6" VPOS="582" WIDTH="12"/>
            <String CONTENT="TRIAL" HEIGHT="34" HPOS="434" ID="ST_427.4.2.7" STYLEREFS="Style_3" VPOS="582" WIDTH="148" WC="1.00" CC="00000" TAGREFS=""/>
            <SP HPOS="582" ID="SP_427.4.2.8" VPOS="582" WIDTH="13"/>
            <String CONTENT="BY" HEIGHT="33" HPOS="595" ID="ST_427.4.2.9" STYLEREFS="Style_3" VPOS="582" WIDTH="62" WC="0.93" CC="00" TAGREFS=""/>
            <SP HPOS="657" ID="SP_427.4.2.10" VPOS="581" WIDTH="13"/>
            <String CONTENT="JURY." HEIGHT="35" HPOS="670" ID="ST_427.4.2.11" STYLEREFS="Style_3" VPOS="581" WIDTH="136" WC="1.00" CC="00000" TAGREFS=""/>
            <SP HPOS="806" ID="SP_427.4.2.12" VPOS="581" WIDTH="14"/>
            <String CONTENT="McGuire" HEIGHT="35" HPOS="820" ID="ST_427.4.2.13" STYLEREFS="Style_3" VPOS="581" WIDTH="174" WC="0.93" CC="0000000" TAGREFS=""/>
            <SP HPOS="994" ID="SP_427.4.2.14" VPOS="592" WIDTH="12"/>
            <String CONTENT="argues" HEIGHT="32" HPOS="1006" ID="ST_427.4.2.15" STYLEREFS="Style_3" VPOS="592" WIDTH="124" WC="0.97" CC="000000" TAGREFS=""/>
            <SP HPOS="1130" ID="SP_427.4.2.16" VPOS="581" WIDTH="12"/>
            <String CONTENT="that" HEIGHT="34" HPOS="1142" ID="ST_427.4.2.17" STYLEREFS="Style_3" VPOS="581" WIDTH="76" WC="0.96" CC="0000" TAGREFS=""/>
            <SP HPOS="1218" ID="SP_427.4.2.18" VPOS="582" WIDTH="12"/>
            <String CONTENT="the" HEIGHT="34" HPOS="1230" ID="ST_427.4.2.19" STYLEREFS="Style_3" VPOS="582" WIDTH="58" WC="0.79" CC="000" TAGREFS=""/>
            <SP HPOS="1288" ID="SP_427.4.2.20" VPOS="592" WIDTH="12"/>
            <String CONTENT="use" HEIGHT="23" HPOS="1300" ID="ST_427.4.2.21" STYLEREFS="Style_3" VPOS="592" WIDTH="61" WC="0.90" CC="000" TAGREFS=""/>
          </TextLine>
          <TextLine HEIGHT="45" HPOS="147" ID="TL_427.4.3" VPOS="630" WIDTH="1213">
            <String CONTENT="of" HEIGHT="35" HPOS="147" ID="ST_427.4.3.1" STYLEREFS="Style_3" VPOS="630" WIDTH="40" WC="0.98" CC="00" TAGREFS=""/>
            <SP HPOS="187" ID="SP_427.4.3.2" VPOS="630" WIDTH="5"/>
            <String CONTENT="the" HEIGHT="35" HPOS="192" ID="ST_427.4.3.3" STYLEREFS="Style_3" VPOS="630" WIDTH="60" WC="0.80" CC="000" TAGREFS=""/>
            <SP HPOS="252" ID="SP_427.4.3.4" VPOS="630" WIDTH="8"/>
            <String CONTENT="deposition" HEIGHT="44" HPOS="260" ID="ST_427.4.3.5" STYLEREFS="Style_3" VPOS="630" WIDTH="191" WC="0.94" CC="0000000000" TAGREFS=""/>
            <SP HPOS="451" ID="SP_427.4.3.6" VPOS="631" WIDTH="9"/>
            <String CONTENT="deprives" HEIGHT="44" HPOS="460" ID="ST_427.4.3.7" STYLEREFS="Style_3" VPOS="631" WIDTH="156" WC="1.00" CC="00000000" TAGREFS=""/>
            <SP HPOS="616" ID="SP_427.4.3.8" VPOS="631" WIDTH="9"/>
            <String CONTENT="the" HEIGHT="34" HPOS="625" ID="ST_427.4.3.9" STYLEREFS="Style_3" VPOS="631" WIDTH="59" WC="0.98" CC="000" TAGREFS=""/>
            <SP HPOS="684" ID="SP_427.4.3.10" VPOS="631" WIDTH="5"/>
            <String CONTENT="jury" HEIGHT="43" HPOS="689" ID="ST_427.4.3.11" STYLEREFS="Style_3" VPOS="631" WIDTH="80" WC="0.91" CC="0000" TAGREFS=""/>
            <SP HPOS="769" ID="SP_427.4.3.12" VPOS="631" WIDTH="9"/>
            <String CONTENT="of" HEIGHT="34" HPOS="778" ID="ST_427.4.3.13" STYLEREFS="Style_3" VPOS="631" WIDTH="39" WC="1.00" CC="00" TAGREFS=""/>
            <SP HPOS="817" ID="SP_427.4.3.14" VPOS="630" WIDTH="5"/>
            <String CONTENT="the" HEIGHT="35" HPOS="822" ID="ST_427.4.3.15" STYLEREFS="Style_3" VPOS="630" WIDTH="59" WC="1.00" CC="000" TAGREFS=""/>
            <SP HPOS="881" ID="SP_427.4.3.16" VPOS="631" WIDTH="8"/>
            <String CONTENT="right" HEIGHT="43" HPOS="889" ID="ST_427.4.3.17" STYLEREFS="Style_3" VPOS="631" WIDTH="92" WC="0.81" CC="00000" TAGREFS=""/>
            <SP HPOS="981" ID="SP_427.4.3.18" VPOS="635" WIDTH="9"/>
            <String CONTENT="to" HEIGHT="30" HPOS="990" ID="ST_427.4.3.19" STYLEREFS="Style_3" VPOS="635" WIDTH="36" WC="1.00" CC="00" TAGREFS=""/>
            <SP HPOS="1026" ID="SP_427.4.3.20" VPOS="631" WIDTH="5"/>
            <String CONTENT="judge" HEIGHT="43" HPOS="1031" ID="ST_427.4.3.21" STYLEREFS="Style_3" VPOS="631" WIDTH="108" WC="0.94" CC="00000" TAGREFS=""/>
            <SP HPOS="1139" ID="SP_427.4.3.22" VPOS="631" WIDTH="8"/>
            <String CONTENT="the" HEIGHT="34" HPOS="1147" ID="ST_427.4.3.23" STYLEREFS="Style_3" VPOS="631" WIDTH="59" WC="0.99" CC="000" TAGREFS=""/>
            <SP HPOS="1206" ID="SP_427.4.3.24" VPOS="631" WIDTH="7"/>
            <String CONTENT="victim’s" HEIGHT="34" HPOS="1213" ID="ST_427.4.3.25" STYLEREFS="Style_3" VPOS="631" WIDTH="147" WC="0.81" CC="00000090" TAGREFS=""/>
          </TextLine>
          <TextLine HEIGHT="45" HPOS="147" ID="TL_427.4.4" VPOS="680" WIDTH="1213">
            <String CONTENT="credibility." HEIGHT="44" HPOS="147" ID="ST_427.4.4.1" STYLEREFS="Style_3" VPOS="680" WIDTH="205" WC="0.97" CC="000000000000" TAGREFS=""/>
            <SP HPOS="352" ID="SP_427.4.4.2" VPOS="680" WIDTH="12"/>
            <String CONTENT="Although" HEIGHT="44" HPOS="364" ID="ST_427.4.4.3" STYLEREFS="Style_3" VPOS="680" WIDTH="180" WC="0.83" CC="00000000" TAGREFS=""/>
            <SP HPOS="544" ID="SP_427.4.4.4" VPOS="680" WIDTH="10"/>
            <String CONTENT="generally" HEIGHT="44" HPOS="554" ID="ST_427.4.4.5" STYLEREFS="Style_3" VPOS="680" WIDTH="176" WC="0.97" CC="000000000" TAGREFS=""/>
            <SP HPOS="730" ID="SP_427.4.4.6" VPOS="681" WIDTH="11"/>
            <String CONTENT="it" HEIGHT="34" HPOS="741" ID="ST_427.4.4.7" STYLEREFS="Style_3" VPOS="681" WIDTH="26" WC="1.00" CC="00" TAGREFS=""/>
            <SP HPOS="767" ID="SP_427.4.4.8" VPOS="692" WIDTH="11"/>
            <String CONTENT="may" HEIGHT="32" HPOS="778" ID="ST_427.4.4.9" STYLEREFS="Style_3" VPOS="692" WIDTH="81" WC="1.00" CC="000" TAGREFS=""/>
            <SP HPOS="859" ID="SP_427.4.4.10" VPOS="681" WIDTH="10"/>
            <String CONTENT="be" HEIGHT="34" HPOS="869" ID="ST_427.4.4.11" STYLEREFS="Style_3" VPOS="681" WIDTH="43" WC="1.00" CC="00" TAGREFS=""/>
            <SP HPOS="912" ID="SP_427.4.4.12" VPOS="681" WIDTH="10"/>
            <String CONTENT="the" HEIGHT="34" HPOS="922" ID="ST_427.4.4.13" STYLEREFS="Style_3" VPOS="681" WIDTH="59" WC="0.92" CC="000" TAGREFS=""/>
            <SP HPOS="981" ID="SP_427.4.4.14" VPOS="680" WIDTH="10"/>
            <String CONTENT="better" HEIGHT="36" HPOS="991" ID="ST_427.4.4.15" STYLEREFS="Style_3" VPOS="680" WIDTH="112" WC="1.00" CC="000000" TAGREFS=""/>
            <SP HPOS="1103" ID="SP_427.4.4.16" VPOS="681" WIDTH="11"/>
            <String CONTENT="practice" HEIGHT="44" HPOS="1114" ID="ST_427.4.4.17" STYLEREFS="Style_3" VPOS="681" WIDTH="151" WC="0.92" CC="00000000" TAGREFS=""/>
            <SP HPOS="1265" ID="SP_427.4.4.18" VPOS="680" WIDTH="10"/>
            <String CONTENT="for" HEIGHT="36" HPOS="1275" ID="ST_427.4.4.19" STYLEREFS="Style_3" VPOS="680" WIDTH="54" WC="0.95" CC="000" TAGREFS=""/>
            <SP HPOS="1329" ID="SP_427.4.4.20" VPOS="691" WIDTH="11"/>
            <String CONTENT="a" HEIGHT="24" HPOS="1340" ID="ST_427.4.4.21" STYLEREFS="Style_3" VPOS="691" WIDTH="20" WC="1.00" CC="0" TAGREFS=""/>
          </TextLine>
          <TextLine HEIGHT="45" HPOS="148" ID="TL_427.4.5" VPOS="730" WIDTH="1213">
            <String CONTENT="witness" HEIGHT="35" HPOS="148" ID="ST_427.4.5.1" STYLEREFS="Style_3" VPOS="730" WIDTH="138" WC="0.95" CC="0000000" TAGREFS=""/>
            <SP HPOS="286" ID="SP_427.4.5.2" VPOS="735" WIDTH="17"/>
            <String CONTENT="to" HEIGHT="30" HPOS="303" ID="ST_427.4.5.3" STYLEREFS="Style_3" VPOS="735" WIDTH="35" WC="0.89" CC="00" TAGREFS=""/>
            <SP HPOS="338" ID="SP_427.4.5.4" VPOS="730" WIDTH="16"/>
            <String CONTENT="testify" HEIGHT="44" HPOS="354" ID="ST_427.4.5.5" STYLEREFS="Style_3" VPOS="730" WIDTH="118" WC="1.00" CC="0000000" TAGREFS=""/>
            <SP HPOS="472" ID="SP_427.4.5.6" VPOS="736" WIDTH="16"/>
            <String CONTENT="at" HEIGHT="29" HPOS="488" ID="ST_427.4.5.7" STYLEREFS="Style_3" VPOS="736" WIDTH="37" WC="1.00" CC="00" TAGREFS=""/>
            <SP HPOS="525" ID="SP_427.4.5.8" VPOS="730" WIDTH="15"/>
            <String CONTENT="trial," HEIGHT="41" HPOS="540" ID="ST_427.4.5.9" STYLEREFS="Style_3" VPOS="730" WIDTH="91" WC="0.91" CC="000000" TAGREFS=""/>
            <SP HPOS="631" ID="SP_427.4.5.10" VPOS="731" WIDTH="18"/>
            <String CONTENT="in" HEIGHT="34" HPOS="649" ID="ST_427.4.5.11" STYLEREFS="Style_3" VPOS="731" WIDTH="34" WC="0.88" CC="00" TAGREFS=""/>
            <SP HPOS="683" ID="SP_427.4.5.12" VPOS="741" WIDTH="17"/>
            <String CONTENT="many" HEIGHT="33" HPOS="700" ID="ST_427.4.5.13" STYLEREFS="Style_3" VPOS="741" WIDTH="105" WC="0.73" CC="0000" TAGREFS=""/>
            <SP HPOS="805" ID="SP_427.4.5.14" VPOS="741" WIDTH="16"/>
            <String CONTENT="cases" HEIGHT="24" HPOS="821" ID="ST_427.4.5.15" STYLEREFS="Style_3" VPOS="741" WIDTH="95" WC="1.00" CC="00000" TAGREFS=""/>
            <SP HPOS="916" ID="SP_427.4.5.16" VPOS="742" WIDTH="18"/>
            <String CONTENT="a" HEIGHT="23" HPOS="934" ID="ST_427.4.5.17" STYLEREFS="Style_3" VPOS="742" WIDTH="20" WC="1.00" CC="0" TAGREFS=""/>
            <SP HPOS="954" ID="SP_427.4.5.18" VPOS="730" WIDTH="15"/>
            <String CONTENT="videotape" HEIGHT="45" HPOS="969" ID="ST_427.4.5.19" STYLEREFS="Style_3" VPOS="730" WIDTH="183" WC="0.90" CC="000000000" TAGREFS=""/>
            <SP HPOS="1152" ID="SP_427.4.5.20" VPOS="730" WIDTH="15"/>
            <String CONTENT="is" HEIGHT="35" HPOS="1167" ID="ST_427.4.5.21" STYLEREFS="Style_3" VPOS="730" WIDTH="28" WC="1.00" CC="00" TAGREFS=""/>
            <SP HPOS="1195" ID="SP_427.4.5.22" VPOS="730" WIDTH="17"/>
            <String CONTENT="the" HEIGHT="35" HPOS="1212" ID="ST_427.4.5.23" STYLEREFS="Style_3" VPOS="730" WIDTH="58" WC="1.00" CC="000" TAGREFS=""/>
            <SP HPOS="1270" ID="SP_427.4.5.24" VPOS="731" WIDTH="16"/>
            <String CONTENT="best" HEIGHT="35" HPOS="1286" ID="ST_427.4.5.25" STYLEREFS="Style_3" VPOS="731" WIDTH="75" WC="0.82" CC="0000" TAGREFS=""/>
          </TextLine>
          <TextLine HEIGHT="44" HPOS="148" ID="TL_427.4.6" VPOS="780" WIDTH="1209">
            <String CONTENT="substitute." HEIGHT="35" HPOS="148" ID="ST_427.4.6.1" STYLEREFS="Style_3" VPOS="780" WIDTH="197" WC="0.99" CC="00000000000" TAGREFS=""/>
            <SP HPOS="345" ID="SP_427.4.6.2" VPOS="781" WIDTH="21"/>
            <String CONTENT="King" HEIGHT="43" HPOS="366" ID="ST_427.4.6.3" STYLEREFS="Style_4" VPOS="781" WIDTH="94" WC="1.00" CC="0000" TAGREFS=""/>
            <SP HPOS="460" ID="SP_427.4.6.4" VPOS="792" WIDTH="16"/>
            <String CONTENT="v." HEIGHT="23" HPOS="476" ID="ST_427.4.6.5" STYLEREFS="Style_3" VPOS="792" WIDTH="31" WC="1.00" CC="00" TAGREFS=""/>
            <SP HPOS="507" ID="SP_427.4.6.6" VPOS="780" WIDTH="26"/>
            <String CONTENT="Westlake," HEIGHT="41" HPOS="533" ID="ST_427.4.6.7" STYLEREFS="Style_4" VPOS="780" WIDTH="187" WC="0.87" CC="000000000" TAGREFS=""/>
            <SP HPOS="720" ID="SP_427.4.6.8" VPOS="781" WIDTH="22"/>
            <String CONTENT="264" HEIGHT="34" HPOS="742" ID="ST_427.4.6.9" STYLEREFS="Style_3" VPOS="781" WIDTH="68" WC="1.00" CC="000" TAGREFS=""/>
            <SP HPOS="810" ID="SP_427.4.6.10" VPOS="781" WIDTH="21"/>
            <String CONTENT="Ark." HEIGHT="34" HPOS="831" ID="ST_427.4.6.11" STYLEREFS="Style_3" VPOS="781" WIDTH="84" WC="1.00" CC="0000" TAGREFS=""/>
            <SP HPOS="915" ID="SP_427.4.6.12" VPOS="782" WIDTH="24"/>
            <String CONTENT="555," HEIGHT="39" HPOS="939" ID="ST_427.4.6.13" STYLEREFS="Style_3" VPOS="782" WIDTH="79" WC="0.86" CC="0000" TAGREFS=""/>
            <SP HPOS="1018" ID="SP_427.4.6.14" VPOS="782" WIDTH="23"/>
            <String CONTENT="572" HEIGHT="33" HPOS="1041" ID="ST_427.4.6.15" STYLEREFS="Style_3" VPOS="782" WIDTH="67" WC="0.99" CC="000" TAGREFS=""/>
            <SP HPOS="1108" ID="SP_427.4.6.16" VPOS="780" WIDTH="21"/>
            <String CONTENT="S.W.2d" HEIGHT="36" HPOS="1129" ID="ST_427.4.6.17" STYLEREFS="Style_3" VPOS="780" WIDTH="143" WC="1.00" CC="000000" TAGREFS=""/>
            <SP HPOS="1272" ID="SP_427.4.6.18" VPOS="781" WIDTH="22"/>
            <String CONTENT="841" HEIGHT="34" HPOS="1294" ID="ST_427.4.6.19" STYLEREFS="Style_3" VPOS="781" WIDTH="63" WC="0.93" CC="000" TAGREFS=""/>
          </TextLine>
          <TextLine HEIGHT="45" HPOS="150" ID="TL_427.4.7" VPOS="829" WIDTH="1212">
            <String CONTENT="(1978)." HEIGHT="44" HPOS="150" ID="ST_427.4.7.1" STYLEREFS="Style_3" VPOS="829" WIDTH="138" WC="0.91" CC="0000000" TAGREFS=""/>
            <SP HPOS="288" ID="SP_427.4.7.2" VPOS="830" WIDTH="13"/>
            <String CONTENT="The" HEIGHT="35" HPOS="301" ID="ST_427.4.7.3" STYLEREFS="Style_3" VPOS="830" WIDTH="74" WC="0.92" CC="000" TAGREFS=""/>
            <SP HPOS="375" ID="SP_427.4.7.4" VPOS="841" WIDTH="11"/>
            <String CONTENT="use" HEIGHT="23" HPOS="386" ID="ST_427.4.7.5" STYLEREFS="Style_3" VPOS="841" WIDTH="60" WC="1.00" CC="000" TAGREFS=""/>
            <SP HPOS="446" ID="SP_427.4.7.6" VPOS="830" WIDTH="11"/>
            <String CONTENT="of" HEIGHT="34" HPOS="457" ID="ST_427.4.7.7" STYLEREFS="Style_3" VPOS="830" WIDTH="39" WC="1.00" CC="00" TAGREFS=""/>
            <SP HPOS="496" ID="SP_427.4.7.8" VPOS="830" WIDTH="7"/>
            <String CONTENT="depositions" HEIGHT="43" HPOS="503" ID="ST_427.4.7.9" STYLEREFS="Style_3" VPOS="830" WIDTH="211" WC="1.00" CC="00000000000" TAGREFS=""/>
            <SP HPOS="714" ID="SP_427.4.7.10" VPOS="830" WIDTH="12"/>
            <String CONTENT="in" HEIGHT="34" HPOS="726" ID="ST_427.4.7.11" STYLEREFS="Style_3" VPOS="830" WIDTH="34" WC="1.00" CC="00" TAGREFS=""/>
            <SP HPOS="760" ID="SP_427.4.7.12" VPOS="830" WIDTH="11"/>
            <String CONTENT="criminal" HEIGHT="35" HPOS="771" ID="ST_427.4.7.13" STYLEREFS="Style_3" VPOS="830" WIDTH="158" WC="0.85" CC="00000000" TAGREFS=""/>
            <SP HPOS="929" ID="SP_427.4.7.14" VPOS="841" WIDTH="11"/>
            <String CONTENT="cases" HEIGHT="24" HPOS="940" ID="ST_427.4.7.15" STYLEREFS="Style_3" VPOS="841" WIDTH="96" WC="0.92" CC="00000" TAGREFS=""/>
            <SP HPOS="1036" ID="SP_427.4.7.16" VPOS="831" WIDTH="12"/>
            <String CONTENT="is" HEIGHT="34" HPOS="1048" ID="ST_427.4.7.17" STYLEREFS="Style_3" VPOS="831" WIDTH="28" WC="1.00" CC="00" TAGREFS=""/>
            <SP HPOS="1076" ID="SP_427.4.7.18" VPOS="841" WIDTH="12"/>
            <String CONTENT="more" HEIGHT="24" HPOS="1088" ID="ST_427.4.7.19" STYLEREFS="Style_3" VPOS="841" WIDTH="95" WC="1.00" CC="0000" TAGREFS=""/>
            <SP HPOS="1183" ID="SP_427.4.7.20" VPOS="830" WIDTH="11"/>
            <String CONTENT="carefully" HEIGHT="44" HPOS="1194" ID="ST_427.4.7.21" STYLEREFS="Style_3" VPOS="830" WIDTH="168" WC="0.97" CC="000000000" TAGREFS=""/>
          </TextLine>
          <TextLine HEIGHT="45" HPOS="149" ID="TL_427.4.8" VPOS="880" WIDTH="1213">
            <String CONTENT="scrutinized" HEIGHT="35" HPOS="149" ID="ST_427.4.8.1" STYLEREFS="Style_3" VPOS="880" WIDTH="209" WC="0.90" CC="00000000000" TAGREFS=""/>
            <SP HPOS="358" ID="SP_427.4.8.2" VPOS="880" WIDTH="28"/>
            <String CONTENT="than" HEIGHT="34" HPOS="386" ID="ST_427.4.8.3" STYLEREFS="Style_3" VPOS="880" WIDTH="84" WC="1.00" CC="0000" TAGREFS=""/>
            <SP HPOS="470" ID="SP_427.4.8.4" VPOS="880" WIDTH="29"/>
            <String CONTENT="in" HEIGHT="35" HPOS="499" ID="ST_427.4.8.5" STYLEREFS="Style_3" VPOS="880" WIDTH="35" WC="0.68" CC="00" TAGREFS=""/>
            <SP HPOS="534" ID="SP_427.4.8.6" VPOS="880" WIDTH="28"/>
            <String CONTENT="civil" HEIGHT="35" HPOS="562" ID="ST_427.4.8.7" STYLEREFS="Style_3" VPOS="880" WIDTH="78" WC="0.85" CC="00000" TAGREFS=""/>
            <SP HPOS="640" ID="SP_427.4.8.8" VPOS="891" WIDTH="29"/>
            <String CONTENT="cases," HEIGHT="31" HPOS="669" ID="ST_427.4.8.9" STYLEREFS="Style_3" VPOS="891" WIDTH="106" WC="1.00" CC="000000" TAGREFS=""/>
            <SP HPOS="775" ID="SP_427.4.8.10" VPOS="880" WIDTH="28"/>
            <String CONTENT="but" HEIGHT="35" HPOS="803" ID="ST_427.4.8.11" STYLEREFS="Style_3" VPOS="880" WIDTH="63" WC="0.86" CC="000" TAGREFS=""/>
            <SP HPOS="866" ID="SP_427.4.8.12" VPOS="881" WIDTH="28"/>
            <String CONTENT="such" HEIGHT="34" HPOS="894" ID="ST_427.4.8.13" STYLEREFS="Style_3" VPOS="881" WIDTH="85" WC="0.77" CC="0000" TAGREFS=""/>
            <SP HPOS="979" ID="SP_427.4.8.14" VPOS="891" WIDTH="28"/>
            <String CONTENT="use" HEIGHT="24" HPOS="1007" ID="ST_427.4.8.15" STYLEREFS="Style_3" VPOS="891" WIDTH="61" WC="1.00" CC="000" TAGREFS=""/>
            <SP HPOS="1068" ID="SP_427.4.8.16" VPOS="881" WIDTH="28"/>
            <String CONTENT="is" HEIGHT="35" HPOS="1096" ID="ST_427.4.8.17" STYLEREFS="Style_3" VPOS="881" WIDTH="27" WC="0.91" CC="00" TAGREFS=""/>
            <SP HPOS="1123" ID="SP_427.4.8.18" VPOS="885" WIDTH="29"/>
            <String CONTENT="not" HEIGHT="30" HPOS="1152" ID="ST_427.4.8.19" STYLEREFS="Style_3" VPOS="885" WIDTH="59" WC="0.83" CC="000" TAGREFS=""/>
            <SP HPOS="1211" ID="SP_427.4.8.20" VPOS="891" WIDTH="28"/>
            <String CONTENT="per" HEIGHT="34" HPOS="1239" ID="ST_427.4.8.21" STYLEREFS="Style_3" VPOS="891" WIDTH="59" WC="0.86" CC="000" TAGREFS=""/>
            <SP HPOS="1298" ID="SP_427.4.8.22" VPOS="891" WIDTH="28"/>
            <String CONTENT="se" HEIGHT="24" HPOS="1326" ID="ST_427.4.8.23" STYLEREFS="Style_3" VPOS="891" WIDTH="36" WC="0.92" CC="00" TAGREFS=""/>
          </TextLine>
          <TextLine HEIGHT="46" HPOS="149" ID="TL_427.4.9" VPOS="929" WIDTH="1214">
            <String CONTENT="unconstitutional." HEIGHT="36" HPOS="149" ID="ST_427.4.9.1" STYLEREFS="Style_3" VPOS="929" WIDTH="318" WC="0.88" CC="00000000000000000" TAGREFS=""/>
            <SP HPOS="467" ID="SP_427.4.9.2" VPOS="929" WIDTH="26"/>
            <String CONTENT="Videotaped" HEIGHT="46" HPOS="493" ID="ST_427.4.9.3" STYLEREFS="Style_3" VPOS="929" WIDTH="217" WC="0.96" CC="0000000000" TAGREFS=""/>
            <SP HPOS="710" ID="SP_427.4.9.4" VPOS="930" WIDTH="23"/>
            <String CONTENT="depositions" HEIGHT="45" HPOS="733" ID="ST_427.4.9.5" STYLEREFS="Style_3" VPOS="930" WIDTH="208" WC="0.96" CC="00000000000" TAGREFS=""/>
            <SP HPOS="941" ID="SP_427.4.9.6" VPOS="941" WIDTH="24"/>
            <String CONTENT="are" HEIGHT="25" HPOS="965" ID="ST_427.4.9.7" STYLEREFS="Style_3" VPOS="941" WIDTH="59" WC="0.85" CC="000" TAGREFS=""/>
            <SP HPOS="1024" ID="SP_427.4.9.8" VPOS="930" WIDTH="22"/>
            <String CONTENT="permissible" HEIGHT="45" HPOS="1046" ID="ST_427.4.9.9" STYLEREFS="Style_3" VPOS="930" WIDTH="215" WC="0.84" CC="00000000000" TAGREFS=""/>
            <SP HPOS="1261" ID="SP_427.4.9.10" VPOS="931" WIDTH="22"/>
            <String CONTENT="only" HEIGHT="43" HPOS="1283" ID="ST_427.4.9.11" STYLEREFS="Style_3" VPOS="931" WIDTH="80" WC="0.76" CC="0000" TAGREFS=""/>
          </TextLine>
          <TextLine HEIGHT="44" HPOS="149" ID="TL_427.4.10" VPOS="980" WIDTH="1211">
            <String CONTENT="when" HEIGHT="35" HPOS="149" ID="ST_427.4.10.1" STYLEREFS="Style_3" VPOS="980" WIDTH="99" WC="0.70" CC="0000" TAGREFS=""/>
            <SP HPOS="248" ID="SP_427.4.10.2" VPOS="980" WIDTH="17"/>
            <String CONTENT="authorized" HEIGHT="35" HPOS="265" ID="ST_427.4.10.3" STYLEREFS="Style_3" VPOS="980" WIDTH="201" WC="0.95" CC="0000000000" TAGREFS=""/>
            <SP HPOS="466" ID="SP_427.4.10.4" VPOS="981" WIDTH="17"/>
            <String CONTENT="by" HEIGHT="43" HPOS="483" ID="ST_427.4.10.5" STYLEREFS="Style_3" VPOS="981" WIDTH="45" WC="1.00" CC="00" TAGREFS=""/>
            <SP HPOS="528" ID="SP_427.4.10.6" VPOS="985" WIDTH="15"/>
            <String CONTENT="statute." HEIGHT="30" HPOS="543" ID="ST_427.4.10.7" STYLEREFS="Style_3" VPOS="985" WIDTH="141" WC="0.93" CC="00000000" TAGREFS=""/>
            <SP HPOS="684" ID="SP_427.4.10.8" VPOS="980" WIDTH="16"/>
            <String CONTENT="Russell" HEIGHT="35" HPOS="700" ID="ST_427.4.10.9" STYLEREFS="Style_4" VPOS="980" WIDTH="146" WC="0.96" CC="0000000" TAGREFS=""/>
            <SP HPOS="846" ID="SP_427.4.10.10" VPOS="992" WIDTH="12"/>
            <String CONTENT="v." HEIGHT="23" HPOS="858" ID="ST_427.4.10.11" STYLEREFS="Style_3" VPOS="992" WIDTH="31" WC="1.00" CC="00" TAGREFS=""/>
            <SP HPOS="889" ID="SP_427.4.10.12" VPOS="981" WIDTH="16"/>
            <String CONTENT="State," HEIGHT="40" HPOS="905" ID="ST_427.4.10.13" STYLEREFS="Style_4" VPOS="981" WIDTH="114" WC="0.95" CC="000000" TAGREFS=""/>
            <SP HPOS="1019" ID="SP_427.4.10.14" VPOS="981" WIDTH="17"/>
            <String CONTENT="269" HEIGHT="35" HPOS="1036" ID="ST_427.4.10.15" STYLEREFS="Style_3" VPOS="981" WIDTH="67" WC="1.00" CC="000" TAGREFS=""/>
            <SP HPOS="1103" ID="SP_427.4.10.16" VPOS="980" WIDTH="17"/>
            <String CONTENT="Ark." HEIGHT="36" HPOS="1120" ID="ST_427.4.10.17" STYLEREFS="Style_3" VPOS="980" WIDTH="84" WC="0.92" CC="0000" TAGREFS=""/>
            <SP HPOS="1204" ID="SP_427.4.10.18" VPOS="981" WIDTH="17"/>
            <String CONTENT="44," HEIGHT="41" HPOS="1221" ID="ST_427.4.10.19" STYLEREFS="Style_3" VPOS="981" WIDTH="56" WC="0.93" CC="000" TAGREFS=""/>
            <SP HPOS="1277" ID="SP_427.4.10.20" VPOS="981" WIDTH="18"/>
            <String CONTENT="598" HEIGHT="35" HPOS="1295" ID="ST_427.4.10.21" STYLEREFS="Style_3" VPOS="981" WIDTH="65" WC="0.86" CC="000" TAGREFS=""/>
          </TextLine>
          <TextLine HEIGHT="44" HPOS="150" ID="TL_427.4.11" VPOS="1030" WIDTH="1214">
            <String CONTENT="S.W.2d" HEIGHT="35" HPOS="150" ID="ST_427.4.11.1" STYLEREFS="Style_3" VPOS="1030" WIDTH="144" WC="0.86" CC="000000" TAGREFS=""/>
            <SP HPOS="294" ID="SP_427.4.11.2" VPOS="1031" WIDTH="13"/>
            <String CONTENT="96" HEIGHT="34" HPOS="307" ID="ST_427.4.11.3" STYLEREFS="Style_3" VPOS="1031" WIDTH="44" WC="1.00" CC="00" TAGREFS=""/>
            <SP HPOS="351" ID="SP_427.4.11.4" VPOS="1030" WIDTH="15"/>
            <String CONTENT="(1980)." HEIGHT="43" HPOS="366" ID="ST_427.4.11.5" STYLEREFS="Style_3" VPOS="1030" WIDTH="137" WC="0.72" CC="0000000" TAGREFS=""/>
            <SP HPOS="503" ID="SP_427.4.11.6" VPOS="1031" WIDTH="13"/>
            <String CONTENT="Ark." HEIGHT="34" HPOS="516" ID="ST_427.4.11.7" STYLEREFS="Style_3" VPOS="1031" WIDTH="86" WC="0.85" CC="0000" TAGREFS=""/>
            <SP HPOS="602" ID="SP_427.4.11.8" VPOS="1031" WIDTH="13"/>
            <String CONTENT="Stat." HEIGHT="35" HPOS="615" ID="ST_427.4.11.9" STYLEREFS="Style_3" VPOS="1031" WIDTH="90" WC="0.93" CC="00000" TAGREFS=""/>
            <SP HPOS="705" ID="SP_427.4.11.10" VPOS="1031" WIDTH="13"/>
            <String CONTENT="Ann." HEIGHT="35" HPOS="718" ID="ST_427.4.11.11" STYLEREFS="Style_3" VPOS="1031" WIDTH="92" WC="0.95" CC="0000" TAGREFS=""/>
            <SP HPOS="810" ID="SP_427.4.11.12" VPOS="1031" WIDTH="15"/>
            <String CONTENT="§" HEIGHT="43" HPOS="825" ID="ST_427.4.11.13" STYLEREFS="Style_3" VPOS="1031" WIDTH="18" WC="0.87" CC="0" TAGREFS=""/>
            <SP HPOS="843" ID="SP_427.4.11.14" VPOS="1031" WIDTH="14"/>
            <String CONTENT="43-2036" HEIGHT="35" HPOS="857" ID="ST_427.4.11.15" STYLEREFS="Style_3" VPOS="1031" WIDTH="154" WC="0.82" CC="0000000" TAGREFS=""/>
            <SP HPOS="1011" ID="SP_427.4.11.16" VPOS="1031" WIDTH="14"/>
            <String CONTENT="authorizes" HEIGHT="35" HPOS="1025" ID="ST_427.4.11.17" STYLEREFS="Style_3" VPOS="1031" WIDTH="195" WC="0.97" CC="0000000000" TAGREFS=""/>
            <SP HPOS="1220" ID="SP_427.4.11.18" VPOS="1031" WIDTH="12"/>
            <String CONTENT="the" HEIGHT="35" HPOS="1232" ID="ST_427.4.11.19" STYLEREFS="Style_3" VPOS="1031" WIDTH="59" WC="0.89" CC="000" TAGREFS=""/>
            <SP HPOS="1291" ID="SP_427.4.11.20" VPOS="1042" WIDTH="11"/>
            <String CONTENT="use" HEIGHT="24" HPOS="1302" ID="ST_427.4.11.21" STYLEREFS="Style_3" VPOS="1042" WIDTH="62" WC="0.96" CC="000" TAGREFS=""/>
          </TextLine>
          <TextLine HEIGHT="45" HPOS="150" ID="TL_427.4.12" VPOS="1080" WIDTH="1213">
            <String CONTENT="of" HEIGHT="34" HPOS="150" ID="ST_427.4.12.1" STYLEREFS="Style_3" VPOS="1080" WIDTH="40" WC="1.00" CC="00" TAGREFS=""/>
            <SP HPOS="190" ID="SP_427.4.12.2" VPOS="1080" WIDTH="20"/>
            <String CONTENT="videotaped" HEIGHT="44" HPOS="210" ID="ST_427.4.12.3" STYLEREFS="Style_3" VPOS="1080" WIDTH="204" WC="0.99" CC="0000000000" TAGREFS=""/>
            <SP HPOS="414" ID="SP_427.4.12.4" VPOS="1080" WIDTH="25"/>
            <String CONTENT="depositions" HEIGHT="45" HPOS="439" ID="ST_427.4.12.5" STYLEREFS="Style_3" VPOS="1080" WIDTH="210" WC="0.95" CC="00000000000" TAGREFS=""/>
            <SP HPOS="649" ID="SP_427.4.12.6" VPOS="1081" WIDTH="25"/>
            <String CONTENT="in" HEIGHT="34" HPOS="674" ID="ST_427.4.12.7" STYLEREFS="Style_3" VPOS="1081" WIDTH="34" WC="0.82" CC="00" TAGREFS=""/>
            <SP HPOS="708" ID="SP_427.4.12.8" VPOS="1091" WIDTH="25"/>
            <String CONTENT="cases" HEIGHT="25" HPOS="733" ID="ST_427.4.12.9" STYLEREFS="Style_3" VPOS="1091" WIDTH="96" WC="0.95" CC="00000" TAGREFS=""/>
            <SP HPOS="829" ID="SP_427.4.12.10" VPOS="1081" WIDTH="24"/>
            <String CONTENT="of" HEIGHT="34" HPOS="853" ID="ST_427.4.12.11" STYLEREFS="Style_3" VPOS="1081" WIDTH="39" WC="1.00" CC="00" TAGREFS=""/>
            <SP HPOS="892" ID="SP_427.4.12.12" VPOS="1081" WIDTH="21"/>
            <String CONTENT="sexual" HEIGHT="36" HPOS="913" ID="ST_427.4.12.13" STYLEREFS="Style_3" VPOS="1081" WIDTH="118" WC="0.92" CC="000000" TAGREFS=""/>
            <SP HPOS="1031" ID="SP_427.4.12.14" VPOS="1081" WIDTH="25"/>
            <String CONTENT="offenses" HEIGHT="35" HPOS="1056" ID="ST_427.4.12.15" STYLEREFS="Style_3" VPOS="1081" WIDTH="148" WC="0.80" CC="00000000" TAGREFS=""/>
            <SP HPOS="1204" ID="SP_427.4.12.16" VPOS="1081" WIDTH="24"/>
            <String CONTENT="against" HEIGHT="44" HPOS="1228" ID="ST_427.4.12.17" STYLEREFS="Style_3" VPOS="1081" WIDTH="135" WC="0.98" CC="0000000" TAGREFS=""/>
          </TextLine>
          <TextLine HEIGHT="45" HPOS="150" ID="TL_427.4.13" VPOS="1129" WIDTH="1212">
            <String CONTENT="children," HEIGHT="42" HPOS="150" ID="ST_427.4.13.1" STYLEREFS="Style_3" VPOS="1129" WIDTH="167" WC="0.87" CC="000000000" TAGREFS=""/>
            <SP HPOS="317" ID="SP_427.4.13.2" VPOS="1130" WIDTH="18"/>
            <String CONTENT="undoubtedly" HEIGHT="44" HPOS="335" ID="ST_427.4.13.3" STYLEREFS="Style_3" VPOS="1130" WIDTH="236" WC="0.89" CC="00000000000" TAGREFS=""/>
            <SP HPOS="571" ID="SP_427.4.13.4" VPOS="1131" WIDTH="18"/>
            <String CONTENT="in" HEIGHT="34" HPOS="589" ID="ST_427.4.13.5" STYLEREFS="Style_3" VPOS="1131" WIDTH="34" WC="0.68" CC="00" TAGREFS=""/>
            <SP HPOS="623" ID="SP_427.4.13.6" VPOS="1131" WIDTH="17"/>
            <String CONTENT="recognition" HEIGHT="43" HPOS="640" ID="ST_427.4.13.7" STYLEREFS="Style_3" VPOS="1131" WIDTH="212" WC="0.90" CC="00000000000" TAGREFS=""/>
            <SP HPOS="852" ID="SP_427.4.13.8" VPOS="1131" WIDTH="17"/>
            <String CONTENT="of" HEIGHT="34" HPOS="869" ID="ST_427.4.13.9" STYLEREFS="Style_3" VPOS="1131" WIDTH="39" WC="1.00" CC="00" TAGREFS=""/>
            <SP HPOS="908" ID="SP_427.4.13.10" VPOS="1131" WIDTH="14"/>
            <String CONTENT="the" HEIGHT="35" HPOS="922" ID="ST_427.4.13.11" STYLEREFS="Style_3" VPOS="1131" WIDTH="59" WC="0.77" CC="000" TAGREFS=""/>
            <SP HPOS="981" ID="SP_427.4.13.12" VPOS="1131" WIDTH="17"/>
            <String CONTENT="further" HEIGHT="35" HPOS="998" ID="ST_427.4.13.13" STYLEREFS="Style_3" VPOS="1131" WIDTH="134" WC="0.94" CC="0000000" TAGREFS=""/>
            <SP HPOS="1132" ID="SP_427.4.13.14" VPOS="1136" WIDTH="17"/>
            <String CONTENT="stress" HEIGHT="30" HPOS="1149" ID="ST_427.4.13.15" STYLEREFS="Style_3" VPOS="1136" WIDTH="102" WC="1.00" CC="000000" TAGREFS=""/>
            <SP HPOS="1251" ID="SP_427.4.13.16" VPOS="1131" WIDTH="17"/>
            <String CONTENT="testi­" HEIGHT="37" HPOS="1268" ID="ST_427.4.13.17" STYLEREFS="Style_3" VPOS="1131" WIDTH="94" WC="1.0" CC="000000" TAGREFS=""/>
          </TextLine>
          <TextLine HEIGHT="45" HPOS="151" ID="TL_427.4.14" VPOS="1180" WIDTH="1213">
            <String CONTENT="mony" HEIGHT="33" HPOS="151" ID="ST_427.4.14.1" STYLEREFS="Style_3" VPOS="1190" WIDTH="104" WC="0.61" CC="0000" TAGREFS=""/>
            <SP HPOS="255" ID="SP_427.4.14.2" VPOS="1185" WIDTH="14"/>
            <String CONTENT="at" HEIGHT="29" HPOS="269" ID="ST_427.4.14.3" STYLEREFS="Style_3" VPOS="1185" WIDTH="36" WC="0.80" CC="00" TAGREFS=""/>
            <SP HPOS="305" ID="SP_427.4.14.4" VPOS="1180" WIDTH="12"/>
            <String CONTENT="trial" HEIGHT="34" HPOS="317" ID="ST_427.4.14.5" STYLEREFS="Style_3" VPOS="1180" WIDTH="79" WC="0.73" CC="00000" TAGREFS=""/>
            <SP HPOS="396" ID="SP_427.4.14.6" VPOS="1180" WIDTH="12"/>
            <String CONTENT="might" HEIGHT="43" HPOS="408" ID="ST_427.4.14.7" STYLEREFS="Style_3" VPOS="1180" WIDTH="112" WC="0.68" CC="00000" TAGREFS=""/>
            <SP HPOS="520" ID="SP_427.4.14.8" VPOS="1191" WIDTH="13"/>
            <String CONTENT="cause" HEIGHT="24" HPOS="533" ID="ST_427.4.14.9" STYLEREFS="Style_3" VPOS="1191" WIDTH="105" WC="0.89" CC="00000" TAGREFS=""/>
            <SP HPOS="638" ID="SP_427.4.14.10" VPOS="1181" WIDTH="11"/>
            <String CONTENT="the" HEIGHT="34" HPOS="649" ID="ST_427.4.14.11" STYLEREFS="Style_3" VPOS="1181" WIDTH="60" WC="0.77" CC="000" TAGREFS=""/>
            <SP HPOS="709" ID="SP_427.4.14.12" VPOS="1181" WIDTH="12"/>
            <String CONTENT="child." HEIGHT="34" HPOS="721" ID="ST_427.4.14.13" STYLEREFS="Style_3" VPOS="1181" WIDTH="103" WC="0.85" CC="000000" TAGREFS=""/>
            <SP HPOS="824" ID="SP_427.4.14.14" VPOS="1181" WIDTH="13"/>
            <String CONTENT="In" HEIGHT="33" HPOS="837" ID="ST_427.4.14.15" STYLEREFS="Style_3" VPOS="1181" WIDTH="40" WC="0.79" CC="00" TAGREFS=""/>
            <SP HPOS="877" ID="SP_427.4.14.16" VPOS="1181" WIDTH="12"/>
            <String CONTENT="this" HEIGHT="34" HPOS="889" ID="ST_427.4.14.17" STYLEREFS="Style_3" VPOS="1181" WIDTH="69" WC="0.83" CC="0000" TAGREFS=""/>
            <SP HPOS="958" ID="SP_427.4.14.18" VPOS="1180" WIDTH="13"/>
            <String CONTENT="situation," HEIGHT="42" HPOS="971" ID="ST_427.4.14.19" STYLEREFS="Style_3" VPOS="1180" WIDTH="176" WC="0.95" CC="0000000000" TAGREFS=""/>
            <SP HPOS="1147" ID="SP_427.4.14.20" VPOS="1180" WIDTH="12"/>
            <String CONTENT="videotaped" HEIGHT="45" HPOS="1159" ID="ST_427.4.14.21" STYLEREFS="Style_3" VPOS="1180" WIDTH="205" WC="0.93" CC="0000000000" TAGREFS=""/>
          </TextLine>
          <TextLine HEIGHT="45" HPOS="151" ID="TL_427.4.15" VPOS="1229" WIDTH="1211">
            <String CONTENT="testimony" HEIGHT="44" HPOS="151" ID="ST_427.4.15.1" STYLEREFS="Style_3" VPOS="1229" WIDTH="187" WC="0.97" CC="000000000" TAGREFS=""/>
            <SP HPOS="338" ID="SP_427.4.15.2" VPOS="1230" WIDTH="13"/>
            <String CONTENT="is" HEIGHT="34" HPOS="351" ID="ST_427.4.15.3" STYLEREFS="Style_3" VPOS="1230" WIDTH="27" WC="1.00" CC="00" TAGREFS=""/>
            <SP HPOS="378" ID="SP_427.4.15.4" VPOS="1230" WIDTH="14"/>
            <String CONTENT="useful" HEIGHT="34" HPOS="392" ID="ST_427.4.15.5" STYLEREFS="Style_3" VPOS="1230" WIDTH="112" WC="0.96" CC="000000" TAGREFS=""/>
            <SP HPOS="504" ID="SP_427.4.15.6" VPOS="1229" WIDTH="14"/>
            <String CONTENT="and" HEIGHT="35" HPOS="518" ID="ST_427.4.15.7" STYLEREFS="Style_3" VPOS="1229" WIDTH="69" WC="0.64" CC="000" TAGREFS=""/>
            <SP HPOS="587" ID="SP_427.4.15.8" VPOS="1230" WIDTH="14"/>
            <String CONTENT="does" HEIGHT="35" HPOS="601" ID="ST_427.4.15.9" STYLEREFS="Style_3" VPOS="1230" WIDTH="82" WC="0.96" CC="0000" TAGREFS=""/>
            <SP HPOS="683" ID="SP_427.4.15.10" VPOS="1235" WIDTH="14"/>
            <String CONTENT="not" HEIGHT="29" HPOS="697" ID="ST_427.4.15.11" STYLEREFS="Style_3" VPOS="1235" WIDTH="59" WC="0.91" CC="000" TAGREFS=""/>
            <SP HPOS="756" ID="SP_427.4.15.12" VPOS="1230" WIDTH="13"/>
            <String CONTENT="deprive" HEIGHT="44" HPOS="769" ID="ST_427.4.15.13" STYLEREFS="Style_3" VPOS="1230" WIDTH="138" WC="1.00" CC="0000000" TAGREFS=""/>
            <SP HPOS="907" ID="SP_427.4.15.14" VPOS="1231" WIDTH="13"/>
            <String CONTENT="the" HEIGHT="34" HPOS="920" ID="ST_427.4.15.15" STYLEREFS="Style_3" VPOS="1231" WIDTH="59" WC="0.90" CC="000" TAGREFS=""/>
            <SP HPOS="979" ID="SP_427.4.15.16" VPOS="1230" WIDTH="9"/>
            <String CONTENT="jury" HEIGHT="44" HPOS="988" ID="ST_427.4.15.17" STYLEREFS="Style_3" VPOS="1230" WIDTH="81" WC="0.92" CC="0000" TAGREFS=""/>
            <SP HPOS="1069" ID="SP_427.4.15.18" VPOS="1230" WIDTH="13"/>
            <String CONTENT="of" HEIGHT="35" HPOS="1082" ID="ST_427.4.15.19" STYLEREFS="Style_3" VPOS="1230" WIDTH="40" WC="1.00" CC="00" TAGREFS=""/>
            <SP HPOS="1122" ID="SP_427.4.15.20" VPOS="1230" WIDTH="9"/>
            <String CONTENT="the" HEIGHT="35" HPOS="1131" ID="ST_427.4.15.21" STYLEREFS="Style_3" VPOS="1230" WIDTH="59" WC="1.00" CC="000" TAGREFS=""/>
            <SP HPOS="1190" ID="SP_427.4.15.22" VPOS="1235" WIDTH="12"/>
            <String CONTENT="opportu­" HEIGHT="39" HPOS="1202" ID="ST_427.4.15.23" STYLEREFS="Style_3" VPOS="1235" WIDTH="160" WC="1.0" CC="00000000" TAGREFS=""/>
          </TextLine>
          <TextLine HEIGHT="45" HPOS="151" ID="TL_427.4.16" VPOS="1279" WIDTH="850">
            <String CONTENT="nity" HEIGHT="44" HPOS="151" ID="ST_427.4.16.1" STYLEREFS="Style_3" VPOS="1279" WIDTH="74" WC="0.98" CC="0000" TAGREFS=""/>
            <SP HPOS="225" ID="SP_427.4.16.2" VPOS="1279" WIDTH="20"/>
            <String CONTENT="of" HEIGHT="34" HPOS="245" ID="ST_427.4.16.3" STYLEREFS="Style_3" VPOS="1279" WIDTH="39" WC="1.00" CC="00" TAGREFS=""/>
            <SP HPOS="284" ID="SP_427.4.16.4" VPOS="1279" WIDTH="17"/>
            <String CONTENT="determining" HEIGHT="44" HPOS="301" ID="ST_427.4.16.5" STYLEREFS="Style_3" VPOS="1279" WIDTH="229" WC="0.88" CC="00000000000" TAGREFS=""/>
            <SP HPOS="530" ID="SP_427.4.16.6" VPOS="1279" WIDTH="21"/>
            <String CONTENT="the" HEIGHT="35" HPOS="551" ID="ST_427.4.16.7" STYLEREFS="Style_3" VPOS="1279" WIDTH="60" WC="0.97" CC="000" TAGREFS=""/>
            <SP HPOS="611" ID="SP_427.4.16.8" VPOS="1279" WIDTH="18"/>
            <String CONTENT="victim’s" HEIGHT="35" HPOS="629" ID="ST_427.4.16.9" STYLEREFS="Style_3" VPOS="1279" WIDTH="148" WC="0.96" CC="00000000" TAGREFS=""/>
            <SP HPOS="777" ID="SP_427.4.16.10" VPOS="1279" WIDTH="20"/>
            <String CONTENT="credibility." HEIGHT="45" HPOS="797" ID="ST_427.4.16.11" STYLEREFS="Style_3" VPOS="1279" WIDTH="204" WC="0.91" CC="000000000000" TAGREFS=""/>
          </TextLine>
        </TextBlock>
        <TextBlock HEIGHT="892.0" HPOS="151.0" ID="BL_427.5" TAGREFS="b427-7" VPOS="1364.0" WIDTH="1218.0">
          <TextLine HEIGHT="44" HPOS="244" ID="TL_427.5.1" VPOS="1364" WIDTH="1122">
            <String CONTENT="3." HEIGHT="34" HPOS="339" ID="ST_427.5.1.3" STYLEREFS="Style_3" VPOS="1366" WIDTH="29" WC="0.81" CC="00" TAGREFS=""/>
            <SP HPOS="368" ID="SP_427.5.1.4" VPOS="1366" WIDTH="37"/>
            <String CONTENT="THE" HEIGHT="33" HPOS="405" ID="ST_427.5.1.5" STYLEREFS="Style_3" VPOS="1366" WIDTH="97" WC="0.84" CC="000" TAGREFS=""/>
            <SP HPOS="502" ID="SP_427.5.1.6" VPOS="1365" WIDTH="36"/>
            <String CONTENT="STATUTE" HEIGHT="35" HPOS="538" ID="ST_427.5.1.7" STYLEREFS="Style_3" VPOS="1365" WIDTH="220" WC="1.00" CC="0000000" TAGREFS=""/>
            <SP HPOS="758" ID="SP_427.5.1.8" VPOS="1365" WIDTH="36"/>
            <String CONTENT="DENIED" HEIGHT="35" HPOS="794" ID="ST_427.5.1.9" STYLEREFS="Style_3" VPOS="1365" WIDTH="184" WC="0.74" CC="000000" TAGREFS=""/>
            <SP HPOS="978" ID="SP_427.5.1.10" VPOS="1366" WIDTH="38"/>
            <String CONTENT="McGUIRE" HEIGHT="34" HPOS="1016" ID="ST_427.5.1.11" STYLEREFS="Style_3" VPOS="1366" WIDTH="218" WC="0.91" CC="0000000" TAGREFS=""/>
            <SP HPOS="1234" ID="SP_427.5.1.12" VPOS="1366" WIDTH="35"/>
            <String CONTENT="THE" HEIGHT="34" HPOS="1269" ID="ST_427.5.1.13" STYLEREFS="Style_3" VPOS="1366" WIDTH="97" WC="1.00" CC="000" TAGREFS=""/>
          </TextLine>
          <TextLine HEIGHT="36" HPOS="152" ID="TL_427.5.2" VPOS="1414" WIDTH="1212">
            <String CONTENT="RIGHT" HEIGHT="35" HPOS="152" ID="ST_427.5.2.1" STYLEREFS="Style_3" VPOS="1414" WIDTH="155" WC="0.82" CC="00000" TAGREFS=""/>
            <SP HPOS="307" ID="SP_427.5.2.2" VPOS="1415" WIDTH="12"/>
            <String CONTENT="TO" HEIGHT="34" HPOS="319" ID="ST_427.5.2.3" STYLEREFS="Style_3" VPOS="1415" WIDTH="63" WC="0.84" CC="00" TAGREFS=""/>
            <SP HPOS="382" ID="SP_427.5.2.4" VPOS="1414" WIDTH="13"/>
            <String CONTENT="CONFRONT" HEIGHT="35" HPOS="395" ID="ST_427.5.2.5" STYLEREFS="Style_3" VPOS="1414" WIDTH="272" WC="0.98" CC="00000000" TAGREFS=""/>
            <SP HPOS="667" ID="SP_427.5.2.6" VPOS="1415" WIDTH="12"/>
            <String CONTENT="HIS" HEIGHT="35" HPOS="679" ID="ST_427.5.2.7" STYLEREFS="Style_3" VPOS="1415" WIDTH="80" WC="0.98" CC="000" TAGREFS=""/>
            <SP HPOS="759" ID="SP_427.5.2.8" VPOS="1414" WIDTH="13"/>
            <String CONTENT="ACCUSER" HEIGHT="36" HPOS="772" ID="ST_427.5.2.9" STYLEREFS="Style_3" VPOS="1414" WIDTH="228" WC="0.96" CC="0000000" TAGREFS=""/>
            <SP HPOS="1000" ID="SP_427.5.2.10" VPOS="1415" WIDTH="12"/>
            <String CONTENT="OR" HEIGHT="34" HPOS="1012" ID="ST_427.5.2.11" STYLEREFS="Style_3" VPOS="1415" WIDTH="68" WC="1.00" CC="00" TAGREFS=""/>
            <SP HPOS="1080" ID="SP_427.5.2.12" VPOS="1415" WIDTH="12"/>
            <String CONTENT="WITNESSES" HEIGHT="35" HPOS="1092" ID="ST_427.5.2.13" STYLEREFS="Style_3" VPOS="1415" WIDTH="272" WC="0.99" CC="000000000" TAGREFS=""/>
          </TextLine>
          <TextLine HEIGHT="36" HPOS="151" ID="TL_427.5.3" VPOS="1464" WIDTH="1213">
            <String CONTENT="AGAINST" HEIGHT="35" HPOS="151" ID="ST_427.5.3.1" STYLEREFS="Style_3" VPOS="1464" WIDTH="220" WC="0.98" CC="0000000" TAGREFS=""/>
            <SP HPOS="371" ID="SP_427.5.3.2" VPOS="1465" WIDTH="13"/>
            <String CONTENT="HIM." HEIGHT="34" HPOS="384" ID="ST_427.5.3.3" STYLEREFS="Style_3" VPOS="1465" WIDTH="107" WC="0.84" CC="0000" TAGREFS=""/>
            <SP HPOS="491" ID="SP_427.5.3.4" VPOS="1465" WIDTH="14"/>
            <String CONTENT="Our" HEIGHT="34" HPOS="505" ID="ST_427.5.3.5" STYLEREFS="Style_3" VPOS="1465" WIDTH="76" WC="0.91" CC="000" TAGREFS=""/>
            <SP HPOS="581" ID="SP_427.5.3.6" VPOS="1469" WIDTH="12"/>
            <String CONTENT="statute" HEIGHT="31" HPOS="593" ID="ST_427.5.3.7" STYLEREFS="Style_3" VPOS="1469" WIDTH="131" WC="0.95" CC="0000000" TAGREFS=""/>
            <SP HPOS="724" ID="SP_427.5.3.8" VPOS="1464" WIDTH="11"/>
            <String CONTENT="does" HEIGHT="35" HPOS="735" ID="ST_427.5.3.9" STYLEREFS="Style_3" VPOS="1464" WIDTH="82" WC="1.00" CC="0000" TAGREFS=""/>
            <SP HPOS="817" ID="SP_427.5.3.10" VPOS="1470" WIDTH="12"/>
            <String CONTENT="not" HEIGHT="29" HPOS="829" ID="ST_427.5.3.11" STYLEREFS="Style_3" VPOS="1470" WIDTH="60" WC="0.83" CC="000" TAGREFS=""/>
            <SP HPOS="889" ID="SP_427.5.3.12" VPOS="1465" WIDTH="11"/>
            <String CONTENT="violate" HEIGHT="35" HPOS="900" ID="ST_427.5.3.13" STYLEREFS="Style_3" VPOS="1465" WIDTH="127" WC="1.00" CC="0000000" TAGREFS=""/>
            <SP HPOS="1027" ID="SP_427.5.3.14" VPOS="1465" WIDTH="12"/>
            <String CONTENT="the" HEIGHT="34" HPOS="1039" ID="ST_427.5.3.15" STYLEREFS="Style_3" VPOS="1465" WIDTH="59" WC="0.96" CC="000" TAGREFS=""/>
            <SP HPOS="1098" ID="SP_427.5.3.16" VPOS="1464" WIDTH="11"/>
            <String CONTENT="confrontation" HEIGHT="36" HPOS="1109" ID="ST_427.5.3.17" STYLEREFS="Style_3" VPOS="1464" WIDTH="255" WC="0.85" CC="0000000000000" TAGREFS=""/>
          </TextLine>
          <TextLine HEIGHT="44" HPOS="152" ID="TL_427.5.4" VPOS="1514" WIDTH="1214">
            <String CONTENT="clause" HEIGHT="35" HPOS="152" ID="ST_427.5.4.1" STYLEREFS="Style_3" VPOS="1514" WIDTH="118" WC="0.94" CC="000000" TAGREFS=""/>
            <SP HPOS="270" ID="SP_427.5.4.2" VPOS="1514" WIDTH="8"/>
            <String CONTENT="which" HEIGHT="35" HPOS="278" ID="ST_427.5.4.3" STYLEREFS="Style_3" VPOS="1514" WIDTH="112" WC="0.77" CC="00000" TAGREFS=""/>
            <SP HPOS="390" ID="SP_427.5.4.4" VPOS="1514" WIDTH="9"/>
            <String CONTENT="is" HEIGHT="34" HPOS="399" ID="ST_427.5.4.5" STYLEREFS="Style_3" VPOS="1514" WIDTH="27" WC="1.00" CC="00" TAGREFS=""/>
            <SP HPOS="426" ID="SP_427.5.4.6" VPOS="1514" WIDTH="9"/>
            <String CONTENT="generally" HEIGHT="44" HPOS="435" ID="ST_427.5.4.7" STYLEREFS="Style_3" VPOS="1514" WIDTH="176" WC="0.90" CC="000000000" TAGREFS=""/>
            <SP HPOS="611" ID="SP_427.5.4.8" VPOS="1514" WIDTH="9"/>
            <String CONTENT="interpreted" HEIGHT="44" HPOS="620" ID="ST_427.5.4.9" STYLEREFS="Style_3" VPOS="1514" WIDTH="210" WC="0.94" CC="00000000000" TAGREFS=""/>
            <SP HPOS="830" ID="SP_427.5.4.10" VPOS="1525" WIDTH="9"/>
            <String CONTENT="as" HEIGHT="24" HPOS="839" ID="ST_427.5.4.11" STYLEREFS="Style_3" VPOS="1525" WIDTH="38" WC="1.00" CC="00" TAGREFS=""/>
            <SP HPOS="877" ID="SP_427.5.4.12" VPOS="1515" WIDTH="8"/>
            <String CONTENT="the" HEIGHT="34" HPOS="885" ID="ST_427.5.4.13" STYLEREFS="Style_3" VPOS="1515" WIDTH="60" WC="0.84" CC="000" TAGREFS=""/>
            <SP HPOS="945" ID="SP_427.5.4.14" VPOS="1515" WIDTH="8"/>
            <String CONTENT="right" HEIGHT="43" HPOS="953" ID="ST_427.5.4.15" STYLEREFS="Style_3" VPOS="1515" WIDTH="92" WC="0.98" CC="00000" TAGREFS=""/>
            <SP HPOS="1045" ID="SP_427.5.4.16" VPOS="1520" WIDTH="8"/>
            <String CONTENT="to" HEIGHT="29" HPOS="1053" ID="ST_427.5.4.17" STYLEREFS="Style_3" VPOS="1520" WIDTH="36" WC="1.00" CC="00" TAGREFS=""/>
            <SP HPOS="1089" ID="SP_427.5.4.18" VPOS="1514" WIDTH="8"/>
            <String CONTENT="cross-examine" HEIGHT="36" HPOS="1097" ID="ST_427.5.4.19" STYLEREFS="Style_3" VPOS="1514" WIDTH="269" WC="0.82" CC="0000000000000" TAGREFS=""/>
          </TextLine>
          <TextLine HEIGHT="45" HPOS="152" ID="TL_427.5.5" VPOS="1563" WIDTH="1212">
            <String CONTENT="a" HEIGHT="24" HPOS="152" ID="ST_427.5.5.1" STYLEREFS="Style_3" VPOS="1574" WIDTH="20" WC="1.00" CC="0" TAGREFS=""/>
            <SP HPOS="172" ID="SP_427.5.5.2" VPOS="1563" WIDTH="23"/>
            <String CONTENT="witness." HEIGHT="35" HPOS="195" ID="ST_427.5.5.3" STYLEREFS="Style_3" VPOS="1563" WIDTH="148" WC="0.93" CC="00000000" TAGREFS=""/>
            <SP HPOS="343" ID="SP_427.5.5.4" VPOS="1563" WIDTH="27"/>
            <String CONTENT="Ohio" HEIGHT="35" HPOS="370" ID="ST_427.5.5.5" STYLEREFS="Style_4" VPOS="1563" WIDTH="91" WC="1.00" CC="0000" TAGREFS=""/>
            <SP HPOS="461" ID="SP_427.5.5.6" VPOS="1575" WIDTH="21"/>
            <String CONTENT="v." HEIGHT="23" HPOS="482" ID="ST_427.5.5.7" STYLEREFS="Style_3" VPOS="1575" WIDTH="30" WC="0.97" CC="00" TAGREFS=""/>
            <SP HPOS="512" ID="SP_427.5.5.8" VPOS="1564" WIDTH="23"/>
            <String CONTENT="Roberts," HEIGHT="40" HPOS="535" ID="ST_427.5.5.9" STYLEREFS="Style_4" VPOS="1564" WIDTH="164" WC="0.92" CC="00000000" TAGREFS=""/>
            <SP HPOS="699" ID="SP_427.5.5.10" VPOS="1565" WIDTH="24"/>
            <String CONTENT="448" HEIGHT="33" HPOS="723" ID="ST_427.5.5.11" STYLEREFS="Style_3" VPOS="1565" WIDTH="67" WC="0.95" CC="000" TAGREFS=""/>
            <SP HPOS="790" ID="SP_427.5.5.12" VPOS="1564" WIDTH="24"/>
            <String CONTENT="U.S." HEIGHT="35" HPOS="814" ID="ST_427.5.5.13" STYLEREFS="Style_3" VPOS="1564" WIDTH="83" WC="1.00" CC="0000" TAGREFS=""/>
            <SP HPOS="897" ID="SP_427.5.5.14" VPOS="1565" WIDTH="26"/>
            <String CONTENT="56" HEIGHT="34" HPOS="923" ID="ST_427.5.5.15" STYLEREFS="Style_3" VPOS="1565" WIDTH="43" WC="1.00" CC="00" TAGREFS=""/>
            <SP HPOS="966" ID="SP_427.5.5.16" VPOS="1564" WIDTH="26"/>
            <String CONTENT="(1980);" HEIGHT="43" HPOS="992" ID="ST_427.5.5.17" STYLEREFS="Style_3" VPOS="1564" WIDTH="138" WC="0.92" CC="0000000" TAGREFS=""/>
            <SP HPOS="1130" ID="SP_427.5.5.18" VPOS="1564" WIDTH="22"/>
            <String CONTENT="Douglas" HEIGHT="44" HPOS="1152" ID="ST_427.5.5.19" STYLEREFS="Style_4" VPOS="1564" WIDTH="161" WC="0.96" CC="0000000" TAGREFS=""/>
            <SP HPOS="1313" ID="SP_427.5.5.20" VPOS="1575" WIDTH="20"/>
            <String CONTENT="v." HEIGHT="23" HPOS="1333" ID="ST_427.5.5.21" STYLEREFS="Style_3" VPOS="1575" WIDTH="31" WC="1.00" CC="00" TAGREFS=""/>
          </TextLine>
          <TextLine HEIGHT="45" HPOS="151" ID="TL_427.5.6" VPOS="1612" WIDTH="1214">
            <String CONTENT="Alabama," HEIGHT="42" HPOS="151" ID="ST_427.5.6.1" STYLEREFS="Style_4" VPOS="1612" WIDTH="190" WC="0.95" CC="00000000" TAGREFS=""/>
            <SP HPOS="341" ID="SP_427.5.6.2" VPOS="1614" WIDTH="16"/>
            <String CONTENT="380" HEIGHT="33" HPOS="357" ID="ST_427.5.6.3" STYLEREFS="Style_3" VPOS="1614" WIDTH="66" WC="0.75" CC="000" TAGREFS=""/>
            <SP HPOS="423" ID="SP_427.5.6.4" VPOS="1614" WIDTH="14"/>
            <String CONTENT="U.S." HEIGHT="34" HPOS="437" ID="ST_427.5.6.5" STYLEREFS="Style_3" VPOS="1614" WIDTH="84" WC="0.94" CC="0000" TAGREFS=""/>
            <SP HPOS="521" ID="SP_427.5.6.6" VPOS="1614" WIDTH="15"/>
            <String CONTENT="415" HEIGHT="33" HPOS="536" ID="ST_427.5.6.7" STYLEREFS="Style_3" VPOS="1614" WIDTH="67" WC="0.99" CC="000" TAGREFS=""/>
            <SP HPOS="603" ID="SP_427.5.6.8" VPOS="1613" WIDTH="17"/>
            <String CONTENT="(1965)." HEIGHT="43" HPOS="620" ID="ST_427.5.6.9" STYLEREFS="Style_3" VPOS="1613" WIDTH="138" WC="0.99" CC="0000000" TAGREFS=""/>
            <SP HPOS="758" ID="SP_427.5.6.10" VPOS="1613" WIDTH="15"/>
            <String CONTENT="Some" HEIGHT="35" HPOS="773" ID="ST_427.5.6.11" STYLEREFS="Style_3" VPOS="1613" WIDTH="105" WC="0.84" CC="0000" TAGREFS=""/>
            <SP HPOS="878" ID="SP_427.5.6.12" VPOS="1619" WIDTH="12"/>
            <String CONTENT="states" HEIGHT="29" HPOS="890" ID="ST_427.5.6.13" STYLEREFS="Style_3" VPOS="1619" WIDTH="107" WC="0.90" CC="000000" TAGREFS=""/>
            <SP HPOS="997" ID="SP_427.5.6.14" VPOS="1613" WIDTH="13"/>
            <String CONTENT="have" HEIGHT="35" HPOS="1010" ID="ST_427.5.6.15" STYLEREFS="Style_3" VPOS="1613" WIDTH="88" WC="0.93" CC="0000" TAGREFS=""/>
            <SP HPOS="1098" ID="SP_427.5.6.16" VPOS="1613" WIDTH="13"/>
            <String CONTENT="had" HEIGHT="37" HPOS="1111" ID="ST_427.5.6.17" STYLEREFS="Style_3" VPOS="1613" WIDTH="69" WC="0.66" CC="000" TAGREFS=""/>
            <SP HPOS="1180" ID="SP_427.5.6.18" VPOS="1614" WIDTH="13"/>
            <String CONTENT="problems" HEIGHT="43" HPOS="1193" ID="ST_427.5.6.19" STYLEREFS="Style_3" VPOS="1614" WIDTH="172" WC="0.90" CC="00000000" TAGREFS=""/>
          </TextLine>
          <TextLine HEIGHT="45" HPOS="152" ID="TL_427.5.7" VPOS="1662" WIDTH="1214">
            <String CONTENT="with" HEIGHT="35" HPOS="152" ID="ST_427.5.7.1" STYLEREFS="Style_3" VPOS="1662" WIDTH="83" WC="0.76" CC="0000" TAGREFS=""/>
            <SP HPOS="235" ID="SP_427.5.7.2" VPOS="1667" WIDTH="11"/>
            <String CONTENT="statutes" HEIGHT="30" HPOS="246" ID="ST_427.5.7.3" STYLEREFS="Style_3" VPOS="1667" WIDTH="146" WC="1.00" CC="00000000" TAGREFS=""/>
            <SP HPOS="392" ID="SP_427.5.7.4" VPOS="1673" WIDTH="11"/>
            <String CONTENT="or" HEIGHT="23" HPOS="403" ID="ST_427.5.7.5" STYLEREFS="Style_3" VPOS="1673" WIDTH="37" WC="1.00" CC="00" TAGREFS=""/>
            <SP HPOS="440" ID="SP_427.5.7.6" VPOS="1663" WIDTH="10"/>
            <String CONTENT="situations" HEIGHT="34" HPOS="450" ID="ST_427.5.7.7" STYLEREFS="Style_3" VPOS="1663" WIDTH="182" WC="0.87" CC="0000000000" TAGREFS=""/>
            <SP HPOS="632" ID="SP_427.5.7.8" VPOS="1662" WIDTH="11"/>
            <String CONTENT="where" HEIGHT="35" HPOS="643" ID="ST_427.5.7.9" STYLEREFS="Style_3" VPOS="1662" WIDTH="114" WC="0.83" CC="00000" TAGREFS=""/>
            <SP HPOS="757" ID="SP_427.5.7.10" VPOS="1663" WIDTH="10"/>
            <String CONTENT="the" HEIGHT="35" HPOS="767" ID="ST_427.5.7.11" STYLEREFS="Style_3" VPOS="1663" WIDTH="59" WC="0.92" CC="000" TAGREFS=""/>
            <SP HPOS="826" ID="SP_427.5.7.12" VPOS="1662" WIDTH="9"/>
            <String CONTENT="defendant" HEIGHT="36" HPOS="835" ID="ST_427.5.7.13" STYLEREFS="Style_3" VPOS="1662" WIDTH="190" WC="0.96" CC="000000000" TAGREFS=""/>
            <SP HPOS="1025" ID="SP_427.5.7.14" VPOS="1674" WIDTH="9"/>
            <String CONTENT="was" HEIGHT="24" HPOS="1034" ID="ST_427.5.7.15" STYLEREFS="Style_3" VPOS="1674" WIDTH="70" WC="0.93" CC="000" TAGREFS=""/>
            <SP HPOS="1104" ID="SP_427.5.7.16" VPOS="1668" WIDTH="10"/>
            <String CONTENT="not" HEIGHT="30" HPOS="1114" ID="ST_427.5.7.17" STYLEREFS="Style_3" VPOS="1668" WIDTH="59" WC="0.61" CC="000" TAGREFS=""/>
            <SP HPOS="1173" ID="SP_427.5.7.18" VPOS="1668" WIDTH="11"/>
            <String CONTENT="present" HEIGHT="39" HPOS="1184" ID="ST_427.5.7.19" STYLEREFS="Style_3" VPOS="1668" WIDTH="136" WC="0.88" CC="0000000" TAGREFS=""/>
            <SP HPOS="1320" ID="SP_427.5.7.20" VPOS="1669" WIDTH="9"/>
            <String CONTENT="at" HEIGHT="29" HPOS="1329" ID="ST_427.5.7.21" STYLEREFS="Style_3" VPOS="1669" WIDTH="37" WC="1.00" CC="00" TAGREFS=""/>
          </TextLine>
          <TextLine HEIGHT="46" HPOS="152" ID="TL_427.5.8" VPOS="1711" WIDTH="1213">
            <String CONTENT="the" HEIGHT="36" HPOS="152" ID="ST_427.5.8.1" STYLEREFS="Style_3" VPOS="1712" WIDTH="60" WC="0.71" CC="000" TAGREFS=""/>
            <SP HPOS="212" ID="SP_427.5.8.2" VPOS="1711" WIDTH="9"/>
            <String CONTENT="deposition" HEIGHT="45" HPOS="221" ID="ST_427.5.8.3" STYLEREFS="Style_3" VPOS="1711" WIDTH="192" WC="0.94" CC="0000000000" TAGREFS=""/>
            <SP HPOS="413" ID="SP_427.5.8.4" VPOS="1712" WIDTH="10"/>
            <String CONTENT="for" HEIGHT="35" HPOS="423" ID="ST_427.5.8.5" STYLEREFS="Style_3" VPOS="1712" WIDTH="53" WC="1.00" CC="000" TAGREFS=""/>
            <SP HPOS="476" ID="SP_427.5.8.6" VPOS="1724" WIDTH="10"/>
            <String CONTENT="a" HEIGHT="23" HPOS="486" ID="ST_427.5.8.7" STYLEREFS="Style_3" VPOS="1724" WIDTH="20" WC="1.00" CC="0" TAGREFS=""/>
            <SP HPOS="506" ID="SP_427.5.8.8" VPOS="1712" WIDTH="10"/>
            <String CONTENT="face-to-face" HEIGHT="35" HPOS="516" ID="ST_427.5.8.9" STYLEREFS="Style_3" VPOS="1712" WIDTH="227" WC="0.98" CC="000000000000" TAGREFS=""/>
            <SP HPOS="743" ID="SP_427.5.8.10" VPOS="1713" WIDTH="9"/>
            <String CONTENT="confrontation." HEIGHT="35" HPOS="752" ID="ST_427.5.8.11" STYLEREFS="Style_3" VPOS="1713" WIDTH="267" WC="0.84" CC="00000000000000" TAGREFS=""/>
            <SP HPOS="1019" ID="SP_427.5.8.12" VPOS="1714" WIDTH="10"/>
            <String CONTENT="Long v." HEIGHT="43" HPOS="1029" ID="ST_427.5.8.13" STYLEREFS="Style_4" VPOS="1714" WIDTH="135" WC="1.0" CC="0000000" TAGREFS=""/>
            <SP HPOS="1164" ID="SP_427.5.8.14" VPOS="1713" WIDTH="10"/>
            <String CONTENT="State," HEIGHT="42" HPOS="1174" ID="ST_427.5.8.15" STYLEREFS="Style_4" VPOS="1713" WIDTH="112" WC="0.92" CC="000000" TAGREFS=""/>
            <SP HPOS="1286" ID="SP_427.5.8.16" VPOS="1714" WIDTH="11"/>
            <String CONTENT="694" HEIGHT="34" HPOS="1297" ID="ST_427.5.8.17" STYLEREFS="Style_3" VPOS="1714" WIDTH="68" WC="1.00" CC="000" TAGREFS=""/>
          </TextLine>
          <TextLine HEIGHT="45" HPOS="152" ID="TL_427.5.9" VPOS="1762" WIDTH="1213">
            <String CONTENT="S.W.2d" HEIGHT="35" HPOS="152" ID="ST_427.5.9.1" STYLEREFS="Style_3" VPOS="1762" WIDTH="144" WC="0.98" CC="000990" TAGREFS=""/>
            <SP HPOS="296" ID="SP_427.5.9.2" VPOS="1763" WIDTH="28"/>
            <String CONTENT="185" HEIGHT="34" HPOS="324" ID="ST_427.5.9.3" STYLEREFS="Style_3" VPOS="1763" WIDTH="62" WC="0.85" CC="000" TAGREFS=""/>
            <SP HPOS="386" ID="SP_427.5.9.4" VPOS="1762" WIDTH="28"/>
            <String CONTENT="(Tex." HEIGHT="43" HPOS="414" ID="ST_427.5.9.5" STYLEREFS="Style_3" VPOS="1762" WIDTH="97" WC="0.93" CC="00000" TAGREFS=""/>
            <SP HPOS="511" ID="SP_427.5.9.6" VPOS="1763" WIDTH="25"/>
            <String CONTENT="App." HEIGHT="44" HPOS="536" ID="ST_427.5.9.7" STYLEREFS="Style_3" VPOS="1763" WIDTH="91" WC="1.00" CC="0000" TAGREFS=""/>
            <SP HPOS="627" ID="SP_427.5.9.8" VPOS="1764" WIDTH="27"/>
            <String CONTENT="5" HEIGHT="34" HPOS="654" ID="ST_427.5.9.9" STYLEREFS="Style_3" VPOS="1764" WIDTH="18" WC="0.76" CC="0" TAGREFS=""/>
            <SP HPOS="672" ID="SP_427.5.9.10" VPOS="1762" WIDTH="25"/>
            <String CONTENT="Dist." HEIGHT="36" HPOS="697" ID="ST_427.5.9.11" STYLEREFS="Style_3" VPOS="1762" WIDTH="88" WC="0.82" CC="00000" TAGREFS=""/>
            <SP HPOS="785" ID="SP_427.5.9.12" VPOS="1763" WIDTH="30"/>
            <String CONTENT="1985);" HEIGHT="43" HPOS="815" ID="ST_427.5.9.13" STYLEREFS="Style_3" VPOS="1763" WIDTH="117" WC="0.93" CC="000000" TAGREFS=""/>
            <SP HPOS="932" ID="SP_427.5.9.14" VPOS="1763" WIDTH="22"/>
            <String CONTENT="Powell" HEIGHT="35" HPOS="954" ID="ST_427.5.9.15" STYLEREFS="Style_4" VPOS="1763" WIDTH="133" WC="0.72" CC="000000" TAGREFS=""/>
            <SP HPOS="1087" ID="SP_427.5.9.16" VPOS="1775" WIDTH="20"/>
            <String CONTENT="v." HEIGHT="23" HPOS="1107" ID="ST_427.5.9.17" STYLEREFS="Style_3" VPOS="1775" WIDTH="30" WC="0.66" CC="00" TAGREFS=""/>
            <SP HPOS="1137" ID="SP_427.5.9.18" VPOS="1763" WIDTH="23"/>
            <String CONTENT="State," HEIGHT="42" HPOS="1160" ID="ST_427.5.9.19" STYLEREFS="Style_4" VPOS="1763" WIDTH="112" WC="0.86" CC="000000" TAGREFS=""/>
            <SP HPOS="1272" ID="SP_427.5.9.20" VPOS="1764" WIDTH="25"/>
            <String CONTENT="694" HEIGHT="34" HPOS="1297" ID="ST_427.5.9.21" STYLEREFS="Style_3" VPOS="1764" WIDTH="68" WC="0.97" CC="000" TAGREFS=""/>
          </TextLine>
          <TextLine HEIGHT="45" HPOS="153" ID="TL_427.5.10" VPOS="1812" WIDTH="1212">
            <String CONTENT="S.W.2d" HEIGHT="35" HPOS="153" ID="ST_427.5.10.1" STYLEREFS="Style_3" VPOS="1812" WIDTH="144" WC="0.95" CC="000000" TAGREFS=""/>
            <SP HPOS="297" ID="SP_427.5.10.2" VPOS="1813" WIDTH="13"/>
            <String CONTENT="416" HEIGHT="35" HPOS="310" ID="ST_427.5.10.3" STYLEREFS="Style_3" VPOS="1813" WIDTH="68" WC="0.98" CC="000" TAGREFS=""/>
            <SP HPOS="378" ID="SP_427.5.10.4" VPOS="1812" WIDTH="16"/>
            <String CONTENT="(Tex." HEIGHT="43" HPOS="394" ID="ST_427.5.10.5" STYLEREFS="Style_3" VPOS="1812" WIDTH="97" WC="0.95" CC="00000" TAGREFS=""/>
            <SP HPOS="491" ID="SP_427.5.10.6" VPOS="1814" WIDTH="13"/>
            <String CONTENT="App." HEIGHT="43" HPOS="504" ID="ST_427.5.10.7" STYLEREFS="Style_3" VPOS="1814" WIDTH="92" WC="1.00" CC="0000" TAGREFS=""/>
            <SP HPOS="596" ID="SP_427.5.10.8" VPOS="1815" WIDTH="16"/>
            <String CONTENT="5" HEIGHT="33" HPOS="612" ID="ST_427.5.10.9" STYLEREFS="Style_3" VPOS="1815" WIDTH="18" WC="1.00" CC="0" TAGREFS=""/>
            <SP HPOS="630" ID="SP_427.5.10.10" VPOS="1813" WIDTH="15"/>
            <String CONTENT="Dist." HEIGHT="35" HPOS="645" ID="ST_427.5.10.11" STYLEREFS="Style_3" VPOS="1813" WIDTH="89" WC="0.91" CC="00000" TAGREFS=""/>
            <SP HPOS="734" ID="SP_427.5.10.12" VPOS="1813" WIDTH="19"/>
            <String CONTENT="1985);" HEIGHT="43" HPOS="753" ID="ST_427.5.10.13" STYLEREFS="Style_3" VPOS="1813" WIDTH="116" WC="0.94" CC="000000" TAGREFS=""/>
            <SP HPOS="869" ID="SP_427.5.10.14" VPOS="1813" WIDTH="16"/>
            <String CONTENT="United" HEIGHT="36" HPOS="885" ID="ST_427.5.10.15" STYLEREFS="Style_4" VPOS="1813" WIDTH="128" WC="1.00" CC="000000" TAGREFS=""/>
            <SP HPOS="1013" ID="SP_427.5.10.16" VPOS="1814" WIDTH="9"/>
            <String CONTENT="States" HEIGHT="35" HPOS="1022" ID="ST_427.5.10.17" STYLEREFS="Style_4" VPOS="1814" WIDTH="122" WC="0.89" CC="000000" TAGREFS=""/>
            <SP HPOS="1144" ID="SP_427.5.10.18" VPOS="1825" WIDTH="10"/>
            <String CONTENT="v." HEIGHT="23" HPOS="1154" ID="ST_427.5.10.19" STYLEREFS="Style_3" VPOS="1825" WIDTH="31" WC="1.00" CC="00" TAGREFS=""/>
            <SP HPOS="1185" ID="SP_427.5.10.20" VPOS="1813" WIDTH="13"/>
            <String CONTENT="Benfield," HEIGHT="44" HPOS="1198" ID="ST_427.5.10.21" STYLEREFS="Style_4" VPOS="1813" WIDTH="167" WC="0.82" CC="000000000" TAGREFS=""/>
          </TextLine>
          <TextLine HEIGHT="45" HPOS="154" ID="TL_427.5.11" VPOS="1862" WIDTH="1213">
            <String CONTENT="593" HEIGHT="33" HPOS="154" ID="ST_427.5.11.1" STYLEREFS="Style_3" VPOS="1864" WIDTH="66" WC="1.00" CC="000" TAGREFS=""/>
            <SP HPOS="220" ID="SP_427.5.11.2" VPOS="1863" WIDTH="19"/>
            <String CONTENT="F.2d" HEIGHT="34" HPOS="239" ID="ST_427.5.11.3" STYLEREFS="Style_3" VPOS="1863" WIDTH="85" WC="1.00" CC="0000" TAGREFS=""/>
            <SP HPOS="324" ID="SP_427.5.11.4" VPOS="1864" WIDTH="16"/>
            <String CONTENT="815" HEIGHT="33" HPOS="340" ID="ST_427.5.11.5" STYLEREFS="Style_3" VPOS="1864" WIDTH="65" WC="0.83" CC="000" TAGREFS=""/>
            <SP HPOS="405" ID="SP_427.5.11.6" VPOS="1863" WIDTH="19"/>
            <String CONTENT="(8th" HEIGHT="42" HPOS="424" ID="ST_427.5.11.7" STYLEREFS="Style_3" VPOS="1863" WIDTH="77" WC="0.83" CC="0000" TAGREFS=""/>
            <SP HPOS="501" ID="SP_427.5.11.8" VPOS="1863" WIDTH="15"/>
            <String CONTENT="Cir." HEIGHT="35" HPOS="516" ID="ST_427.5.11.9" STYLEREFS="Style_3" VPOS="1863" WIDTH="71" WC="0.86" CC="0000" TAGREFS=""/>
            <SP HPOS="587" ID="SP_427.5.11.10" VPOS="1862" WIDTH="21"/>
            <String CONTENT="1979)." HEIGHT="43" HPOS="608" ID="ST_427.5.11.11" STYLEREFS="Style_3" VPOS="1862" WIDTH="118" WC="1.00" CC="000000" TAGREFS=""/>
            <SP HPOS="726" ID="SP_427.5.11.12" VPOS="1863" WIDTH="16"/>
            <String CONTENT="Our" HEIGHT="35" HPOS="742" ID="ST_427.5.11.13" STYLEREFS="Style_3" VPOS="1863" WIDTH="75" WC="0.78" CC="000" TAGREFS=""/>
            <SP HPOS="817" ID="SP_427.5.11.14" VPOS="1869" WIDTH="14"/>
            <String CONTENT="statute" HEIGHT="29" HPOS="831" ID="ST_427.5.11.15" STYLEREFS="Style_3" VPOS="1869" WIDTH="130" WC="1.00" CC="0000000" TAGREFS=""/>
            <SP HPOS="961" ID="SP_427.5.11.16" VPOS="1864" WIDTH="14"/>
            <String CONTENT="requires" HEIGHT="43" HPOS="975" ID="ST_427.5.11.17" STYLEREFS="Style_3" VPOS="1864" WIDTH="152" WC="0.94" CC="00000000" TAGREFS=""/>
            <SP HPOS="1127" ID="SP_427.5.11.18" VPOS="1863" WIDTH="15"/>
            <String CONTENT="face-to-face" HEIGHT="36" HPOS="1142" ID="ST_427.5.11.19" STYLEREFS="Style_3" VPOS="1863" WIDTH="225" WC="1.00" CC="000000000000" TAGREFS=""/>
          </TextLine>
          <TextLine HEIGHT="44" HPOS="152" ID="TL_427.5.12" VPOS="1912" WIDTH="1215">
            <String CONTENT="confrontation" HEIGHT="35" HPOS="152" ID="ST_427.5.12.1" STYLEREFS="Style_3" VPOS="1912" WIDTH="258" WC="0.95" CC="0000000000000" TAGREFS=""/>
            <SP HPOS="410" ID="SP_427.5.12.2" VPOS="1913" WIDTH="11"/>
            <String CONTENT="between" HEIGHT="34" HPOS="421" ID="ST_427.5.12.3" STYLEREFS="Style_3" VPOS="1913" WIDTH="154" WC="0.94" CC="0000000" TAGREFS=""/>
            <SP HPOS="575" ID="SP_427.5.12.4" VPOS="1913" WIDTH="11"/>
            <String CONTENT="the" HEIGHT="34" HPOS="586" ID="ST_427.5.12.5" STYLEREFS="Style_3" VPOS="1913" WIDTH="60" WC="1.00" CC="000" TAGREFS=""/>
            <SP HPOS="646" ID="SP_427.5.12.6" VPOS="1913" WIDTH="9"/>
            <String CONTENT="victim," HEIGHT="41" HPOS="655" ID="ST_427.5.12.7" STYLEREFS="Style_3" VPOS="1913" WIDTH="129" WC="0.88" CC="0000000" TAGREFS=""/>
            <SP HPOS="784" ID="SP_427.5.12.8" VPOS="1914" WIDTH="12"/>
            <String CONTENT="the" HEIGHT="34" HPOS="796" ID="ST_427.5.12.9" STYLEREFS="Style_3" VPOS="1914" WIDTH="59" WC="1.00" CC="000" TAGREFS=""/>
            <SP HPOS="855" ID="SP_427.5.12.10" VPOS="1913" WIDTH="10"/>
            <String CONTENT="defendant" HEIGHT="35" HPOS="865" ID="ST_427.5.12.11" STYLEREFS="Style_3" VPOS="1913" WIDTH="190" WC="0.95" CC="000000000" TAGREFS=""/>
            <SP HPOS="1055" ID="SP_427.5.12.12" VPOS="1914" WIDTH="11"/>
            <String CONTENT="and" HEIGHT="34" HPOS="1066" ID="ST_427.5.12.13" STYLEREFS="Style_3" VPOS="1914" WIDTH="69" WC="0.80" CC="000" TAGREFS=""/>
            <SP HPOS="1135" ID="SP_427.5.12.14" VPOS="1913" WIDTH="10"/>
            <String CONTENT="his" HEIGHT="35" HPOS="1145" ID="ST_427.5.12.15" STYLEREFS="Style_3" VPOS="1913" WIDTH="52" WC="0.88" CC="000" TAGREFS=""/>
            <SP HPOS="1197" ID="SP_427.5.12.16" VPOS="1919" WIDTH="11"/>
            <String CONTENT="attorney" HEIGHT="37" HPOS="1208" ID="ST_427.5.12.17" STYLEREFS="Style_3" VPOS="1919" WIDTH="159" WC="0.91" CC="00000000" TAGREFS=""/>
          </TextLine>
          <TextLine HEIGHT="45" HPOS="154" ID="TL_427.5.13" VPOS="1961" WIDTH="1214">
            <String CONTENT="at" HEIGHT="29" HPOS="154" ID="ST_427.5.13.1" STYLEREFS="Style_3" VPOS="1967" WIDTH="37" WC="1.00" CC="00" TAGREFS=""/>
            <SP HPOS="191" ID="SP_427.5.13.2" VPOS="1961" WIDTH="13"/>
            <String CONTENT="the" HEIGHT="35" HPOS="204" ID="ST_427.5.13.3" STYLEREFS="Style_3" VPOS="1961" WIDTH="59" WC="0.81" CC="000" TAGREFS=""/>
            <SP HPOS="263" ID="SP_427.5.13.4" VPOS="1962" WIDTH="13"/>
            <String CONTENT="time" HEIGHT="34" HPOS="276" ID="ST_427.5.13.5" STYLEREFS="Style_3" VPOS="1962" WIDTH="85" WC="0.99" CC="0000" TAGREFS=""/>
            <SP HPOS="361" ID="SP_427.5.13.6" VPOS="1962" WIDTH="13"/>
            <String CONTENT="the" HEIGHT="33" HPOS="374" ID="ST_427.5.13.7" STYLEREFS="Style_3" VPOS="1962" WIDTH="58" WC="0.79" CC="000" TAGREFS=""/>
            <SP HPOS="432" ID="SP_427.5.13.8" VPOS="1962" WIDTH="13"/>
            <String CONTENT="deposition" HEIGHT="43" HPOS="445" ID="ST_427.5.13.9" STYLEREFS="Style_3" VPOS="1962" WIDTH="192" WC="0.94" CC="0000000000" TAGREFS=""/>
            <SP HPOS="637" ID="SP_427.5.13.10" VPOS="1963" WIDTH="14"/>
            <String CONTENT="is" HEIGHT="33" HPOS="651" ID="ST_427.5.13.11" STYLEREFS="Style_3" VPOS="1963" WIDTH="28" WC="0.94" CC="00" TAGREFS=""/>
            <SP HPOS="679" ID="SP_427.5.13.12" VPOS="1963" WIDTH="14"/>
            <String CONTENT="taken," HEIGHT="40" HPOS="693" ID="ST_427.5.13.13" STYLEREFS="Style_3" VPOS="1963" WIDTH="115" WC="0.89" CC="000000" TAGREFS=""/>
            <SP HPOS="808" ID="SP_427.5.13.14" VPOS="1962" WIDTH="14"/>
            <String CONTENT="and" HEIGHT="35" HPOS="822" ID="ST_427.5.13.15" STYLEREFS="Style_3" VPOS="1962" WIDTH="68" WC="0.75" CC="000" TAGREFS=""/>
            <SP HPOS="890" ID="SP_427.5.13.16" VPOS="1962" WIDTH="14"/>
            <String CONTENT="provides" HEIGHT="44" HPOS="904" ID="ST_427.5.13.17" STYLEREFS="Style_3" VPOS="1962" WIDTH="157" WC="0.91" CC="00000000" TAGREFS=""/>
            <SP HPOS="1061" ID="SP_427.5.13.18" VPOS="1963" WIDTH="13"/>
            <String CONTENT="the" HEIGHT="35" HPOS="1074" ID="ST_427.5.13.19" STYLEREFS="Style_3" VPOS="1963" WIDTH="59" WC="0.83" CC="000" TAGREFS=""/>
            <SP HPOS="1133" ID="SP_427.5.13.20" VPOS="1962" WIDTH="14"/>
            <String CONTENT="opportunity" HEIGHT="44" HPOS="1147" ID="ST_427.5.13.21" STYLEREFS="Style_3" VPOS="1962" WIDTH="221" WC="0.99" CC="00000000000" TAGREFS=""/>
          </TextLine>
          <TextLine HEIGHT="45" HPOS="153" ID="TL_427.5.14" VPOS="2010" WIDTH="1214">
            <String CONTENT="for" HEIGHT="35" HPOS="153" ID="ST_427.5.14.1" STYLEREFS="Style_3" VPOS="2010" WIDTH="54" WC="1.00" CC="000" TAGREFS=""/>
            <SP HPOS="207" ID="SP_427.5.14.2" VPOS="2011" WIDTH="17"/>
            <String CONTENT="cross-examination" HEIGHT="35" HPOS="224" ID="ST_427.5.14.3" STYLEREFS="Style_3" VPOS="2011" WIDTH="344" WC="0.96" CC="00000000000000000" TAGREFS=""/>
            <SP HPOS="568" ID="SP_427.5.14.4" VPOS="2011" WIDTH="17"/>
            <String CONTENT="of" HEIGHT="35" HPOS="585" ID="ST_427.5.14.5" STYLEREFS="Style_3" VPOS="2011" WIDTH="39" WC="1.00" CC="00" TAGREFS=""/>
            <SP HPOS="624" ID="SP_427.5.14.6" VPOS="2012" WIDTH="13"/>
            <String CONTENT="the" HEIGHT="34" HPOS="637" ID="ST_427.5.14.7" STYLEREFS="Style_3" VPOS="2012" WIDTH="60" WC="1.00" CC="000" TAGREFS=""/>
            <SP HPOS="697" ID="SP_427.5.14.8" VPOS="2011" WIDTH="14"/>
            <String CONTENT="victim" HEIGHT="35" HPOS="711" ID="ST_427.5.14.9" STYLEREFS="Style_3" VPOS="2011" WIDTH="119" WC="0.98" CC="000000" TAGREFS=""/>
            <SP HPOS="830" ID="SP_427.5.14.10" VPOS="2011" WIDTH="16"/>
            <String CONTENT="by" HEIGHT="44" HPOS="846" ID="ST_427.5.14.11" STYLEREFS="Style_3" VPOS="2011" WIDTH="45" WC="0.76" CC="00" TAGREFS=""/>
            <SP HPOS="891" ID="SP_427.5.14.12" VPOS="2012" WIDTH="15"/>
            <String CONTENT="the" HEIGHT="35" HPOS="906" ID="ST_427.5.14.13" STYLEREFS="Style_3" VPOS="2012" WIDTH="60" WC="0.97" CC="000" TAGREFS=""/>
            <SP HPOS="966" ID="SP_427.5.14.14" VPOS="2011" WIDTH="15"/>
            <String CONTENT="defendant." HEIGHT="36" HPOS="981" ID="ST_427.5.14.15" STYLEREFS="Style_3" VPOS="2011" WIDTH="200" WC="0.95" CC="0000000000" TAGREFS=""/>
            <SP HPOS="1181" ID="SP_427.5.14.16" VPOS="2012" WIDTH="17"/>
            <String CONTENT="The" HEIGHT="35" HPOS="1198" ID="ST_427.5.14.17" STYLEREFS="Style_3" VPOS="2012" WIDTH="74" WC="0.93" CC="000" TAGREFS=""/>
            <SP HPOS="1272" ID="SP_427.5.14.18" VPOS="2012" WIDTH="16"/>
            <String CONTENT="trial" HEIGHT="35" HPOS="1288" ID="ST_427.5.14.19" STYLEREFS="Style_3" VPOS="2012" WIDTH="79" WC="0.96" CC="00000" TAGREFS=""/>
          </TextLine>
          <TextLine HEIGHT="46" HPOS="153" ID="TL_427.5.15" VPOS="2060" WIDTH="1213">
            <String CONTENT="court" HEIGHT="30" HPOS="153" ID="ST_427.5.15.1" STYLEREFS="Style_3" VPOS="2065" WIDTH="100" WC="1.00" CC="00000" TAGREFS=""/>
            <SP HPOS="253" ID="SP_427.5.15.2" VPOS="2060" WIDTH="23"/>
            <String CONTENT="followed" HEIGHT="35" HPOS="276" ID="ST_427.5.15.3" STYLEREFS="Style_3" VPOS="2060" WIDTH="159" WC="0.97" CC="00000000" TAGREFS=""/>
            <SP HPOS="435" ID="SP_427.5.15.4" VPOS="2061" WIDTH="24"/>
            <String CONTENT="the" HEIGHT="35" HPOS="459" ID="ST_427.5.15.5" STYLEREFS="Style_3" VPOS="2061" WIDTH="59" WC="0.77" CC="000" TAGREFS=""/>
            <SP HPOS="518" ID="SP_427.5.15.6" VPOS="2061" WIDTH="23"/>
            <String CONTENT="requirements" HEIGHT="44" HPOS="541" ID="ST_427.5.15.7" STYLEREFS="Style_3" VPOS="2061" WIDTH="250" WC="0.92" CC="000000000000" TAGREFS=""/>
            <SP HPOS="791" ID="SP_427.5.15.8" VPOS="2062" WIDTH="24"/>
            <String CONTENT="exactly." HEIGHT="44" HPOS="815" ID="ST_427.5.15.9" STYLEREFS="Style_3" VPOS="2062" WIDTH="145" WC="0.98" CC="00000000" TAGREFS=""/>
            <SP HPOS="960" ID="SP_427.5.15.10" VPOS="2061" WIDTH="25"/>
            <String CONTENT="The" HEIGHT="35" HPOS="985" ID="ST_427.5.15.11" STYLEREFS="Style_3" VPOS="2061" WIDTH="75" WC="1.00" CC="000" TAGREFS=""/>
            <SP HPOS="1060" ID="SP_427.5.15.12" VPOS="2061" WIDTH="22"/>
            <String CONTENT="deposition" HEIGHT="45" HPOS="1082" ID="ST_427.5.15.13" STYLEREFS="Style_3" VPOS="2061" WIDTH="191" WC="0.89" CC="0000000000" TAGREFS=""/>
            <SP HPOS="1273" ID="SP_427.5.15.14" VPOS="2073" WIDTH="24"/>
            <String CONTENT="was" HEIGHT="23" HPOS="1297" ID="ST_427.5.15.15" STYLEREFS="Style_3" VPOS="2073" WIDTH="69" WC="0.98" CC="000" TAGREFS=""/>
          </TextLine>
          <TextLine HEIGHT="46" HPOS="153" ID="TL_427.5.16" VPOS="2111" WIDTH="1215">
            <String CONTENT="taken" HEIGHT="35" HPOS="153" ID="ST_427.5.16.1" STYLEREFS="Style_3" VPOS="2111" WIDTH="106" WC="0.72" CC="00000" TAGREFS=""/>
            <SP HPOS="259" ID="SP_427.5.16.2" VPOS="2111" WIDTH="26"/>
            <String CONTENT="before" HEIGHT="34" HPOS="285" ID="ST_427.5.16.3" STYLEREFS="Style_3" VPOS="2111" WIDTH="120" WC="0.67" CC="000000" TAGREFS=""/>
            <SP HPOS="405" ID="SP_427.5.16.4" VPOS="2111" WIDTH="24"/>
            <String CONTENT="the" HEIGHT="35" HPOS="429" ID="ST_427.5.16.5" STYLEREFS="Style_3" VPOS="2111" WIDTH="60" WC="0.81" CC="000" TAGREFS=""/>
            <SP HPOS="489" ID="SP_427.5.16.6" VPOS="2111" WIDTH="21"/>
            <String CONTENT="judge" HEIGHT="44" HPOS="510" ID="ST_427.5.16.7" STYLEREFS="Style_3" VPOS="2111" WIDTH="109" WC="0.62" CC="00000" TAGREFS=""/>
            <SP HPOS="619" ID="SP_427.5.16.8" VPOS="2112" WIDTH="25"/>
            <String CONTENT="in" HEIGHT="34" HPOS="644" ID="ST_427.5.16.9" STYLEREFS="Style_3" VPOS="2112" WIDTH="35" WC="0.67" CC="00" TAGREFS=""/>
            <SP HPOS="679" ID="SP_427.5.16.10" VPOS="2111" WIDTH="27"/>
            <String CONTENT="chambers" HEIGHT="36" HPOS="706" ID="ST_427.5.16.11" STYLEREFS="Style_3" VPOS="2111" WIDTH="182" WC="0.80" CC="00000000" TAGREFS=""/>
            <SP HPOS="888" ID="SP_427.5.16.12" VPOS="2112" WIDTH="25"/>
            <String CONTENT="in" HEIGHT="34" HPOS="913" ID="ST_427.5.16.13" STYLEREFS="Style_3" VPOS="2112" WIDTH="36" WC="0.89" CC="00" TAGREFS=""/>
            <SP HPOS="949" ID="SP_427.5.16.14" VPOS="2112" WIDTH="25"/>
            <String CONTENT="the" HEIGHT="35" HPOS="974" ID="ST_427.5.16.15" STYLEREFS="Style_3" VPOS="2112" WIDTH="60" WC="0.69" CC="000" TAGREFS=""/>
            <SP HPOS="1034" ID="SP_427.5.16.16" VPOS="2122" WIDTH="25"/>
            <String CONTENT="presence" HEIGHT="35" HPOS="1059" ID="ST_427.5.16.17" STYLEREFS="Style_3" VPOS="2122" WIDTH="164" WC="0.94" CC="00000000" TAGREFS=""/>
            <SP HPOS="1223" ID="SP_427.5.16.18" VPOS="2112" WIDTH="25"/>
            <String CONTENT="of" HEIGHT="35" HPOS="1248" ID="ST_427.5.16.19" STYLEREFS="Style_3" VPOS="2112" WIDTH="38" WC="1.00" CC="00" TAGREFS=""/>
            <SP HPOS="1286" ID="SP_427.5.16.20" VPOS="2111" WIDTH="22"/>
            <String CONTENT="the" HEIGHT="35" HPOS="1308" ID="ST_427.5.16.21" STYLEREFS="Style_3" VPOS="2111" WIDTH="60" WC="0.82" CC="000" TAGREFS=""/>
          </TextLine>
          <TextLine HEIGHT="46" HPOS="154" ID="TL_427.5.17" VPOS="2160" WIDTH="1215">
            <String CONTENT="defendant," HEIGHT="42" HPOS="154" ID="ST_427.5.17.1" STYLEREFS="Style_3" VPOS="2160" WIDTH="202" WC="0.79" CC="0000000000" TAGREFS=""/>
            <SP HPOS="356" ID="SP_427.5.17.2" VPOS="2160" WIDTH="17"/>
            <String CONTENT="his" HEIGHT="36" HPOS="373" ID="ST_427.5.17.3" STYLEREFS="Style_3" VPOS="2160" WIDTH="51" WC="1.00" CC="000" TAGREFS=""/>
            <SP HPOS="424" ID="SP_427.5.17.4" VPOS="2167" WIDTH="16"/>
            <String CONTENT="attorney" HEIGHT="38" HPOS="440" ID="ST_427.5.17.5" STYLEREFS="Style_3" VPOS="2167" WIDTH="159" WC="0.98" CC="00000000" TAGREFS=""/>
            <SP HPOS="599" ID="SP_427.5.17.6" VPOS="2162" WIDTH="16"/>
            <String CONTENT="and" HEIGHT="34" HPOS="615" ID="ST_427.5.17.7" STYLEREFS="Style_3" VPOS="2162" WIDTH="68" WC="0.78" CC="000" TAGREFS=""/>
            <SP HPOS="683" ID="SP_427.5.17.8" VPOS="2161" WIDTH="16"/>
            <String CONTENT="the" HEIGHT="35" HPOS="699" ID="ST_427.5.17.9" STYLEREFS="Style_3" VPOS="2161" WIDTH="59" WC="1.00" CC="000" TAGREFS=""/>
            <SP HPOS="758" ID="SP_427.5.17.10" VPOS="2162" WIDTH="15"/>
            <String CONTENT="prosecuting" HEIGHT="44" HPOS="773" ID="ST_427.5.17.11" STYLEREFS="Style_3" VPOS="2162" WIDTH="219" WC="0.96" CC="00000000000" TAGREFS=""/>
            <SP HPOS="992" ID="SP_427.5.17.12" VPOS="2167" WIDTH="16"/>
            <String CONTENT="attorney." HEIGHT="39" HPOS="1008" ID="ST_427.5.17.13" STYLEREFS="Style_3" VPOS="2167" WIDTH="169" WC="0.88" CC="000000000" TAGREFS=""/>
            <SP HPOS="1177" ID="SP_427.5.17.14" VPOS="2161" WIDTH="18"/>
            <String CONTENT="McGuire" HEIGHT="36" HPOS="1195" ID="ST_427.5.17.15" STYLEREFS="Style_3" VPOS="2161" WIDTH="174" WC="0.91" CC="0000000" TAGREFS=""/>
          </TextLine>
          <TextLine HEIGHT="46" HPOS="154" ID="TL_427.5.18" VPOS="2210" WIDTH="1213">
            <String CONTENT="had" HEIGHT="36" HPOS="154" ID="ST_427.5.18.1" STYLEREFS="Style_3" VPOS="2210" WIDTH="70" WC="0.83" CC="000" TAGREFS=""/>
            <SP HPOS="224" ID="SP_427.5.18.2" VPOS="2211" WIDTH="20"/>
            <String CONTENT="the" HEIGHT="35" HPOS="244" ID="ST_427.5.18.3" STYLEREFS="Style_3" VPOS="2211" WIDTH="59" WC="1.00" CC="000" TAGREFS=""/>
            <SP HPOS="303" ID="SP_427.5.18.4" VPOS="2212" WIDTH="19"/>
            <String CONTENT="opportunity" HEIGHT="44" HPOS="322" ID="ST_427.5.18.5" STYLEREFS="Style_3" VPOS="2212" WIDTH="221" WC="0.92" CC="00000000000" TAGREFS=""/>
            <SP HPOS="543" ID="SP_427.5.18.6" VPOS="2217" WIDTH="20"/>
            <String CONTENT="to" HEIGHT="29" HPOS="563" ID="ST_427.5.18.7" STYLEREFS="Style_3" VPOS="2217" WIDTH="35" WC="0.97" CC="00" TAGREFS=""/>
            <SP HPOS="598" ID="SP_427.5.18.8" VPOS="2213" WIDTH="20"/>
            <String CONTENT="cross-examine" HEIGHT="34" HPOS="618" ID="ST_427.5.18.9" STYLEREFS="Style_3" VPOS="2213" WIDTH="269" WC="0.92" CC="0000000000000" TAGREFS=""/>
            <SP HPOS="887" ID="SP_427.5.18.10" VPOS="2212" WIDTH="19"/>
            <String CONTENT="the" HEIGHT="35" HPOS="906" ID="ST_427.5.18.11" STYLEREFS="Style_3" VPOS="2212" WIDTH="59" WC="0.84" CC="000" TAGREFS=""/>
            <SP HPOS="965" ID="SP_427.5.18.12" VPOS="2212" WIDTH="18"/>
            <String CONTENT="victim" HEIGHT="35" HPOS="983" ID="ST_427.5.18.13" STYLEREFS="Style_3" VPOS="2212" WIDTH="119" WC="0.92" CC="000000" TAGREFS=""/>
            <SP HPOS="1102" ID="SP_427.5.18.14" VPOS="2217" WIDTH="20"/>
            <String CONTENT="at" HEIGHT="30" HPOS="1122" ID="ST_427.5.18.15" STYLEREFS="Style_3" VPOS="2217" WIDTH="36" WC="1.00" CC="00" TAGREFS=""/>
            <SP HPOS="1158" ID="SP_427.5.18.16" VPOS="2212" WIDTH="19"/>
            <String CONTENT="that" HEIGHT="35" HPOS="1177" ID="ST_427.5.18.17" STYLEREFS="Style_3" VPOS="2212" WIDTH="76" WC="0.86" CC="0000" TAGREFS=""/>
            <SP HPOS="1253" ID="SP_427.5.18.18" VPOS="2213" WIDTH="19"/>
            <String CONTENT="time." HEIGHT="34" HPOS="1272" ID="ST_427.5.18.19" STYLEREFS="Style_3" VPOS="2213" WIDTH="95" WC="0.85" CC="00000" TAGREFS=""/>
          </TextLine>
        </TextBlock>
        <TextBlock HEIGHT="142.0" HPOS="155.0" ID="BL_427.6" TAGREFS="b427-8" VPOS="2297.0" WIDTH="1215.0">
          <TextLine HEIGHT="44" HPOS="247" ID="TL_427.6.1" VPOS="2297" WIDTH="1123">
            <String CONTENT="4." HEIGHT="33" HPOS="427" ID="ST_427.6.1.3" STYLEREFS="Style_3" VPOS="2299" WIDTH="32" WC="0.94" CC="00" TAGREFS=""/>
            <SP HPOS="459" ID="SP_427.6.1.4" VPOS="2298" WIDTH="22"/>
            <String CONTENT="THE" HEIGHT="34" HPOS="481" ID="ST_427.6.1.5" STYLEREFS="Style_3" VPOS="2298" WIDTH="98" WC="0.93" CC="000" TAGREFS=""/>
            <SP HPOS="579" ID="SP_427.6.1.6" VPOS="2298" WIDTH="21"/>
            <String CONTENT="STATUTE" HEIGHT="34" HPOS="600" ID="ST_427.6.1.7" STYLEREFS="Style_3" VPOS="2298" WIDTH="219" WC="1.00" CC="0000000" TAGREFS=""/>
            <SP HPOS="819" ID="SP_427.6.1.8" VPOS="2298" WIDTH="22"/>
            <String CONTENT="IS" HEIGHT="34" HPOS="841" ID="ST_427.6.1.9" STYLEREFS="Style_3" VPOS="2298" WIDTH="41" WC="1.00" CC="00" TAGREFS=""/>
            <SP HPOS="882" ID="SP_427.6.1.10" VPOS="2298" WIDTH="22"/>
            <String CONTENT="VAGUE" HEIGHT="35" HPOS="904" ID="ST_427.6.1.11" STYLEREFS="Style_3" VPOS="2298" WIDTH="170" WC="0.88" CC="00000" TAGREFS=""/>
            <SP HPOS="1074" ID="SP_427.6.1.12" VPOS="2298" WIDTH="21"/>
            <String CONTENT="BECAUSE" HEIGHT="35" HPOS="1095" ID="ST_427.6.1.13" STYLEREFS="Style_3" VPOS="2298" WIDTH="220" WC="1.00" CC="0000000" TAGREFS=""/>
            <SP HPOS="1315" ID="SP_427.6.1.14" VPOS="2299" WIDTH="21"/>
            <String CONTENT="A" HEIGHT="33" HPOS="1336" ID="ST_427.6.1.15" STYLEREFS="Style_3" VPOS="2299" WIDTH="34" WC="1.00" CC="0" TAGREFS=""/>
          </TextLine>
          <TextLine HEIGHT="35" HPOS="155" ID="TL_427.6.2" VPOS="2347" WIDTH="1214">
            <String CONTENT="COURT" HEIGHT="35" HPOS="155" ID="ST_427.6.2.1" STYLEREFS="Style_3" VPOS="2347" WIDTH="169" WC="0.96" CC="00000" TAGREFS=""/>
            <SP HPOS="324" ID="SP_427.6.2.2" VPOS="2347" WIDTH="28"/>
            <String CONTENT="CAN" HEIGHT="35" HPOS="352" ID="ST_427.6.2.3" STYLEREFS="Style_3" VPOS="2347" WIDTH="103" WC="1.00" CC="000" TAGREFS=""/>
            <SP HPOS="455" ID="SP_427.6.2.4" VPOS="2348" WIDTH="28"/>
            <String CONTENT="ORDER" HEIGHT="34" HPOS="483" ID="ST_427.6.2.5" STYLEREFS="Style_3" VPOS="2348" WIDTH="168" WC="0.86" CC="00000" TAGREFS=""/>
            <SP HPOS="651" ID="SP_427.6.2.6" VPOS="2348" WIDTH="27"/>
            <String CONTENT="A" HEIGHT="34" HPOS="678" ID="ST_427.6.2.7" STYLEREFS="Style_3" VPOS="2348" WIDTH="34" WC="1.00" CC="0" TAGREFS=""/>
            <SP HPOS="712" ID="SP_427.6.2.8" VPOS="2347" WIDTH="27"/>
            <String CONTENT="VIDEOTAPED" HEIGHT="35" HPOS="739" ID="ST_427.6.2.9" STYLEREFS="Style_3" VPOS="2347" WIDTH="308" WC="0.81" CC="0000000000" TAGREFS=""/>
            <SP HPOS="1047" ID="SP_427.6.2.10" VPOS="2347" WIDTH="29"/>
            <String CONTENT="DEPOSITION" HEIGHT="35" HPOS="1076" ID="ST_427.6.2.11" STYLEREFS="Style_3" VPOS="2347" WIDTH="293" WC="0.88" CC="0000000000" TAGREFS=""/>
          </TextLine>
          <TextLine HEIGHT="43" HPOS="155" ID="TL_427.6.3" VPOS="2396" WIDTH="1215">
            <String CONTENT="“FOR" HEIGHT="34" HPOS="155" ID="ST_427.6.3.1" STYLEREFS="Style_3" VPOS="2396" WIDTH="120" WC="0.75" CC="9000" TAGREFS=""/>
            <SP HPOS="275" ID="SP_427.6.3.2" VPOS="2398" WIDTH="23"/>
            <String CONTENT="A" HEIGHT="32" HPOS="298" ID="ST_427.6.3.3" STYLEREFS="Style_3" VPOS="2398" WIDTH="33" WC="1.00" CC="0" TAGREFS=""/>
            <SP HPOS="331" ID="SP_427.6.3.4" VPOS="2396" WIDTH="23"/>
            <String CONTENT="GOOD" HEIGHT="35" HPOS="354" ID="ST_427.6.3.5" STYLEREFS="Style_3" VPOS="2396" WIDTH="137" WC="0.75" CC="0000" TAGREFS=""/>
            <SP HPOS="491" ID="SP_427.6.3.6" VPOS="2396" WIDTH="24"/>
            <String CONTENT="CAUSE" HEIGHT="35" HPOS="515" ID="ST_427.6.3.7" STYLEREFS="Style_3" VPOS="2396" WIDTH="160" WC="0.97" CC="00000" TAGREFS=""/>
            <SP HPOS="675" ID="SP_427.6.3.8" VPOS="2397" WIDTH="22"/>
            <String CONTENT="SHOWN.”" HEIGHT="34" HPOS="697" ID="ST_427.6.3.9" STYLEREFS="Style_3" VPOS="2397" WIDTH="218" WC="0.86" CC="0000009" TAGREFS=""/>
            <SP HPOS="915" ID="SP_427.6.3.10" VPOS="2398" WIDTH="23"/>
            <String CONTENT="To" HEIGHT="33" HPOS="938" ID="ST_427.6.3.11" STYLEREFS="Style_3" VPOS="2398" WIDTH="52" WC="1.00" CC="00" TAGREFS=""/>
            <SP HPOS="990" ID="SP_427.6.3.12" VPOS="2397" WIDTH="22"/>
            <String CONTENT="avoid" HEIGHT="34" HPOS="1012" ID="ST_427.6.3.13" STYLEREFS="Style_3" VPOS="2397" WIDTH="100" WC="0.74" CC="00000" TAGREFS=""/>
            <SP HPOS="1112" ID="SP_427.6.3.14" VPOS="2397" WIDTH="23"/>
            <String CONTENT="being" HEIGHT="42" HPOS="1135" ID="ST_427.6.3.15" STYLEREFS="Style_3" VPOS="2397" WIDTH="102" WC="0.81" CC="00000" TAGREFS=""/>
            <SP HPOS="1237" ID="SP_427.6.3.16" VPOS="2407" WIDTH="21"/>
            <String CONTENT="vague" HEIGHT="32" HPOS="1258" ID="ST_427.6.3.17" STYLEREFS="Style_3" VPOS="2407" WIDTH="112" WC="0.83" CC="00000" TAGREFS=""/>
          </TextLine>
        </TextBlock>
      </PrintSpace>
    </Page>
  </Layout>
</alto>
