1668 2692
298 271 67 33 616

393 410 140 44 Wright,
555 409 149 44 Lindsey
728 410 30 33 &
780 411 177 42 Jennings,
979 407 52 35 for
1052 407 186 45 appellant.

387 488 155 44 Bridges,
572 489 129 42 Young,
728 486 199 40 Matthews,
953 485 150 36 Holmes
1129 486 31 33 &
1185 484 130 42 Drake,
1341 485 53 43 by:
1419 485 85 33 R.T.

297 538 124 40 Beard,
443 539 63 39 III,
528 538 53 34 for
601 537 165 45 appellee.

389 616 153 33 Robert
570 616 45 32 H.
645 616 169 38 Dudley,
843 614 140 34 Justice.

1011 613 75 34 The
1113 612 203 44 appellants,
1345 611 162 43 minority

298 664 238 34 shareholders
554 664 34 33 in
606 674 44 23 an
668 663 177 34 Arkansas
863 662 229 43 corporation,
1110 663 81 33 seek
1208 661 173 43 appraisal
1399 661 107 42 rights

298 712 53 34 for
363 712 188 42 dissenting
563 711 238 35 shareholders
813 716 168 38 pursuant
992 716 36 28 to
1039 711 85 33 Ark.
1137 710 89 34 Stat.
1239 711 91 33 Ann.
1345 710 17 41 §
1377 710 128 33 64-707

299 761 116 43 (Repl.
438 761 116 42 1980).
573 760 75 34 The
665 760 78 34 trial
761 765 98 29 court
877 759 97 35 ruled
991 759 77 34 that
1085 759 59 34 the
1161 759 193 43 appellants
1372 757 58 34 did
1448 763 59 29 not

298 810 102 34 make
419 821 19 23 a
457 810 119 42 timely
595 810 135 33 written
749 808 172 43 objection
940 814 35 28 to
994 808 59 34 the
1071 818 135 32 merger
1225 807 79 41 and,
1324 807 182 40 therefore,

298 870 88 24 were
401 864 59 29 not
475 858 143 35 entitled
634 864 35 29 to
684 859 87 34 have
785 870 20 23 a
817 857 181 44 judicially
1013 857 214 35 determined
1243 856 94 44 price
1350 856 54 34 for
1419 856 89 34 their

298 910 162 43 minority
480 909 127 35 shares.
630 909 65 34 We
715 908 122 35 affirm.

388 986 216 44 Appellants,
615 986 102 34 Allen
729 986 147 34 Duncan
888 985 143 40 Gibson,
1044 986 116 42 Harry
1169 985 104 34 Allen
1284 984 143 40 Gibson,
1440 983 67 35 and

298 1037 115 34 Laura
430 1037 81 34 Ann
528 1036 144 41 Gibson,
690 1046 59 24 are
765 1035 162 44 minority
943 1034 239 35 shareholders
1199 1034 34 34 in
1251 1034 165 44 appellee,
1433 1034 75 34 The

298 1087 127 42 Strong
453 1086 192 44 Company,
674 1087 69 33 Inc.
771 1085 178 44 Appellee,
977 1084 154 35 William
1158 1085 43 34 A.
1229 1084 138 43 Strong,
1395 1083 28 34 is
1449 1083 59 35 the

298 1136 161 44 majority
470 1135 221 36 shareholder
702 1134 67 36 and
781 1134 173 45 president
964 1134 40 35 of
1011 1134 58 35 the
1079 1145 181 33 company.
1272 1133 57 35 On
1340 1133 99 44 April
1451 1134 55 40 26,

302 1187 99 40 1984,
414 1186 59 34 the
485 1185 107 35 board
605 1186 39 34 of
652 1186 165 34 directors
829 1185 39 34 of
877 1185 75 34 The
963 1185 127 42 Strong
1103 1184 193 44 Company,
1310 1184 71 34 Inc.
1395 1183 79 35 held
1487 1194 20 23 a

298 1235 186 35 scheduled
497 1235 161 44 meeting.
673 1236 49 33 At
734 1235 76 35 that
824 1235 150 42 meeting
987 1245 20 24 a
1021 1235 81 43 plan
1115 1239 35 29 to
1164 1244 117 32 merge
1293 1234 75 34 The
1381 1233 127 43 Strong

298 1286 193 43 Company,
503 1286 69 34 Inc.
584 1285 71 35 into
665 1285 126 43 Strong
801 1284 137 44 Realty,
950 1285 69 33 Inc.
1030 1295 69 23 was
1109 1283 186 35 discussed.
1306 1283 200 44 Appellant,

299 1336 115 42 Harry
434 1335 144 40 Gibson,
599 1345 20 23 a
639 1335 159 40 director,
820 1334 163 34 attended
1004 1333 59 35 the
1082 1334 151 42 meeting
1254 1333 34 34 in
1309 1333 52 34 his
1381 1332 126 35 official

298 1385 168 42 capacity.
494 1384 199 43 Appellant,
721 1384 102 33 Allen
852 1384 147 33 Duncan
1028 1383 143 40 Gibson,
1200 1383 76 33 who
1303 1393 70 23 was
1400 1388 60 28 not
1487 1393 20 23 a

298 1433 158 40 director,
483 1434 72 32 also
582 1432 164 35 attended
772 1433 59 33 the
857 1432 160 42 meeting.
1045 1432 75 34 The
1145 1431 108 35 board
1279 1432 39 33 of
1341 1431 165 34 directors

298 1481 172 44 approved
496 1492 20 24 a
543 1481 158 44 proposal
727 1486 35 29 to
787 1481 66 34 call
880 1491 19 23 a
925 1480 128 44 special
1079 1480 250 35 shareholders’
1355 1480 152 42 meeting

298 1531 206 42 concerning
513 1531 59 34 the
581 1530 167 44 proposed
758 1540 135 33 merger
901 1530 40 34 of
947 1530 58 34 the
1015 1534 66 30 two
1090 1529 198 44 companies
1299 1529 81 35 with
1392 1530 116 42 Harry

298 1580 133 35 Gibson
449 1580 195 43 abstaining
662 1579 68 36 and
747 1580 102 34 Allen
868 1580 148 34 Duncan
1034 1579 133 35 Gibson
1185 1579 192 42 remaining
1395 1578 111 35 silent.

299 1630 58 35 All
369 1630 238 35 shareholders
619 1641 88 24 were
718 1629 82 44 duly
811 1629 141 35 notified
965 1629 76 35 that
1053 1641 20 23 a
1085 1630 151 42 meeting
1248 1628 114 35 would
1373 1628 44 34 be
1428 1628 79 35 held

299 1685 35 30 at
344 1691 20 23 a
374 1680 202 43 designated
586 1680 98 43 place
693 1680 33 34 in
737 1680 83 34 Pine
830 1679 96 35 Bluff
933 1684 36 30 at
983 1680 100 34 11:00
1094 1690 80 23 a.m.
1185 1690 44 23 on
1240 1679 167 43 Monday,
1420 1679 87 43 May

299 1731 55 39 21,
380 1731 98 39 1984,
499 1735 36 29 to
553 1734 78 29 vote
650 1740 44 24 on
714 1729 58 34 the
792 1729 80 44 plan
892 1729 40 34 of
949 1739 145 33 merger.

388 1807 56 34 On
470 1807 87 43 May
581 1807 32 40 4,
643 1806 98 40 1984,
767 1806 154 34 Michael
946 1805 194 41 Crawford,
1166 1817 43 23 an
1234 1810 158 38 attorney
1416 1805 91 34 from

299 1858 170 39 Houston,
482 1857 122 40 Texas,
619 1856 233 44 representing
865 1856 103 34 Allen
982 1856 148 34 Duncan
1144 1855 144 41 Gibson,
1302 1854 205 45 telephoned

298 1906 154 35 Richard
479 1906 182 41 Williams,
688 1917 20 24 a
735 1906 104 35 Little
865 1906 99 35 Rock
989 1911 159 38 attorney
1174 1905 234 44 representing
1434 1906 74 34 The

297 1957 127 42 Strong
437 1956 193 44 Company,
644 1957 69 33 Inc.
727 1956 49 35 At
787 1956 90 40 trial,
890 1956 173 34 Williams
1075 1955 149 35 testified
1236 1955 76 35 that
1325 1955 182 35 Crawford

297 2005 72 35 told
391 2006 73 34 him
486 2006 124 42 during
632 2006 59 34 the
712 2005 112 44 phone
846 2006 238 34 conversation
1106 2005 76 34 that
1204 2005 193 43 appellants
1418 2015 89 24 were

297 2055 182 42 agreeable
503 2061 34 28 to
561 2055 57 34 the
641 2065 144 32 merger,
810 2055 61 34 but
895 2055 76 34 that
994 2054 82 44 they
1097 2054 59 34 did
1180 2060 59 28 not
1261 2054 88 35 have
1371 2054 135 42 enough

298 2104 222 34 information
536 2109 35 28 to
585 2104 190 34 determine
790 2104 29 33 if
831 2104 59 33 the
904 2104 131 34 offered
1049 2104 94 43 price
1157 2114 69 23 was
1241 2103 78 34 fair.
1335 2103 171 34 Williams

298 2153 112 34 stated
437 2153 76 34 that
540 2153 43 33 he
609 2153 183 42 suggested
818 2153 76 33 that
921 2153 81 42 they
1029 2157 91 29 meet
1147 2152 90 34 after
1263 2152 59 34 the
1349 2153 87 41 May
1463 2153 40 32 21

297 2201 249 35 shareholders’
560 2202 150 42 meeting
722 2207 35 29 to
769 2202 131 34 discuss
912 2202 59 34 the
983 2201 103 44 price.
1100 2200 210 36 Crawford’s
1322 2201 185 43 testimony

296 2251 117 35 varied
428 2251 34 34 in
476 2262 95 24 some
585 2256 149 39 respects
749 2251 90 35 from
852 2251 77 35 that
942 2251 39 34 of
992 2251 183 34 Williams.
1190 2251 74 34 The
1278 2256 90 29 most
1382 2250 124 45 impor-

298 2306 76 29 tant
385 2301 161 34 variance
557 2312 69 23 was
639 2302 76 34 that
728 2301 171 34 Williams
912 2300 114 35 stated
1038 2301 76 34 that
1126 2305 264 39 postponement
1402 2300 39 35 of
1449 2301 59 34 the

298 2352 88 42 May
412 2352 38 33 21
481 2351 151 42 meeting
656 2362 70 23 was
752 2362 100 23 never
878 2361 83 24 even
986 2350 188 41 discussed,
1199 2350 101 34 while
1325 2350 182 34 Crawford

298 2400 190 35 concluded
513 2400 89 35 from
627 2401 59 34 the
709 2400 236 35 conversation
970 2400 76 35 that
1070 2400 59 34 the
1153 2400 151 43 meeting
1328 2399 113 35 would
1465 2400 43 34 be
