1638 2696
315 411 165 35 standard
497 410 39 36 of
548 411 104 43 living
667 411 111 35 called
794 411 53 35 for
863 423 20 23 a
899 417 145 38 country
1059 411 80 35 club
1154 412 244 43 membership,
1415 412 112 34 swim-

315 461 95 42 ming
428 461 140 40 lessons,
588 461 68 34 and
675 461 98 34 other
791 460 97 42 frills,
908 461 26 34 it
952 472 69 23 was
1040 461 54 35 for
1112 461 87 34 Mrs.
1219 462 117 34 Potter
1354 466 36 29 to
1408 461 121 35 decide

315 510 153 34 whether
486 510 84 34 such
589 520 163 33 expenses
771 510 122 34 should
912 510 43 34 be
972 510 81 43 paid
1071 511 91 34 from
1179 511 61 33 her
1258 511 270 42 comparatively

315 559 134 34 modest
462 569 185 24 resources.
661 560 117 33 Potter
790 570 69 23 was
872 564 59 29 not
944 559 143 34 entitled
1099 565 36 29 to
1146 560 103 33 make
1261 559 85 35 such
1358 559 168 35 decisions

314 608 54 34 for
377 608 71 34 her.
460 609 31 33 It
501 618 80 30 was,
591 608 167 40 however,
769 608 51 34 his
831 607 132 35 burden
973 613 35 29 to
1014 608 124 43 justify
1147 608 52 34 his
1209 608 203 35 deductions
1422 614 37 29 at
1468 609 59 34 the

315 657 79 35 trial
412 657 85 35 level
516 657 69 35 and
603 662 35 30 to
656 657 164 35 convince
837 669 40 23 us
896 657 76 35 that
990 658 59 34 the
1067 658 195 34 chancellor
1280 669 70 23 was
1368 658 36 34 in
1422 669 103 24 error.

314 708 175 43 Actually,
505 707 52 35 his
572 707 92 35 brief
674 707 119 36 makes
808 719 43 23 no
866 708 102 35 effort
982 713 36 29 to
1031 708 93 35 show
1139 708 76 34 that
1229 708 59 35 the
1302 708 224 35 chancellor’s

315 758 127 40 $8,000
465 758 110 43 figure
598 758 27 34 is
649 758 259 44 demonstrably
931 769 127 33 wrong.
1083 758 143 41 Rather,
1251 759 52 34 his
1327 758 147 44 position
1499 758 27 35 is

314 808 197 43 essentially
519 807 76 35 that
604 808 52 34 his
665 807 203 36 deductions
877 819 89 23 were
975 819 123 33 proper
1107 808 68 34 and
1184 814 93 29 must
1286 809 43 34 be
1337 809 145 34 allowed
1491 809 35 34 in

314 857 74 34 full.
403 858 75 33 The
491 858 207 40 chancellor,
714 857 203 35 confronted
932 858 82 33 with
1029 858 76 34 that
1119 858 262 42 all-or-nothing
1396 859 129 39 choice,

314 906 149 43 adopted
483 917 44 23 an
546 906 242 35 intermediate
806 907 110 42 figure
934 906 76 35 that
1028 907 63 34 has
1110 912 59 29 not
1188 907 86 34 been
1293 907 117 34 shown
1429 913 36 28 to
1484 908 43 34 be

313 966 127 32 wrong.

320 269 64 34 142

520 1041 121 35 Under
664 1041 69 35 this
757 1041 96 44 point
877 1053 20 23 a
921 1042 98 34 novel
1044 1041 223 36 subordinate
1290 1048 184 37 argument
1497 1042 28 35 is

313 1090 113 36 made.
438 1091 103 35 After
551 1091 59 35 the
620 1091 137 35 divorce
767 1091 122 36 decree
900 1092 144 35 became
1053 1092 83 35 final
1148 1093 87 34 Mrs.
1247 1093 117 34 Potter
1374 1092 150 35 married

313 1141 151 35 Herbert
482 1141 124 44 Easley
624 1142 69 34 and
711 1142 122 34 moved
852 1152 115 25 across
985 1142 59 34 the
1061 1147 90 30 state
1168 1142 69 35 line
1254 1148 36 29 to
1307 1143 216 40 Texarkana,

312 1191 122 34 Texas.
455 1192 31 33 It
506 1191 28 34 is
553 1191 130 42 argued
703 1191 77 35 that
798 1192 94 34 since
911 1192 112 33 Texas
1042 1192 28 34 is
1090 1203 20 23 a
1129 1193 215 41 community
1363 1198 162 37 property

313 1244 99 36 state,
430 1241 88 33 Mrs.
535 1240 125 43 Easley
676 1241 27 33 is
719 1240 127 43 legally
861 1241 59 34 the
936 1251 114 24 owner
1065 1241 39 34 of
1117 1241 77 34 half
1207 1241 39 34 of
1259 1242 62 33 her
1336 1241 188 34 husband’s

312 1289 135 34 income
471 1288 68 35 and
563 1289 122 34 should
709 1300 138 24 assume
871 1301 20 23 a
915 1295 136 37 greater
1075 1291 101 33 share
1199 1290 39 34 of
1258 1291 60 34 the
1340 1290 184 35 children’s

312 1344 142 37 support
477 1339 84 34 than
584 1350 70 23 was
677 1339 257 44 contemplated
958 1339 45 44 by
1026 1340 59 34 the
1107 1339 146 43 original
1276 1340 132 34 decree.
1433 1340 91 35 That

312 1398 130 31 means,
453 1388 34 35 in
498 1388 194 42 substance,
704 1388 76 36 that
791 1389 125 44 Easley
925 1389 123 35 should
1059 1390 83 34 bear
1152 1400 20 24 a
1183 1390 207 35 substantial
1400 1396 78 38 part
1488 1389 39 36 of

312 1438 59 35 the
399 1449 147 34 expense
574 1438 39 35 of
639 1438 202 45 supporting
870 1439 146 35 Potter’s
1045 1439 165 42 children,
1240 1440 35 35 in
1304 1439 156 36 addition
1489 1446 35 29 to

311 1488 179 45 providing
511 1494 67 30 two
598 1489 40 34 of
655 1489 96 35 them
772 1489 82 35 with
875 1501 20 24 a
917 1489 112 36 home.
1052 1491 58 34 No
1131 1490 176 45 authority
1328 1490 27 35 is
1376 1491 91 34 cited
1488 1496 36 30 to

311 1544 142 38 support
466 1539 67 35 this
547 1539 157 43 position,
718 1539 112 35 which
843 1551 51 24 we
906 1539 44 35 do
963 1545 59 30 not
1035 1541 71 34 find
1119 1545 35 29 to
1168 1540 42 35 be
1222 1541 213 43 convincing.
1449 1542 75 33 The

310 1588 165 35 situation
487 1588 111 43 might
610 1589 43 34 be
664 1589 162 35 different
837 1589 31 35 if
876 1590 59 34 the
946 1590 155 34 children
1113 1601 89 23 were
1213 1590 153 43 actually
1377 1591 35 34 in
1424 1590 98 41 need,

310 1638 63 35 but
384 1638 59 34 the
454 1638 119 35 record
585 1639 156 35 contains
751 1639 146 35 Potter’s
908 1650 76 24 own
995 1639 151 35 detailed
1157 1644 187 31 statement
1355 1640 40 34 of
1402 1640 52 35 his
1465 1645 59 30 net

310 1688 120 41 worth,
457 1688 112 35 which
596 1699 37 24 as
659 1688 39 35 of
722 1689 126 34 March
879 1691 52 38 15,
962 1690 99 40 1984,
1088 1700 70 24 was
1185 1690 279 41 $1,209,027.45.
1493 1691 31 34 It

311 1747 145 34 appears
477 1738 76 34 that
573 1738 43 34 he
636 1738 28 35 is
684 1738 78 35 able
782 1743 35 30 to
837 1743 142 40 support
999 1738 53 35 his
1072 1739 165 34 children.

402 1824 59 34 IV.
493 1823 107 35 Child
628 1823 167 44 Custody.
823 1824 75 35 The
926 1823 137 36 divorce
1090 1825 123 34 decree
1240 1825 163 44 specified
1431 1826 93 34 what

311 1872 125 35 almost
447 1873 187 34 amounted
646 1878 35 30 to
692 1873 136 35 divided
839 1873 145 44 custody
995 1874 40 34 of
1042 1874 59 35 the
1112 1874 97 34 three
1219 1875 166 34 children:
1398 1874 123 41 David,

309 1932 76 24 now
402 1923 51 40 14,
466 1922 199 43 Stephanie,
678 1934 76 23 now
770 1924 51 40 12,
835 1923 68 35 and
916 1923 160 42 Jackson,
1089 1934 75 24 now
1178 1925 30 33 9.
1222 1925 88 33 Mrs.
1324 1925 116 33 Potter
1452 1935 69 24 was

309 1971 161 35 awarded
488 1971 154 44 custody,
662 1972 62 35 but
742 1973 145 34 Potter’s
905 1972 175 36 visitation
1098 1973 179 44 privileges
1296 1974 171 34 consisted
1485 1973 39 36 of

309 2021 97 35 three
433 2022 148 34 24-hour
606 2022 135 43 periods
768 2033 20 23 a
814 2023 105 41 week,
946 2022 187 44 beginning
1159 2028 37 29 at
1223 2024 79 34 8:00
1328 2034 80 24 a.m.
1436 2023 85 35 each

308 2071 172 44 Tuesday,
500 2071 193 45 Thursday,
714 2071 68 36 and
802 2071 185 45 Saturday.
1009 2073 91 35 That
1120 2078 244 38 arrangement
1383 2073 59 35 did
1461 2078 60 30 not

308 2131 103 34 prove
432 2126 36 30 to
489 2121 43 35 be
553 2121 229 44 satisfactory.
805 2122 104 35 After
930 2122 59 34 the
1010 2123 74 34 first
1105 2123 123 43 appeal
1250 2124 59 34 the
1329 2123 100 35 order
1450 2134 70 24 was

308 2170 157 44 changed
482 2176 35 30 to
533 2171 76 43 give
625 2172 116 35 Potter
758 2172 59 34 the
833 2172 64 35 full
913 2172 145 44 custody
1074 2173 39 34 of
1127 2173 123 41 David,
1268 2174 60 39 Jr.,
1345 2173 68 34 and
1431 2174 88 34 Mrs.

308 2221 117 34 Potter
434 2221 59 34 the
502 2221 63 34 full
575 2221 145 44 custody
728 2221 40 34 of
774 2222 58 34 the
841 2222 99 35 other
949 2227 77 29 two.
1037 2222 112 44 Equal
1157 2222 174 35 visitation
1341 2223 179 43 privileges

308 2281 89 23 were
412 2270 145 43 granted
573 2270 53 35 for
642 2271 170 35 alternate
827 2271 191 41 weekends,
1035 2283 37 23 so
1088 2273 76 34 that
1179 2272 59 35 the
1253 2273 98 34 three
1365 2273 155 34 children

307 2319 68 35 will
390 2320 107 44 spend
512 2331 100 33 every
626 2320 162 35 weekend
803 2322 157 42 together
974 2321 82 35 with
1071 2332 65 24 one
1149 2327 123 38 parent
1286 2333 37 24 or
1337 2322 60 34 the
1410 2323 108 34 other.

585 2407 117 34 Potter
714 2407 166 34 contends
891 2407 78 35 that
980 2407 44 34 he
1036 2407 123 35 should
1171 2407 87 35 have
1270 2407 145 44 custody
1426 2408 39 34 of
1475 2408 46 35 all
