1678 2706
160 418 51 23 us:

1307 269 65 34 585

377 484 56 34 On
456 495 20 23 a
498 490 70 29 tort
589 484 105 35 claim
717 484 52 35 for
792 486 158 42 personal
972 485 114 44 injury
1108 486 60 34 the
1188 491 131 30 statute
1339 486 40 35 of

287 533 184 35 limitation
494 534 177 44 generally
694 535 118 43 begins
835 540 35 29 to
893 546 64 23 run
980 540 37 29 at
1040 535 59 35 the
1121 536 84 34 time
1227 535 149 44 damage

287 583 127 34 caused
429 583 45 43 by
490 595 20 23 a
526 585 146 33 tortious
689 589 57 30 act
762 595 131 30 occurs,
910 590 36 29 at
960 585 114 34 which
1090 585 85 34 time
1190 585 59 35 the
1264 590 68 30 tort
1348 585 28 35 is

286 633 180 43 complete.
489 634 40 33 In
550 633 85 35 such
656 644 96 24 cases
773 633 59 36 the
851 639 78 30 true
948 634 75 35 rule
1043 635 35 34 in
1098 635 68 34 this
1187 635 99 35 State
1306 645 69 24 was

287 683 173 43 expressly
480 683 205 43 recognized
707 688 36 29 to
764 684 59 34 the
843 684 103 35 effect
968 684 77 35 that
1066 684 35 35 in
1122 695 44 25 an
1188 685 114 35 action
1323 684 54 35 for

287 732 157 43 personal
463 733 141 43 injuries
623 733 60 34 the
700 738 130 30 statute
847 733 39 35 of
900 733 187 35 limitation
1105 745 217 24 commences
1340 739 36 30 at

287 782 59 34 the
356 782 83 35 time
448 782 59 35 the
516 782 150 43 damage
675 794 38 23 or
723 783 114 44 injury
845 783 28 35 is
883 784 153 43 actually
1045 784 186 36 sustained.
1243 785 39 34 In
1292 785 84 35 such

287 836 97 37 torts,
403 832 113 35 where
534 833 60 34 the
612 832 115 44 injury
745 833 28 34 is
791 833 205 35 occasioned
1015 834 45 43 by
1077 834 128 35 violent
1223 835 154 34 external

288 892 130 31 means,
437 881 59 35 the
513 882 108 35 result
638 882 40 35 of
693 882 59 35 the
770 883 157 44 previous
944 883 164 35 violation
1126 883 40 36 of
1180 895 20 24 a
1219 883 95 45 duty,
1333 895 44 24 no

287 931 157 44 problem
454 932 106 35 arises
571 933 35 34 in
616 932 108 44 fixing
734 933 60 35 the
803 932 82 36 date
895 933 69 35 and
974 933 86 35 time
1068 933 101 36 when
1179 934 60 35 the
1247 939 131 30 statute

288 981 119 44 begins
428 987 34 29 to
483 993 74 24 run.

540 1060 31 33 2.
598 1059 71 35 The
688 1059 184 36 Arkansas
894 1061 109 34 Cases

257 1135 39 35 In
310 1135 103 35 Field
424 1146 30 24 v.
471 1136 157 41 Gazette,
648 1137 64 34 187
728 1137 85 34 Ark.
829 1138 79 39 253,
925 1138 43 34 59
984 1137 144 35 S.W.2d
1147 1139 40 33 19
1204 1138 137 43 (1933),
1357 1149 20 24 a

164 1184 153 44 linotype
331 1190 159 38 operator
505 1185 134 44 alleged
654 1186 53 35 his
723 1186 174 44 employer
912 1186 70 35 had
997 1187 210 44 negligently
1222 1188 106 34 failed
1341 1193 36 29 to

164 1233 141 45 provide
316 1245 20 24 a
348 1234 74 35 safe
433 1235 195 43 workplace
638 1235 167 44 resulting
816 1236 35 34 in
862 1236 52 35 his
926 1237 217 43 contracting
1154 1237 78 34 lead
1243 1238 133 42 poison-

163 1284 70 42 ing.
248 1283 134 35 Within
394 1284 98 35 three
503 1295 101 33 years
619 1284 76 43 (the
707 1285 203 35 limitations
922 1286 136 43 period)
1072 1286 40 35 of
1121 1286 103 44 going
1237 1291 36 30 to
1284 1287 96 35 work

164 1332 54 36 for
231 1334 60 34 the
304 1333 199 42 defendant,
517 1334 60 35 the
590 1334 155 44 plaintiff
755 1335 97 35 knew
866 1336 43 34 he
922 1335 70 35 had
1005 1336 60 35 the
1077 1336 141 44 malady
1231 1337 148 35 because

164 1384 45 34 he
219 1383 70 35 had
300 1394 96 24 some
406 1395 92 24 sores
509 1395 44 24 on
564 1384 54 35 his
629 1384 71 35 feet
711 1384 166 45 resulting
888 1385 35 34 in
934 1386 219 43 amputation
1164 1386 39 35 of
1211 1398 21 23 a
1243 1391 56 30 toe
1310 1386 68 36 and

163 1433 197 45 ultimately
372 1444 20 24 a
405 1434 83 35 foot.
502 1434 74 35 The
588 1434 135 36 disease
734 1435 213 44 progressed,
960 1436 167 44 resulting
1139 1437 35 34 in
1187 1447 83 25 even
1282 1447 96 25 more

164 1483 174 36 extensive
347 1483 54 44 leg
411 1485 247 43 amputations,
669 1495 96 25 more
774 1484 84 36 than
868 1485 97 36 three
975 1497 99 32 years
1083 1486 91 36 after
1183 1487 43 34 he
1235 1486 144 36 became

163 1544 116 24 aware
294 1534 40 34 of
346 1534 126 43 having
488 1535 59 34 the
563 1535 144 35 disease.
726 1535 65 35 We
807 1535 79 35 held
903 1536 58 34 the
977 1541 131 30 statute
1123 1536 40 35 of
1175 1536 202 36 limitations

164 1583 113 43 began
292 1588 35 30 to
343 1594 63 24 run
421 1584 99 35 when
535 1584 60 35 the
609 1584 142 43 injuries
766 1596 89 24 were
868 1586 178 34 sustained
1096 1586 178 44 although
1289 1587 89 34 their

163 1633 124 34 results
300 1644 81 31 may
393 1638 59 29 not
465 1633 43 34 be
521 1633 83 35 then
617 1633 87 44 fully
716 1634 210 43 developed,
974 1635 145 43 quoting
1135 1637 64 33 130
1212 1636 130 34 R.C.L.

165 1682 55 40 30,
241 1693 33 32 p.
296 1683 66 33 765
386 1682 137 43 (1917).

256 1758 39 35 In
306 1758 218 36 Faulkner v.
535 1760 107 40 Huie,
655 1760 67 34 205
734 1760 85 34 Ark.
833 1761 158 40 332, 168
1003 1760 144 36 S.W.2d
1159 1762 67 34 839
1240 1760 137 45 (1943),

163 1807 60 36 the
234 1808 155 45 plaintiff
397 1809 134 43 alleged
542 1809 35 35 in
594 1810 85 35 1941
695 1809 77 36 that
782 1821 38 24 as
832 1821 21 24 a
864 1811 107 35 result
982 1811 40 34 of
1030 1822 21 24 a
1067 1812 86 35 1935
1167 1812 212 35 automobile

164 1859 160 34 accident
337 1859 43 35 he
393 1859 69 35 had
475 1859 66 35 lost
553 1860 53 35 his
620 1860 144 44 hearing
778 1861 34 34 in
825 1871 65 25 one
903 1872 69 24 ear.
988 1862 57 34 He
1057 1861 193 36 contended
1262 1862 44 35 he
1318 1862 59 35 did

163 1913 61 30 not
248 1909 96 34 learn
367 1909 39 34 of
426 1909 69 35 this
518 1910 115 44 injury
655 1910 90 35 until
769 1910 89 35 after
881 1911 61 34 the
964 1911 196 44 applicable
1182 1912 196 44 three-year

163 1963 132 29 statute
307 1959 39 34 of
355 1958 202 35 limitations
571 1959 69 35 had
653 1970 75 24 run.
744 1960 118 43 Citing
874 1960 69 35 and
956 1961 144 43 quoting
1148 1962 67 34 899
1228 1972 29 24 c.
1271 1961 39 35 of
1319 1961 60 35 the

164 2008 243 34 Restatement
419 2007 38 36 of
465 2009 113 40 Torts,
590 2020 53 23 we
655 2008 80 35 held
748 2009 59 35 the
818 2014 130 30 statute
959 2010 114 43 began
1085 2015 36 30 to
1132 2021 65 24 run
1209 2010 98 35 when
1320 2010 59 36 the

164 2057 160 35 accident
349 2058 165 34 occurred
541 2058 149 35 because
716 2069 20 24 a
763 2059 137 44 battery
925 2070 38 24 or
989 2060 211 44 negligently
1225 2060 152 36 inflicted

164 2107 159 44 personal
342 2107 113 45 injury
509 2109 19 34 \
557 2136 6 6 .
592 2136 6 7 .
619 2108 27 35 is
665 2109 171 44 complete
853 2119 93 35 upon
964 2109 156 45 physical
1138 2115 138 30 contact
1295 2122 83 24 even

163 2157 134 45 though
312 2158 97 35 there
424 2158 27 36 is
467 2169 43 24 no
525 2158 203 36 observable
742 2159 149 44 damage
906 2165 36 30 at
957 2159 60 36 the
1031 2160 85 35 time
1130 2160 40 36 of
1181 2161 161 35 contact.

165 2208 67 34 205
257 2208 85 35 Ark.
366 2213 37 30 at
426 2210 78 40 335,
532 2210 63 34 168
621 2209 143 35 S.W.2d
788 2214 36 31 at
847 2211 78 34 840.
950 2211 66 34 We
1038 2210 251 44 distinguished
1312 2217 67 29 two

164 2258 182 35 nuisances
360 2269 108 30 cases,
484 2260 50 38 C.,
549 2261 43 32 R.
608 2260 26 33 I.
653 2261 32 33 &
701 2261 37 33 P.
753 2261 65 42 Ry.
836 2261 60 33 Co.
910 2271 32 23 v.
957 2260 238 44 Humphreys,
1214 2261 63 34 107
1292 2260 86 35 Ark.

165 2308 262 39 330, 155 S.W.
442 2309 63 33 127
517 2308 218 42 (1913),
743 2310 161 33 and Brown v.
913 2309 186 34 Arkansas
1109 2309 145 35 Central
1260 2311 121 33 Power

165 2356 76 40 Co.,
265 2357 66 33 174
349 2357 85 33 Ark.
458 2358 76 39 177,
554 2358 69 33 294
642 2357 95 34 S.W.
758 2358 67 34 709
847 2357 138 43 (1927),
1005 2358 121 43 saying
1144 2358 78 34 that
1239 2358 100 34 when
1359 2369 20 23 a

164 2404 199 35 landowner
377 2416 76 23 uses
468 2405 52 34 his
534 2405 82 34 land
630 2405 35 34 in
680 2417 20 23 a
714 2417 76 32 way
803 2406 77 34 that
894 2406 27 34 is
935 2411 60 29 not
1009 2407 168 34 unlawful
1191 2407 62 34 but
1266 2407 113 34 which
