1667 2692
499 412 173 44 bequeath
693 416 83 31 unto
797 422 57 33 my
874 421 72 31 son,
967 410 88 35 Jack
1075 411 112 34 Cisco.

303 276 67 32 554

498 513 78 34 One
594 513 128 43 Eighth
742 511 100 47 (1/8)
862 511 39 35 of
916 523 58 32 my
992 516 121 35 estate,
1133 511 14 34 I
1166 510 127 43 hereby
1310 509 115 36 devise
1442 509 69 35 and

499 562 173 43 bequeath
692 567 84 29 unto
796 572 58 32 my
874 560 182 44 daughter,
1077 560 142 43 Audrey
1240 559 105 35 Cash.

498 662 78 34 One
594 661 128 44 Eighth
742 660 101 47 (1/8)
862 660 40 35 of
916 671 58 33 my
992 665 120 36 estate,
1132 660 15 33 I
1165 659 128 43 hereby
1310 658 115 35 devise
1442 658 68 34 and

499 711 173 44 bequeath
693 715 83 30 unto
797 721 57 33 my
874 720 72 31 son,
968 709 89 35 Dale
1077 709 113 35 Cisco.

498 812 78 34 One
585 811 181 35 Sixteenth
777 811 33 43 (1
818 810 84 47 /16)
913 810 39 35 of
958 821 59 33 my
1026 815 120 36 estate,
1158 810 14 34 I
1182 809 128 43 hereby
1319 809 115 35 devise
1442 808 69 35 and

499 861 173 44 bequeath
692 866 84 30 unto
797 872 57 32 my
874 871 72 30 son,
968 861 123 34 Ernest
1111 860 113 34 Cisco.

499 962 78 33 One
585 960 181 35 Sixteenth
777 961 33 42 (1
818 959 83 47 /16)
913 960 39 34 of
958 971 58 31 my
1026 965 120 35 estate,
1157 960 15 33 I
1182 959 128 43 hereby
1319 959 115 34 devise
1443 958 68 35 and

499 1010 173 43 bequeath
693 1014 83 30 unto
797 1020 57 32 my
874 1009 184 42 grandson,
1079 1009 112 42 Ricky
1211 1009 114 33 Cisco.

301 1084 74 35 The
394 1084 122 35 codicil
537 1084 34 34 in
592 1084 172 43 pertinent
784 1088 77 39 part
881 1083 110 35 reads:

515 1159 104 35 Since
630 1159 59 35 the
700 1159 179 35 execution
891 1158 39 35 of
938 1158 59 35 the
1008 1157 108 36 above
1127 1157 152 35 referred
1291 1162 36 29 to
1339 1157 93 40 Will,
1444 1161 68 30 two

426 1208 54 43 (2)
501 1209 40 35 of
557 1219 58 33 my
634 1219 78 24 sons
732 1208 86 35 have
837 1208 90 41 died,
948 1208 148 44 namely:
1117 1207 74 35 Bob
1211 1207 103 35 Cisco
1333 1207 69 35 and
1422 1207 89 34 Dale

425 1258 113 36 Cisco.

514 1333 103 36 After
628 1339 164 39 payment
802 1333 41 35 of
850 1333 199 44 Paragraph
1061 1332 40 42 #1
1116 1332 41 36 of
1163 1332 75 36 said
1251 1332 92 42 Will,
1356 1333 15 34 I
1383 1332 129 44 hereby

424 1383 114 36 devise
547 1383 68 35 and
625 1384 173 44 bequeath
808 1383 59 35 the
876 1389 68 29 rest
954 1382 68 36 and
1032 1383 136 35 residue
1176 1383 39 35 of
1222 1393 58 33 my
1289 1388 111 29 estate
1409 1382 34 34 in
1452 1382 60 35 the

425 1433 174 44 following
619 1444 154 25 manner:

498 1534 185 35 One-sixth
708 1533 100 46 (1/6)
833 1533 39 35 of
892 1544 58 33 my
972 1538 121 36 estate,
1117 1534 15 33 I
1155 1533 128 43 hereby
1305 1532 115 35 devise
1442 1532 69 35 and

499 1584 173 43 bequeath
692 1588 84 30 unto
796 1594 58 32 my
874 1593 72 31 son,
968 1583 106 42 Hugh
1095 1582 114 35 Cisco.

499 1682 184 35 One-sixth
708 1682 100 45 (1/6)
833 1682 39 34 of
892 1693 57 32 my
972 1687 121 36 estate,
1117 1682 15 33 I
1155 1682 128 42 hereby
1305 1681 115 35 devise
1442 1681 68 34 and

499 1732 173 43 bequeath
692 1736 83 30 unto
796 1742 57 33 my
873 1741 72 31 son,
967 1732 42 33 R.
1031 1731 41 34 C.
1095 1731 113 34 Cisco.

498 1830 185 36 One-sixth
707 1830 101 46 (1/6)
833 1830 39 35 of
892 1841 58 33 my
972 1835 121 36 estate,
1117 1831 15 33 I
1155 1830 128 43 hereby
1305 1829 115 36 devise
1442 1829 68 35 and

498 1880 173 44 bequeath
692 1885 84 31 unto
795 1891 59 33 my
873 1879 181 44 daughter,
1075 1881 91 33 June
1185 1880 129 34 Miller.

498 1979 185 36 One-sixth
707 1979 101 46 (1/6)
833 1979 39 35 of
891 1991 59 33 my
972 1984 121 37 estate,
1117 1980 15 34 I
1155 1979 128 43 hereby
1305 1979 115 35 devise
1441 1979 69 35 and

498 2030 172 43 bequeath
692 2034 83 30 unto
795 2040 59 32 my
872 2029 182 43 daughter,
1075 2028 144 44 Audrey
1239 2028 105 35 Cash.

498 2128 229 35 One-twelfth
743 2127 124 47 (1/12)
883 2128 40 35 of
934 2139 58 33 my
1006 2133 121 36 estate,
1143 2128 15 34 I
1172 2128 128 43 hereby
1313 2128 115 34 devise
1442 2127 68 35 and

498 2178 173 44 bequeath
690 2183 85 30 unto
795 2189 58 33 my
873 2188 72 31 son,
966 2179 123 34 Ernest
1110 2178 113 34 Cisco.

498 2278 229 35 One-twelfth
743 2277 124 47 (1/12)
884 2278 39 35 of
934 2289 58 32 my
1006 2283 121 35 estate,
1143 2278 14 34 I
1172 2277 128 44 hereby
1314 2277 114 35 devise
1442 2277 68 35 and

497 2328 173 43 bequeath
691 2332 84 30 unto
795 2338 58 33 my
873 2327 184 43 grandson,
1078 2327 112 43 Ricky
1210 2327 113 34 Cisco.

515 2402 35 35 If
560 2413 68 32 any
642 2402 39 35 of
692 2413 58 32 my
764 2402 154 35 children
932 2402 123 35 should
1069 2402 57 35 die
1139 2402 119 34 before
1272 2402 15 34 I
1302 2401 55 42 do,
1372 2403 16 33 I
1402 2401 109 35 direct
