1635 2694
290 409 69 35 had
372 415 59 30 not
443 410 221 43 subpoenaed
677 410 106 35 them.
796 411 83 33 This
892 411 119 34 makes
1024 411 27 34 it
1063 421 93 24 seem
1169 411 76 34 that
1257 411 59 34 the
1329 411 173 44 emphasis

290 459 34 34 in
333 461 171 33 Downum
513 470 30 23 v.
556 459 128 35 United
690 459 130 39 States,
831 471 119 32 supra,
961 470 69 23 was
1040 470 43 23 on
1093 460 59 34 the
1161 460 295 43 unpreparedness
1466 460 40 34 of

289 508 59 34 the
361 508 228 43 prosecution.
604 509 92 34 That
709 508 134 42 ignores
858 509 59 33 the
930 508 72 35 fact
1015 509 77 34 that
1105 509 59 34 the
1176 514 99 29 court
1288 509 140 43 pointed
1441 514 61 29 out

289 557 76 34 that
376 558 60 34 the
447 557 122 34 absent
580 558 186 34 witnesses’
779 558 186 43 testimony
976 568 69 24 was
1058 558 160 34 essential
1230 558 80 43 only
1322 558 53 34 for
1387 564 67 29 two
1465 558 40 34 of

289 606 51 34 six
362 611 121 30 counts
507 607 136 42 against
665 607 59 34 the
746 606 200 42 defendant,
969 617 21 24 a
1013 607 72 34 fact
1108 607 113 43 surely
1243 607 201 35 considered
1467 608 34 33 in

289 654 230 44 determining
529 656 153 34 whether
692 656 169 43 necessity
871 656 53 34 for
934 656 146 34 mistrial
1091 667 37 23 as
1138 662 36 29 to
1183 656 46 35 all
1239 657 51 33 six
1299 663 122 28 counts
1431 668 70 23 was

289 704 230 44 appropriate.

295 269 64 33 172

380 788 39 33 In
436 788 171 34 Downum
624 799 30 23 v.
676 787 128 35 United
818 788 130 39 States,
968 798 119 33 supra,
1107 789 70 34 Mr.
1197 788 131 34 Justice
1346 788 154 44 Douglas

289 836 103 35 made
406 837 25 34 it
446 836 92 35 clear
552 837 76 34 that
643 837 85 35 each
743 848 79 23 case
836 843 93 29 must
943 842 79 29 turn
1036 848 44 24 on
1095 838 43 34 its
1152 848 76 25 own
1242 837 101 42 facts,
1358 838 69 35 and
1441 843 59 30 not

288 897 101 33 every
399 897 79 24 case
488 886 35 34 in
534 886 111 35 which
656 898 21 24 a
688 886 146 35 mistrial
845 887 28 34 is
883 887 146 44 granted
1040 887 54 35 for
1104 887 125 35 failure
1240 887 39 35 of
1286 899 20 23 a
1318 888 136 35 witness
1465 893 36 29 to

288 946 128 34 appear
437 936 123 35 should
582 937 106 34 result
709 936 35 35 in
766 948 19 23 a
807 936 189 36 successful
1017 937 77 44 plea
1116 938 40 34 of
1173 938 129 35 former
1320 938 178 45 jeopardy.

288 987 178 40 However,
477 986 99 43 given
586 987 59 35 the
655 987 119 35 record
784 987 82 35 here
875 987 40 35 of
921 987 129 35 refusal
1060 987 39 35 of
1105 988 59 35 the
1174 988 78 35 trial
1263 993 98 30 court
1371 999 83 25 even
1465 994 35 29 to

287 1036 83 35 hear
389 1036 162 36 evidence
569 1048 38 24 or
626 1043 183 38 argument
827 1048 44 24 on
890 1038 59 35 the
967 1038 158 44 question
1144 1038 39 35 of
1198 1038 60 35 the
1276 1039 169 44 necessity
1463 1038 40 35 of

287 1087 161 43 granting
464 1097 20 24 a
500 1087 147 35 mistrial
662 1087 119 35 before
796 1088 161 43 granting
973 1088 37 40 it,
1027 1089 15 33 I
1058 1088 71 34 find
1145 1089 59 34 the
1219 1087 45 36 U.
1282 1089 35 34 S.
1334 1089 165 34 constitu-

287 1136 107 34 tional
414 1136 129 35 former
559 1136 170 44 jeopardy
748 1137 170 43 provision
939 1137 141 43 applies.

376 1218 75 34 The
467 1218 178 35 Arkansas
661 1218 69 35 and
747 1219 44 34 U.
808 1219 36 34 S.
862 1219 241 35 constitutions
1120 1220 79 34 thus
1216 1220 83 34 both
1316 1221 123 33 should
1456 1220 43 34 be

286 1267 79 34 held
378 1272 35 29 to
426 1268 62 34 bar
500 1278 20 23 a
533 1268 117 34 retrial
662 1267 40 35 of
711 1268 67 34 this
790 1268 200 35 defendant.
1003 1269 75 34 The
1089 1269 218 43 prosecution
1320 1270 123 34 should
1456 1270 43 33 be

285 1316 192 35 dismissed.

376 1399 198 41 Therefore,
596 1401 15 33 I
632 1400 222 44 respectfully
873 1401 140 34 dissent.

376 1483 170 41 Dudley,
567 1484 30 33 J.
615 1483 91 44 joins
727 1483 34 35 in
781 1484 68 34 this
869 1484 140 35 dissent.

488 1674 139 45 Timmy
646 1675 168 35 TARRY
835 1686 27 24 v.
885 1676 152 34 STATE
1057 1675 39 35 of
1113 1677 179 34 Arkansas

1175 1752 68 34 702
1264 1750 143 36 S.W.2d
1429 1753 67 34 804

611 1824 170 44 Supreme
800 1825 112 34 Court
930 1824 40 36 of
987 1826 180 34 Arkansas

536 1873 151 44 Opinion
707 1873 171 35 delivered
900 1874 177 44 February
1098 1877 31 39 3,
1155 1876 87 34 1986

372 2320 94 34 Gene
490 2319 193 42 Worsham,
704 2319 53 35 for
777 2321 188 43 appellant.

371 2402 59 34 No
450 2412 161 33 response
631 2403 45 43 by
696 2403 165 43 appellee.
