1648 2688
290 254 67 33 310

384 868 115 38 Cross,
524 868 159 41 Kearney
709 867 30 33 &
764 866 190 39 McKissic,
978 864 55 44 by:
1058 864 93 34 Gene
1173 865 40 33 E.
1237 865 189 39 McKissic,
1450 862 53 35 for

291 917 187 44 appellant.

381 994 105 34 Steve
504 993 120 40 Clark,
642 992 99 44 Att’y
757 992 101 40 Gen.,
876 992 55 43 by:
948 990 82 36 Joel
1047 991 38 34 O.
1104 992 173 42 Huggins,
1294 991 94 33 Asst.
1406 989 98 44 Att’y

292 1043 100 41 Gen.,
414 1043 53 34 for
487 1042 165 44 appellee.

382 1120 75 33 Per
477 1119 163 34 Curiam.

661 1118 189 43 Appellant
869 1117 116 34 Willie
1004 1117 80 34 Earl
1105 1116 184 44 Campbell
1308 1126 70 24 was
1397 1115 107 35 found

292 1169 109 43 guilty
417 1169 44 43 by
477 1179 20 23 a
509 1168 80 43 jury
604 1168 40 34 of
656 1167 174 43 burglary,
846 1167 191 43 possession
1052 1166 40 34 of
1104 1177 20 24 a
1140 1165 195 45 prohibited
1351 1175 153 33 weapon,

292 1218 188 34 terroristic
493 1217 219 43 threatening
726 1217 68 34 and
808 1217 59 34 the
880 1216 132 34 offense
1024 1215 40 35 of
1075 1215 92 35 felon
1181 1215 35 34 in
1229 1215 192 43 possession
1435 1214 39 34 of
1484 1225 21 24 a

292 1268 149 34 firearm.
457 1268 55 33 He
524 1278 69 23 was
607 1266 184 35 sentenced
805 1277 37 23 as
855 1277 21 23 a
889 1265 157 35 habitual
1059 1265 156 34 offender
1227 1264 83 34 with
1323 1264 78 34 four
1413 1263 92 44 prior

292 1317 116 43 felony
431 1316 210 35 convictions
665 1321 36 29 to
724 1315 218 35 consecutive
965 1320 178 29 sentences
1167 1314 146 43 totaling
1338 1314 44 34 62
1406 1324 99 33 years

292 1366 273 44 imprisonment.

476 1441 217 45 Appellant’s
712 1441 80 34 trial
811 1445 159 38 attorney
989 1440 99 34 Gene
1107 1439 179 35 McKissic
1304 1439 63 34 has
1385 1438 81 35 filed
1485 1449 20 24 a

293 1491 92 37 brief
401 1496 168 39 pursuant
589 1496 36 29 to
643 1490 138 36 Anders
799 1502 30 23 v.
853 1489 208 45 California,
1084 1490 66 34 386
1171 1489 84 35 U.S.
1277 1490 66 33 738
1367 1487 138 44 (1967),

292 1541 129 44 stating
437 1541 98 35 there
550 1541 27 34 is
594 1551 44 25 no
654 1540 101 35 merit
771 1545 35 30 to
822 1551 45 24 an
883 1540 124 44 appeal
1022 1539 40 35 of
1075 1539 205 45 appellant’s
1296 1538 209 36 convictions

293 1591 68 35 and
372 1591 121 43 asking
504 1597 35 29 to
550 1591 43 35 be
603 1590 148 35 relieved
761 1602 38 23 as
810 1590 150 35 counsel.
973 1590 113 34 When
1097 1600 45 24 an
1153 1594 159 38 attorney
1322 1588 183 35 concludes

293 1642 76 34 that
379 1652 44 24 an
434 1641 123 44 appeal
568 1641 27 34 is
606 1641 179 40 meritless,
797 1640 44 35 he
850 1641 28 34 is
888 1639 160 45 required
1058 1645 36 29 to
1104 1639 137 45 comply
1250 1639 83 34 with
1343 1650 62 23 our
1416 1639 90 34 Rule

297 1693 36 33 11
342 1691 54 43 (h)
419 1691 111 34 which
551 1690 156 45 provides
728 1691 34 35 in
783 1690 173 44 pertinent
976 1695 87 39 part:

416 1769 34 33 A
460 1772 137 39 request
606 1773 36 29 to
651 1767 180 35 withdraw
840 1778 45 23 on
895 1766 151 44 grounds
1056 1766 77 35 that
1142 1766 59 34 the
1210 1765 124 44 appeal
1344 1765 28 35 is
1382 1765 125 44 wholly

417 1817 144 35 without
573 1817 102 35 merit
686 1817 87 35 shall
786 1817 43 34 be
840 1815 249 45 accompanied
1102 1816 45 43 by
1158 1826 21 24 a
1191 1815 92 35 brief
1291 1815 168 43 referring
1471 1819 36 30 to

417 1867 167 43 anything
603 1867 35 34 in
657 1867 59 34 the
735 1866 120 34 record
874 1866 77 34 that
969 1865 112 43 might
1100 1865 169 43 arguably
1288 1869 142 39 support
1448 1864 60 34 the

417 1917 135 43 appeal,
569 1916 157 43 together
741 1916 83 34 with
841 1927 20 23 a
877 1916 57 34 list
950 1915 39 35 of
1002 1915 45 34 all
1063 1915 190 43 objections
1269 1914 104 35 made
1388 1914 45 43 by
1448 1914 60 34 the

417 1966 177 44 appellant
603 1965 69 35 and
681 1965 179 35 overruled
870 1965 45 43 by
925 1965 59 34 the
993 1969 98 30 court
1101 1964 69 35 and
1179 1964 39 35 of
1225 1964 46 34 all
1280 1964 148 34 motions
1438 1962 69 36 and

417 2021 155 39 requests
588 2015 103 35 made
707 2015 45 44 by
768 2015 60 35 the
843 2015 177 44 appellant
1037 2014 69 35 and
1121 2014 124 35 denied
1261 2014 46 43 by
1322 2013 59 35 the
1397 2018 109 36 court,

418 2065 248 44 accompanied
690 2065 45 44 by
760 2076 20 23 a
805 2069 188 30 statement
1017 2075 38 24 as
1079 2069 35 29 to
1139 2064 59 34 the
1222 2074 121 24 reason
1367 2063 139 34 counsel

417 2115 174 34 considers
608 2115 76 34 that
701 2115 59 34 the
776 2114 113 44 points
906 2114 80 34 thus
1003 2113 113 35 raised
1133 2113 113 35 would
1262 2118 60 29 not
1339 2112 168 43 arguably

418 2170 142 38 support
580 2164 59 35 the
659 2164 134 44 appeal.

295 2241 151 35 Counsel
458 2241 62 34 has
532 2246 59 29 not
602 2240 171 44 complied
784 2240 83 34 with
878 2240 60 34 the
948 2240 84 34 rule.
1045 2239 189 44 Appellant
1244 2239 62 34 has
1318 2237 189 35 submitted

294 2302 21 23 a
326 2290 100 42 brief,
438 2291 62 34 but
511 2291 27 34 it
548 2290 82 35 does
642 2295 59 30 not
712 2290 139 34 contain
863 2301 20 23 a
895 2289 57 35 list
962 2288 39 36 of
1009 2289 46 34 all
1066 2288 201 44 objections,
1279 2288 148 34 motions
1438 2287 69 35 and

294 2346 155 39 requests
478 2340 103 35 made
608 2340 46 44 by
682 2340 176 44 appellant
886 2339 69 35 and
983 2338 124 35 denied
1136 2338 45 44 by
1209 2338 59 35 the
1295 2343 98 29 court
1421 2348 38 24 or
1487 2348 20 24 a

294 2395 187 30 statement
494 2401 37 24 as
543 2395 35 30 to
590 2390 59 34 the
660 2400 122 24 reason
794 2389 60 35 the
864 2389 113 44 points
989 2388 114 35 would
1115 2393 60 30 not
1186 2388 169 43 arguably
1366 2392 143 40 support
