1662 2689
291 410 74 29 tent
373 410 127 29 cannot
510 403 195 44 knowingly
714 403 68 35 and
792 403 228 43 intelligently
1029 403 107 34 waive
1145 402 52 34 his
1207 402 91 43 right
1307 407 36 29 to
1352 402 87 35 have
1447 402 59 34 the

292 460 98 29 court
401 454 191 35 determine
603 453 52 35 his
666 453 159 45 capacity
836 459 36 29 to
882 452 102 35 stand
995 453 90 34 trial.
1096 453 69 33 See
1175 453 87 33 Pate
1271 463 30 23 v.
1313 451 192 41 Robinson,

293 506 65 33 383
380 504 82 35 U.S.
483 505 66 33 375
571 503 137 43 (1966).
728 503 75 34 The
821 503 182 43 petitioner
1021 502 76 35 who
1116 508 126 28 asserts
1261 502 52 34 his
1331 501 173 44 incompe-

292 560 99 28 tence
413 553 52 34 for
486 554 59 34 the
566 553 73 34 first
661 553 84 34 time
766 553 34 33 in
822 563 20 24 a
864 552 144 44 petition
1029 552 54 34 for
1104 551 271 44 postconviction
1396 551 109 40 relief,

292 604 167 38 however,
474 603 61 34 has
549 603 59 34 the
622 602 109 43 heavy
746 601 132 35 burden
892 601 39 35 of
941 601 275 43 demonstrating
1229 601 83 34 with
1326 600 90 35 facts
1430 601 76 34 that

293 653 43 33 he
349 663 70 23 was
433 657 59 29 not
506 656 198 39 competent
718 657 36 28 at
767 651 59 34 the
839 651 85 34 time
937 650 39 35 of
987 651 89 34 trial.
1091 650 75 34 The
1180 661 94 24 mere
1288 650 72 34 fact
1374 651 76 33 that
1464 650 43 33 he

292 713 64 22 can
372 701 186 34 document
573 712 19 23 a
609 700 129 44 history
753 700 38 34 of
804 700 130 35 mental
949 700 118 34 health
1082 700 173 43 problems
1269 710 38 23 or
1322 699 93 34 show
1430 699 76 34 that

292 751 139 34 counsel
444 750 102 35 could
559 751 88 33 have
659 749 136 36 framed
808 760 20 24 a
842 749 141 35 defense
995 750 40 34 of
1045 750 270 42 incompetence,
1329 749 62 34 but
1404 749 103 34 chose

293 806 59 29 not
368 805 35 29 to
419 800 44 34 do
479 811 48 30 so,
545 800 81 34 does
643 805 59 29 not
717 800 35 34 in
768 799 96 35 itself
877 799 121 35 entitle
1013 810 20 24 a
1050 798 183 45 petitioner
1249 804 35 29 to
1300 809 21 24 a
1337 809 74 23 new
1427 798 79 35 trial

293 850 109 35 under
415 861 62 24 our
491 850 269 45 postconviction
774 849 85 36 rule.
875 849 103 35 Glick
990 860 30 23 v.
1034 850 113 40 State,
1163 849 67 34 286
1244 849 85 34 Ark.
1348 849 76 40 133,
1439 849 67 34 689

292 900 144 35 S.W.2d
451 901 65 34 559
533 899 138 44 (1985);
684 899 139 44 Dudley
835 911 30 23 v.
879 900 113 40 State,
1007 900 66 35 285
1088 899 85 34 Ark.
1192 900 75 40 160,
1282 899 66 34 685
1363 898 144 35 S.W.2d

297 952 64 33 170
384 950 137 43 (1985).

293 265 67 33 594

383 1053 187 34 Petitioner
586 1052 166 35 contends
768 1052 76 35 that
860 1053 44 34 he
919 1052 62 34 has
997 1063 20 24 a
1034 1053 81 42 long
1130 1052 132 43 history
1276 1051 40 35 of
1328 1051 178 35 irrational

293 1102 174 41 behavior,
487 1102 173 35 delusions
681 1102 69 35 and
769 1102 178 44 psychotic
966 1101 164 35 behavior
1149 1101 121 44 dating
1290 1101 91 35 back
1399 1106 35 30 to
1454 1101 52 34 his

293 1152 128 35 service
436 1152 33 35 in
485 1152 120 35 World
621 1152 85 35 War
721 1152 44 34 II.
782 1152 56 33 He
851 1157 106 29 states
972 1151 76 35 that
1063 1152 44 34 he
1120 1162 70 24 was
1205 1163 44 23 on
1264 1162 20 24 a
1298 1151 210 44 psychiatric

293 1202 94 34 ward
398 1202 125 43 during
535 1202 59 34 the
604 1202 129 34 service
744 1200 69 35 and
824 1201 88 35 later
922 1212 70 23 was
1004 1200 237 36 incarcerated
1253 1201 35 34 in
1299 1200 209 44 psychiatric

293 1251 160 34 facilities
464 1251 101 34 while
575 1251 34 34 in
620 1256 90 29 state
719 1251 143 43 prisons.
874 1252 57 33 He
940 1261 78 33 says
1029 1251 76 34 that
1115 1251 44 33 he
1168 1250 177 35 discussed
1355 1261 21 23 a
1386 1255 76 38 stay
1472 1250 34 34 in

294 1302 51 32 Ft.
361 1301 119 39 Roots,
494 1311 20 23 a
528 1301 130 33 mental
672 1300 118 34 health
804 1299 144 43 facility,
962 1299 83 34 with
1058 1310 21 23 a
1092 1300 169 33 Veterans
1274 1299 232 34 Administra-

293 1349 72 34 tion
377 1349 220 42 psychiatrist
608 1359 44 23 on
663 1349 60 33 the
733 1348 68 43 day
812 1349 40 33 of
859 1349 60 33 the
929 1348 117 34 crime.
1058 1349 34 33 A
1103 1354 115 37 report
1229 1348 45 43 by
1285 1348 145 34 another
1441 1349 67 32 VA

293 1397 221 44 psychiatrist
537 1397 103 34 made
662 1397 90 34 after
774 1397 60 33 the
855 1397 108 34 crime
984 1396 267 35 recommended
1273 1407 21 23 a
1316 1396 192 44 thirty-day

293 1446 240 35 commitment
544 1452 35 28 to
590 1446 59 34 the
659 1446 179 35 Arkansas
849 1446 100 35 State
960 1446 162 44 Hospital
1132 1445 54 34 for
1196 1445 207 35 evaluation.
1418 1445 90 43 (The

294 1497 65 33 VA
379 1495 120 36 doctor
519 1495 103 36 noted
643 1496 35 35 in
698 1496 53 35 his
771 1501 116 39 report
906 1496 77 34 that
1003 1495 176 45 psychosis
1199 1506 70 24 was
1289 1494 189 44 doubtful.)

477 1601 103 34 None
591 1599 40 35 of
639 1600 67 35 this
718 1600 132 44 history
860 1610 69 24 was
942 1599 149 44 brought
1103 1604 36 29 to
1150 1598 60 36 the
1219 1598 171 36 attention
1402 1598 40 35 of
1450 1598 59 35 the

293 1651 79 34 trial
386 1656 99 29 court
499 1661 44 24 on
557 1650 60 35 the
631 1649 91 36 issue
735 1649 39 36 of
786 1650 212 44 petitioners
1012 1654 224 39 competence
1250 1654 36 30 to
1300 1649 102 35 stand
1416 1649 90 35 trial.

294 1702 56 33 He
358 1700 59 34 did
427 1701 62 34 ask
497 1700 77 34 that
583 1700 59 34 the
651 1701 66 33 VA
726 1699 148 35 doctors
884 1699 319 35 recommendation
1212 1699 39 35 of
1258 1710 44 24 an
1312 1699 195 35 evaluation

294 1750 43 34 be
365 1749 161 35 included
555 1749 34 34 in
618 1749 60 35 the
706 1748 120 36 record
855 1749 69 35 and
953 1748 135 36 further
1117 1749 182 43 requested
1328 1759 20 24 a
1377 1748 131 35 mental

293 1799 234 35 examination
542 1798 118 35 before
673 1798 211 44 sentencing,
900 1799 61 34 but
975 1798 44 34 he
1032 1809 102 24 never
1147 1798 130 43 argued
1291 1798 77 34 that
1381 1799 43 33 he
1437 1809 69 23 was

293 1849 234 43 incompetent
537 1854 36 29 to
583 1848 102 35 stand
695 1848 90 35 trial.
797 1848 51 35 To
858 1848 59 35 the
926 1853 173 39 contrary,
1110 1848 183 44 petitioner
1303 1848 125 42 sought
1439 1847 68 35 and

293 1909 70 24 was
377 1898 146 43 granted
537 1899 95 34 leave
645 1904 36 29 to
694 1898 147 44 proceed
855 1909 38 24 as
907 1898 208 35 co-counsel.
1129 1897 75 35 The
1217 1897 121 35 record
1351 1897 156 35 contains

294 1959 105 32 many
410 1948 172 34 instances
594 1947 114 35 where
719 1947 183 44 petitioner
913 1948 82 34 took
1005 1958 45 24 an
1062 1947 111 35 active
1184 1952 78 38 part
1273 1948 34 33 in
1319 1947 52 34 his
1382 1947 80 35 trial
1473 1947 35 34 in

293 2009 20 23 a
337 2008 145 24 manner
504 1997 112 34 which
640 1997 154 43 strongly
816 1997 168 34 indicates
1008 1997 77 34 that
1108 1997 44 34 he
1174 2008 69 23 was
1267 1996 148 35 rational
1438 1996 69 35 and

293 2047 146 43 capable
458 2047 39 34 of
514 2046 272 43 understanding
807 2047 59 34 the
886 2046 224 44 proceedings
1131 2045 69 35 and
1219 2046 161 42 assisting
1400 2046 35 34 in
1455 2046 52 34 his

293 2096 152 35 defense.
468 2097 39 34 In
528 2096 87 43 light
635 2096 39 35 of
691 2096 212 44 petitioners
924 2096 174 34 extensive
1117 2096 72 34 role
1209 2101 37 29 at
1266 2095 80 35 trial
1366 2095 69 36 and
1455 2095 52 35 his

293 2146 126 35 failure
434 2151 36 30 to
484 2145 141 45 provide
640 2157 68 33 any
723 2156 83 24 even
822 2146 141 43 slightly
978 2145 203 43 convincing
1196 2145 163 35 evidence
1374 2146 76 34 that
1465 2145 43 34 he

293 2207 70 23 was
379 2196 244 44 incompetent,
640 2196 52 34 his
707 2196 187 43 allegation
909 2196 77 34 that
1001 2196 60 34 the
1075 2195 80 35 trial
1170 2200 98 30 court
1283 2195 123 35 should
1421 2195 87 35 have

293 2245 145 35 ordered
466 2257 20 23 a
514 2245 144 44 hearing
685 2256 44 24 on
757 2245 52 34 his
838 2250 224 39 competence
1088 2245 82 35 does
1198 2250 60 30 not
1285 2250 151 30 warrant
1463 2256 45 23 an

294 2295 212 45 evidentiary
526 2295 154 44 hearing.

384 2397 149 35 Petition
553 2397 192 35 dismissed.
