1648 2688
296 263 68 32 422

385 609 117 34 David
519 611 45 32 H.
587 610 241 40 McCormick,
850 609 53 34 for
923 610 187 43 appellant.

385 691 59 33 No
464 701 171 32 response.

385 772 75 34 Per
470 772 164 34 Curiam.

644 772 200 44 Appellant,
854 772 138 44 Johnny
1002 773 70 34 Lee
1080 773 130 41 Tubbs,
1220 773 46 43 by
1275 773 52 34 his
1337 778 168 39 attorney,

295 821 112 35 David
418 823 45 33 H.
475 822 240 41 McCormick,
726 822 62 35 has
798 822 80 35 filed
888 833 20 24 a
918 823 131 34 motion
1059 822 54 35 for
1122 823 74 34 rule
1204 833 45 24 on
1258 823 60 34 the
1326 823 103 35 clerk.
1441 823 64 35 His

294 877 158 39 attorney
473 871 127 36 admits
622 872 77 35 that
720 872 58 35 the
799 872 120 35 record
940 884 70 24 was
1032 873 165 35 tendered
1218 873 70 35 late
1309 873 68 35 due
1397 878 35 30 to
1454 874 52 34 his

294 922 275 35 miscalculation
581 922 39 35 of
629 923 59 35 the
699 923 203 44 ninety-day
914 923 89 35 limit
1015 923 54 35 for
1080 923 96 44 filing
1188 924 60 34 the
1259 923 120 36 record
1391 924 35 35 in
1438 924 67 35 this

294 972 120 35 Court.
435 973 68 34 See
523 973 84 34 Ark.
630 974 42 33 R.
693 974 91 43 App.
806 974 36 34 P.
865 973 89 43 5(a).

478 1056 65 34 We
569 1055 71 35 find
667 1056 76 34 that
769 1056 85 34 such
881 1067 104 30 error,
1014 1056 206 44 admittedly
1246 1056 103 35 made
1376 1057 45 44 by
1447 1057 60 35 the

293 1110 159 38 attorney
472 1105 54 35 for
546 1117 20 23 a
586 1106 159 34 criminal
765 1106 201 41 defendant,
987 1106 28 35 is
1035 1106 90 44 good
1145 1117 104 24 cause
1269 1112 36 29 to
1325 1112 102 38 grant
1447 1107 59 35 the

293 1155 141 34 motion.
450 1156 69 33 See
533 1166 60 33 per
608 1156 134 34 curiam
757 1155 105 35 dated
878 1156 176 43 February
1071 1158 31 39 5,
1123 1157 99 40 1979,
1239 1157 66 34 265
1322 1157 85 34 Ark.
1425 1158 79 40 964;

297 1206 104 41 Terry
420 1216 30 23 v.
471 1205 113 40 State,
606 1206 68 33 272
694 1205 85 34 Ark.
801 1206 66 34 243
891 1205 137 43 (1981).

383 1288 33 33 A
425 1297 88 33 copy
521 1287 40 34 of
567 1287 68 34 this
644 1287 139 44 opinion
793 1288 67 34 will
871 1288 43 34 be
922 1288 194 35 forwarded
1126 1294 35 29 to
1170 1288 59 35 the
1239 1289 213 34 Committee
1460 1300 44 23 on

292 1336 230 35 Professional
543 1336 171 35 Conduct.

382 1418 160 41 Purtle,
563 1419 42 40 J.,
626 1424 60 29 not
706 1419 256 43 participating.

430 1707 90 34 John
540 1707 191 42 GIPSON,
754 1708 65 34 Bill
840 1709 201 40 HEFLEY,
1063 1709 112 41 M.D.,
1196 1709 168 43 Coolidge

339 1757 276 41 FAULKNER,
636 1757 155 35 Richard
812 1758 214 41 CONDER,
1048 1759 117 34 James
1186 1759 170 41 DIXON,
1376 1760 77 34 A.J.

311 1806 195 41 TOMME,
527 1806 68 35 and
616 1807 88 34 Jack
724 1807 123 35 CASE
867 1818 27 24 v.
917 1808 63 34 Joe
1000 1808 194 41 BROWN,
1215 1808 65 44 Tip
1299 1809 180 41 NELMS,

646 1857 141 40 D.D.S.,
808 1857 69 34 and
899 1857 73 34 Bob
992 1857 155 35 SCOTT

290 1938 130 34 85-180

1181 1941 67 34 706
1269 1941 142 34 S.W.2d
1433 1942 66 33 369

617 2021 170 44 Supreme
807 2022 111 34 Court
938 2022 39 34 of
993 2023 179 34 Arkansas

553 2071 152 43 Opinion
725 2071 172 34 delivered
919 2072 127 34 March
1068 2074 55 39 31,
1148 2073 87 34 1986
