1663 2700
127 421 145 35 forcible
297 422 212 43 compulsion
536 422 68 34 and
630 421 136 35 defined
792 422 59 34 the
875 427 67 29 two
968 426 84 31 acts.
1078 421 75 35 The
1177 421 161 35 evidence

126 478 161 37 supports
303 482 20 23 a
338 471 130 44 finding
483 472 39 34 of
534 472 87 43 guilt
636 471 39 35 of
687 482 83 33 rape
784 472 45 43 by
844 472 109 35 either
967 483 38 23 or
1021 471 83 35 both
1119 482 129 24 means.
1264 472 74 34 The

127 522 92 34 issue
231 522 34 34 in
279 521 67 34 this
359 532 79 24 case
450 522 27 34 is
491 527 59 29 not
563 522 58 34 the
635 532 143 24 manner
790 521 39 35 of
839 522 59 34 the
909 532 94 34 rape,
1017 521 62 35 but
1091 521 153 35 whether
1256 532 83 34 rape

127 572 46 43 by
191 571 146 35 forcible
353 572 214 43 compulsion
585 571 124 35 indeed
726 571 175 35 occurred.
919 572 114 34 There
1049 571 29 34 is
1095 582 45 24 no
1157 577 182 37 argument

128 622 78 34 that
223 622 98 34 there
339 621 27 34 is
384 626 59 29 not
460 621 208 35 substantial
686 621 161 35 evidence
864 627 36 29 to
917 626 143 40 support
1078 632 20 23 a
1116 621 130 43 finding
1264 622 76 34 that

129 671 154 43 Cokeley
299 671 106 43 raped
420 671 59 34 the
494 671 119 34 victim
629 671 110 34 either
754 682 86 32 way.
857 671 153 44 Cokeley
1025 681 70 24 was
1111 670 177 35 convicted
1304 671 39 34 of

129 721 60 34 the
201 721 107 34 crime
320 720 81 34 with
414 721 112 34 which
539 721 43 34 he
594 731 69 24 was
676 720 151 43 charged
838 741 48 3 —
896 731 93 33 rape.
1004 721 31 34 It
1047 731 70 23 was
1129 726 59 29 not
1200 731 93 24 error
1304 726 36 29 to

129 770 77 42 give
226 771 59 33 the
305 770 213 34 instruction.

1270 281 65 33 353

315 850 58 33 No
387 849 59 34 bill
459 849 39 34 of
509 849 206 44 particulars
728 859 70 24 was
811 849 80 34 filed
905 849 34 34 in
952 849 68 35 this
1034 859 89 24 case.
1137 849 75 34 The
1223 849 118 35 victim

130 899 70 34 had
217 898 113 35 stated
347 904 35 29 to
398 899 59 34 the
472 899 111 43 police
599 899 35 34 in
650 909 20 23 a
687 898 135 35 written
838 904 198 35 statement,
1053 898 163 44 provided
1231 904 36 29 to
1283 899 59 34 the

130 948 154 40 defense,
309 948 77 34 that
409 948 84 34 both
517 954 98 38 types
640 948 39 34 of
700 949 119 34 sexual
842 949 218 34 misconduct
1082 949 177 40 occurred;
1283 949 60 34 the

131 998 220 44 prosecuting
367 1003 158 39 attorney
540 997 130 45 argued
687 998 34 34 in
737 998 52 35 his
804 999 147 43 opening
967 1003 186 30 statement
1168 998 76 35 that
1259 999 84 34 both

131 1049 120 34 sexual
266 1048 211 34 intercourse
492 1048 69 35 and
576 1048 73 35 oral
665 1059 58 23 sex
739 1048 174 35 occurred.
931 1048 153 44 Cokeley
1098 1054 127 29 cannot
1239 1049 104 34 claim

131 1098 152 44 surprise
303 1098 44 43 by
367 1098 58 34 the
445 1098 163 35 evidence
627 1098 40 35 of
683 1098 136 34 deviate
838 1099 118 34 sexual
976 1098 152 44 activity.

224 1178 66 34 We
301 1177 85 35 need
398 1183 59 29 not
468 1179 177 43 speculate
656 1189 43 23 on
711 1178 59 35 the
780 1183 160 30 outcome
951 1178 30 35 if
989 1190 20 24 a
1021 1178 223 35 homosexual
1254 1190 90 24 were

132 1227 152 44 charged
302 1228 81 34 with
401 1228 58 35 the
477 1239 83 33 rape
577 1228 45 44 by
639 1228 118 35 sexual
775 1228 210 36 intercourse
1002 1228 39 35 of
1055 1239 21 24 a
1093 1239 122 33 person
1232 1228 39 35 of
1285 1229 59 34 the

132 1289 97 23 same
244 1288 58 25 sex
318 1278 67 34 and
401 1278 75 35 that
491 1278 190 35 defendant
696 1278 119 44 timely
829 1278 158 44 objected
1003 1278 68 36 and
1086 1278 257 36 demonstrated

133 1328 187 44 prejudice.
331 1328 75 34 The
414 1329 79 43 only
503 1329 160 43 question
673 1328 119 35 before
801 1340 40 23 us
851 1329 34 34 in
895 1329 69 34 this
973 1339 81 25 case
1063 1328 69 35 and
1141 1329 99 34 those
1248 1340 96 24 cases

134 1378 91 35 cited
246 1389 59 24 are
323 1378 152 34 whether
495 1389 65 24 one
578 1379 108 34 crime
704 1377 39 35 of
760 1389 82 33 rape
861 1379 103 34 exists
983 1378 83 36 with
1085 1383 67 30 two
1172 1390 118 24 means
1308 1379 39 35 of

133 1428 222 34 commission
367 1439 37 23 or
416 1428 153 35 whether
582 1439 83 33 rape
677 1428 27 34 is
716 1433 67 30 two
795 1434 158 38 separate
965 1429 135 40 crimes;
1113 1428 68 35 and
1193 1429 152 34 whether

134 1478 204 43 prejudicial
359 1488 92 24 error
471 1478 28 34 is
519 1478 270 35 demonstrated.

366 1557 102 34 Since
476 1557 98 35 there
582 1558 27 34 is
618 1557 81 43 only
707 1568 65 23 one
780 1557 107 35 crime
895 1557 39 35 of
940 1568 83 34 rape
1031 1557 83 34 with
1122 1562 67 30 two
1199 1558 147 43 possible

134 1618 120 23 means
273 1606 39 34 of
327 1607 230 41 commission,
577 1607 153 43 Cokeley
748 1618 69 23 was
835 1613 60 28 not
912 1606 200 45 prejudiced
1131 1607 45 44 by
1193 1607 58 35 the
1265 1607 80 44 jury

134 1656 103 43 being
248 1656 188 34 instructed
446 1667 37 24 as
493 1662 35 29 to
538 1657 60 34 the
607 1663 67 28 two
683 1657 118 34 sexual
812 1662 72 29 acts
894 1657 77 34 that
980 1656 102 35 could
1092 1656 43 35 be
1143 1657 202 34 committed

133 1711 37 28 to
184 1705 188 35 constitute
387 1717 92 32 rape.
495 1706 115 34 There
624 1717 71 23 was
710 1706 207 35 substantial
932 1706 164 35 evidence
1110 1706 39 34 of
1161 1706 84 35 both
1260 1712 84 29 acts.

135 1756 66 34 We
224 1755 69 35 will
318 1760 59 29 not
401 1766 134 24 reverse
559 1767 20 23 a
605 1756 103 34 lower
732 1756 126 34 court’s
883 1756 152 35 decision
1059 1756 114 34 unless
1198 1756 97 35 there
1318 1756 28 35 is

134 1805 204 44 prejudicial
352 1816 102 24 error.
469 1807 114 33 Berna
594 1817 31 24 v.
638 1805 113 41 State,
767 1806 67 34 282
847 1806 85 35 Ark.
948 1806 78 42 563,
1041 1806 68 34 670
1122 1805 142 36 S.W.2d
1278 1807 68 34 434

136 1855 139 43 (1984).
298 1855 145 43 Finding
464 1866 43 24 no
528 1855 187 44 prejudice,
736 1867 51 23 we
806 1856 113 34 affirm
939 1856 59 34 the
1017 1856 203 34 conviction.

227 1934 159 39 Purtle,
407 1934 42 39 J.,
470 1939 60 28 not
550 1933 256 44 participating.

227 2012 159 34 Dudley
407 2011 68 35 and
495 2012 209 40 Newbern,
726 2012 63 41 JJ.,
810 2011 140 36 dissent.

227 2092 156 34 Robert
410 2092 46 34 H.
485 2092 172 40 Dudley,
686 2091 141 42 Justice,

856 2091 200 43 dissenting.
1084 2092 75 34 The
1187 2092 161 44 majority

136 2142 157 34 overrule
318 2141 175 43 Clayborn
516 2153 31 23 v.
572 2142 113 40 State,
711 2142 66 34 278
804 2142 84 34 Ark.
916 2143 78 40 533,
1020 2142 67 34 647
1112 2141 143 35 S.W.2d
1279 2143 67 34 433

138 2191 139 43 (1983),
298 2191 68 34 and
386 2191 80 34 hold
485 2192 77 34 that
581 2202 83 34 rape
683 2191 45 44 by
747 2192 118 34 sexual
884 2192 212 35 intercourse
1114 2191 69 35 and
1202 2203 83 33 rape
1303 2192 45 44 by

136 2241 137 35 deviate
287 2241 117 35 sexual
420 2241 140 44 activity
575 2253 59 24 are
648 2241 59 35 the
721 2252 96 24 same
830 2241 108 36 crime
952 2242 69 35 and
1035 2241 132 35 involve
1180 2242 59 35 the
1253 2253 96 24 same

137 2292 167 34 elements
324 2291 39 35 of
380 2291 108 44 proof.
511 2293 15 33 I
546 2297 128 29 cannot
694 2302 103 33 agree
816 2292 82 35 with
918 2292 77 35 that
1015 2292 178 35 rationale.

228 2371 75 34 The
324 2371 106 34 crime
451 2371 39 34 of
508 2382 83 33 rape
612 2371 45 44 by
678 2371 136 34 deviate
835 2372 118 34 sexual
975 2371 141 43 activity
1137 2371 28 34 is
1187 2382 20 23 a
1229 2376 120 30 neuter

137 2420 129 43 gender
279 2420 116 34 crime.
411 2421 118 34 Either
543 2432 19 23 a
576 2421 92 34 male
680 2431 38 23 or
731 2431 21 24 a
765 2420 128 35 female
905 2431 65 24 can
983 2421 43 34 be
1039 2420 59 34 the
1109 2420 119 35 victim
1240 2431 38 24 or
1290 2421 60 34 the
