1638 2697
316 422 67 34 this
403 433 80 24 case
502 433 100 24 came
622 422 119 34 within
761 423 76 34 that
858 422 176 35 standard.

320 282 63 33 166

406 502 74 34 The
500 502 100 35 order
621 502 167 44 appealed
809 502 91 35 from
921 502 27 35 is
969 502 167 35 affirmed.

407 583 170 40 Dudley,
599 583 42 39 J.,
662 582 68 34 and
751 583 208 40 Newbern,
981 583 42 40 J.,
1044 582 140 35 dissent.

407 663 159 40 Purtle,
588 663 42 40 J.,
651 667 60 29 not
730 662 256 44 participating.

407 742 125 33 David
548 742 208 40 Newbern,
771 741 142 41 Justice,

928 741 200 43 dissenting.
1144 742 74 34 The
1232 742 157 43 question
1404 742 82 34 here
1500 742 28 34 is

315 790 153 34 whether
483 801 20 23 a
518 790 146 35 mistrial
679 801 69 23 was
763 790 145 43 granted
924 791 148 34 because
1086 791 39 34 of
1136 791 84 34 such
1235 791 239 43 “overruling”
1490 802 38 24 or

316 839 209 34 “manifest”
536 839 169 43 necessity
714 840 76 34 that
800 851 20 23 a
830 840 117 34 retrial
957 840 39 34 of
1003 840 67 34 this
1080 840 159 34 criminal
1248 840 190 35 defendant
1446 852 81 32 may

316 888 43 34 be
374 888 184 44 permitted
574 888 133 44 despite
722 889 59 34 the
796 889 72 34 fact
884 889 76 34 that
971 889 169 44 jeopardy
1156 888 68 36 had
1240 889 163 35 attached
1419 890 35 34 in
1469 890 59 34 the

315 937 74 35 first
409 937 89 35 trial.

405 1017 74 35 The
490 1018 204 44 appellant’s
706 1024 183 38 argument
899 1029 44 24 on
954 1019 67 35 this
1032 1019 96 43 point
1139 1019 27 35 is
1178 1019 106 35 based
1295 1019 178 44 primarily
1483 1030 44 24 on

315 1068 85 34 Ark.
416 1068 118 34 Const,
549 1074 64 29 art.
629 1069 31 40 2,
677 1068 18 43 §
711 1069 31 40 8,
757 1068 111 35 which
882 1080 77 32 says
974 1069 30 34 “.
1033 1096 6 7 .
1067 1096 6 7 .
1089 1080 44 23 no
1146 1079 133 34 person,
1293 1069 54 35 for
1361 1070 58 34 the
1432 1080 96 24 same

314 1118 142 40 offense,
469 1118 87 34 shall
569 1118 42 35 be
622 1118 100 35 twice
733 1124 62 38 put
806 1119 34 34 in
848 1118 170 44 jeopardy
1028 1118 40 35 of
1076 1119 60 34 life
1147 1130 38 23 or
1197 1119 134 44 liberty.
1359 1147 6 7 .
1394 1146 6 7 .
1428 1119 100 35 .’’He

314 1168 73 34 also
398 1168 84 34 cites
495 1168 58 34 the
564 1168 132 34 similar
707 1168 181 44 provision,
901 1168 108 35 found
1021 1168 34 34 in
1067 1169 59 34 the
1139 1168 93 35 Fifth
1244 1169 236 34 Amendment
1492 1175 35 29 to

314 1217 59 34 the
383 1218 43 34 U.
437 1217 35 34 S.
483 1217 247 42 Constitution,
741 1219 136 42 against
885 1218 138 44 placing
1032 1218 84 34 “life
1124 1229 38 24 or
1171 1218 107 35 limb”
1289 1219 35 34 in
1329 1219 168 43 jeopardy
1506 1230 21 24 a

314 1267 126 34 second
454 1267 85 34 time
551 1267 53 35 for
618 1267 59 35 the
689 1279 96 23 same
798 1268 141 34 offense.
954 1268 74 35 The
1041 1268 102 34 latter
1156 1268 131 44 applies
1300 1273 36 30 to
1349 1269 59 34 the
1420 1274 107 29 states

314 1316 150 44 through
480 1317 59 34 the
555 1318 209 34 Fourteenth
780 1318 247 34 Amendment.
1043 1319 134 34 Benton
1190 1329 30 23 v.
1237 1318 204 44 Maryland,
1459 1320 66 33 395

315 1367 82 34 U.S.
420 1367 68 34 784
511 1366 136 43 (1969).

405 1445 74 34 The
487 1446 179 34 Arkansas
676 1446 236 34 Constitution
921 1446 171 44 provision
1102 1447 62 34 has
1174 1447 86 34 been
1270 1447 209 44 interpreted
1489 1458 38 23 as

314 1495 174 42 requiring
503 1494 75 34 that
592 1495 97 34 there
702 1495 43 34 be
759 1496 216 42 “overruling
990 1496 192 43 necessity”
1196 1495 53 35 for
1263 1507 20 23 a
1297 1496 146 34 mistrial
1457 1496 35 34 in
1506 1507 20 23 a

313 1543 158 34 criminal
481 1553 79 24 case
569 1544 34 33 in
612 1543 100 35 order
721 1549 36 29 to
765 1544 126 43 permit
900 1555 20 23 a
929 1544 127 34 second
1065 1545 79 33 trial
1153 1555 80 24 over
1242 1545 59 34 the
1309 1545 172 43 objection
1489 1545 40 34 of

314 1591 128 35 former
449 1592 178 44 jeopardy.
641 1593 39 33 In
691 1594 108 33 Jones
809 1604 30 23 v.
850 1593 113 41 State,
977 1594 68 34 230
1056 1594 85 34 Ark.
1159 1595 51 39 18,
1224 1595 67 33 320
1302 1593 143 35 S.W.2d
1457 1595 66 33 645

316 1640 137 44 (1959),
467 1641 26 35 it
505 1652 70 24 was
587 1642 208 41 discovered,
810 1642 180 42 mid-trial,
1003 1642 77 35 that
1093 1654 20 23 a
1122 1643 97 43 juror
1231 1654 70 24 was
1314 1643 131 35 related
1458 1648 35 30 to
1506 1654 20 24 a

314 1691 192 44 policeman
534 1692 76 35 who
637 1692 69 34 had
733 1692 159 35 testified.
921 1694 33 33 A
982 1692 147 36 mistrial
1156 1704 70 24 was
1252 1693 171 36 declared.
1451 1694 75 35 The

313 1741 147 36 accused
476 1753 70 24 was
562 1748 35 29 to
613 1743 42 34 be
670 1743 126 34 retried
812 1753 79 25 over
907 1743 52 35 his
975 1744 78 44 plea
1068 1743 40 35 of
1120 1743 129 36 former
1261 1743 179 45 jeopardy,
1456 1744 69 35 and

312 1792 68 35 this
393 1797 98 30 court
504 1792 79 35 held
596 1793 43 35 he
650 1793 103 35 could
765 1799 60 29 not
836 1793 43 35 be
891 1793 138 35 retried.
1043 1794 66 34 We
1120 1794 87 41 said,
1220 1794 35 34 in
1267 1805 177 33 summary
1456 1794 39 35 of
1505 1806 20 23 a

313 1842 146 35 number
479 1842 39 35 of
535 1853 95 24 cases
651 1843 166 35 reviewed
838 1843 34 34 in
893 1844 59 34 the
972 1843 149 45 opinion:

528 1922 39 34 In
581 1922 85 34 each
680 1922 40 34 of
730 1923 59 34 the
803 1922 108 35 above
925 1922 176 35 discussed
1115 1934 95 24 cases
1225 1923 97 35 there
1335 1934 69 24 was
1418 1934 21 24 a
1453 1924 72 34 real

436 1982 121 23 reason
573 1992 48 4 —
637 1971 53 34 i.e.
709 1972 217 43 “overruling
944 1972 191 44 necessity”
1152 1993 49 4 —
1216 1978 35 29 to
1268 1973 182 43 discharge
1466 1973 59 35 the

432 2021 92 43 jury;
535 2021 68 34 and
613 2032 51 24 we
673 2021 79 35 held
763 2022 76 34 that
849 2022 59 34 the
917 2022 74 35 rule
1001 2022 136 42 against
1146 2022 127 35 double
1278 2022 168 45 jeopardy
1455 2022 70 35 had

436 2075 60 30 not
513 2070 86 35 been
616 2070 150 35 violated
783 2072 35 34 in
835 2071 99 35 those
950 2082 107 24 cases.
1077 2073 78 40 But,
1173 2072 35 34 in
1225 2072 59 34 the
1301 2083 79 24 case
1397 2077 36 29 at
1450 2072 74 41 bar,

436 2120 97 34 there
550 2131 69 24 was
637 2131 44 23 no
698 2121 110 34 sound
825 2131 123 24 reason
965 2121 54 35 for
1036 2121 221 44 discharging
1274 2121 59 35 the
1345 2122 92 43 jury,
1455 2122 69 34 and

435 2169 98 35 there
550 2181 70 23 was
638 2170 168 44 certainly
824 2181 44 23 no
887 2170 218 43 “overruling
1123 2171 203 43 necessity.”
1345 2172 74 34 The
1437 2172 86 33 rela-

436 2218 150 44 tionship
600 2219 40 34 of
651 2230 20 23 a
682 2219 97 43 juror
793 2225 36 29 to
844 2230 20 23 a
878 2220 137 34 witness
1030 2220 35 33 in
1079 2220 59 34 the
1152 2220 79 35 trial
1245 2220 81 34 does
1341 2225 59 30 not
1414 2230 60 33 per
1488 2231 37 23 se

435 2267 188 45 disqualify
642 2268 60 34 the
717 2269 107 42 juror.
844 2269 140 34 Arnold
1000 2280 30 23 v.
1051 2269 113 41 State,
1189 2270 64 34 150
1272 2270 85 34 Ark.
1379 2270 55 40 27,
1456 2271 66 33 233

435 2317 94 35 S.W.
551 2319 78 34 818.
650 2318 128 35 Officer
797 2319 213 43 Campbell’s
1030 2319 185 44 testimony
1233 2330 70 23 was
1322 2319 202 44 practically

435 2367 60 35 the
505 2378 97 24 same
612 2378 38 25 as
660 2368 78 35 that
748 2368 39 35 of
795 2368 129 35 Officer
936 2368 143 41 Dodd’s;
1091 2369 69 35 and
1170 2369 129 35 Officer
1310 2369 214 43 Campbell’s

435 2417 186 44 testimony
649 2417 59 35 did
737 2423 59 30 not
824 2417 145 45 directly
997 2418 108 35 relate
1134 2424 35 29 to
1197 2418 59 35 the
1284 2418 89 35 facts
1401 2418 40 35 of
1465 2419 60 34 the
