1639 2700
106 422 230 43 jurisdiction.

1256 279 62 33 107

203 504 109 34 Valeo
326 503 200 35 contracted
540 503 82 34 with
637 503 60 34 the
710 503 177 34 Arkansas
904 502 172 44 Highway
1091 501 231 35 Commission

111 559 36 29 to
163 554 152 43 improve
330 554 105 34 about
450 564 65 23 one
530 552 80 35 mile
625 553 39 35 of
677 553 171 43 Highway
863 554 39 33 71
922 552 34 34 in
971 552 99 35 Scott
1085 552 149 43 County.
1249 551 74 35 The

111 609 158 29 contract
284 603 110 35 called
411 603 52 35 for
479 603 59 34 the
554 604 150 34 removal
720 603 39 34 of
772 603 128 34 several
917 602 146 44 existing
1080 601 120 44 bridge
1214 607 107 29 struc-

112 659 104 29 tures.
231 654 102 34 After
346 654 107 34 Valeo
466 652 163 35 obtained
642 654 60 34 the
713 658 166 35 contract,
893 664 20 23 a
926 652 137 44 dispute
1075 663 98 24 arose
1185 651 137 44 regard-

113 704 57 43 ing
187 704 60 34 the
263 704 149 34 removal
429 703 39 35 of
481 709 68 29 two
566 702 148 45 bridges,
731 713 65 24 one
811 713 78 24 over
907 702 138 35 Fouche
1061 703 143 34 LaFave
1221 702 102 34 River

113 754 69 34 and
197 754 60 34 the
272 754 97 34 other
384 765 79 23 over
481 753 137 35 Fouche
634 754 143 34 LaFave
793 752 123 35 Relief.
933 752 109 35 Valeo
1057 752 141 35 insisted
1214 752 25 34 it
1254 762 70 24 was

114 809 60 28 not
200 804 34 33 in
260 805 59 33 the
344 808 155 30 contract
525 808 35 29 to
586 814 137 23 remove
748 803 96 34 these
868 808 67 28 two
961 802 148 43 bridges.
1135 802 74 34 The
1233 801 95 35 chief

114 853 162 43 engineer
299 853 53 34 for
374 853 58 34 the
454 853 173 42 Highway
649 852 231 35 Commission
903 851 97 35 ruled
1022 857 168 39 pursuant
1211 857 35 28 to
1267 851 59 34 the

114 908 169 35 contract,
304 903 76 34 that
401 903 108 33 Valeo
529 901 69 35 had
618 907 36 29 to
675 912 137 24 remove
831 902 59 33 the
909 901 148 43 bridges.

207 984 109 34 Valeo
335 983 79 34 filed
435 994 20 23 a
475 983 68 34 suit
563 982 34 34 in
617 983 60 34 the
696 983 138 34 Pulaski
855 982 139 43 County
1014 982 183 43 Chancery
1217 982 110 34 Court

115 1033 138 42 against
270 1034 59 33 the
345 1033 177 34 Arkansas
541 1032 173 44 Highway
731 1032 261 34 Commission’s
1009 1031 95 35 chief
1118 1032 171 42 engineer,
1307 1042 20 23 a

116 1082 130 35 former
274 1083 153 34 member
454 1082 39 34 of
517 1082 60 34 the
603 1082 221 35 commission
851 1081 68 35 and
947 1081 59 34 the
1032 1081 148 35 director
1207 1080 39 35 of
1269 1081 59 34 the

116 1133 180 34 Arkansas
308 1132 170 43 Highway
488 1131 69 35 and
566 1132 286 43 Transportation
862 1132 231 43 Department
1102 1136 35 29 to
1147 1130 113 44 enjoin
1270 1130 59 34 the

118 1182 174 44 Highway
303 1182 232 35 Commission
547 1181 90 35 from
648 1181 174 44 requiring
833 1181 59 35 the
902 1181 152 35 removal
1065 1180 39 36 of
1111 1181 59 34 the
1181 1180 146 43 bridges.

118 1232 391 44 Contemporaneously,
525 1242 20 24 a
560 1231 104 35 claim
679 1243 70 23 was
764 1231 79 34 filed
858 1231 45 43 by
918 1231 109 34 Valeo
1041 1231 83 34 with
1139 1230 59 35 the
1212 1230 117 35 state’s

119 1282 134 34 Claims
274 1282 232 35 Commission
527 1281 53 35 for
600 1281 259 45 compensation
880 1280 53 35 for
953 1280 60 35 the
1032 1281 103 34 work.

349 1364 74 34 The
444 1363 197 35 chancellor
663 1363 108 35 found
793 1363 59 35 the
873 1367 156 30 contract
1052 1362 204 43 ambiguous
1278 1373 51 23 re­

118 1413 147 43 garding
292 1414 59 34 the
376 1419 66 29 two
469 1413 149 43 bridges,
646 1413 97 35 ruled
769 1413 76 34 that
871 1413 59 34 the
955 1412 96 35 chief
1074 1412 160 44 engineer
1260 1423 70 23 was

119 1463 173 44 arbitrary
311 1464 33 33 in
363 1463 168 43 resolving
550 1463 59 34 the
627 1468 127 29 matter
773 1463 135 42 against
927 1462 109 35 Valeo
1054 1462 68 35 and
1141 1462 112 34 issued
1272 1462 59 34 the

120 1513 202 42 injunction.
338 1514 64 33 We
415 1513 79 43 only
508 1512 87 35 need
608 1517 36 30 to
658 1512 141 35 address
813 1512 59 35 the
884 1512 158 44 question
1055 1512 40 34 of
1102 1509 227 46 jurisdiction.

119 1563 84 35 This
219 1574 69 24 was
304 1563 123 45 simply
443 1574 19 24 a
478 1563 68 35 suit
561 1563 137 43 against
713 1563 60 35 the
787 1568 100 36 state,
903 1561 195 46 prohibited
1113 1562 45 44 by
1172 1562 59 35 the
1245 1562 84 35 Ark.

121 1614 120 34 Const.
255 1615 76 33 Art.
347 1615 17 33 5
381 1614 16 42 §
413 1615 54 39 20,
481 1613 112 35 which
606 1613 167 44 provides:
787 1613 97 34 “The
895 1613 100 34 State
1007 1613 39 34 of
1054 1613 177 34 Arkansas
1244 1612 87 35 shall

121 1674 102 23 never
235 1664 43 34 be
291 1664 102 34 made
404 1663 189 34 defendant
606 1663 35 35 in
653 1673 68 33 any
733 1663 40 34 of
781 1663 60 34 her
854 1662 149 35 courts.”
1016 1663 74 34 The
1102 1662 72 35 fact
1186 1662 75 34 that
1273 1662 59 34 the

119 1718 91 29 state
232 1714 171 42 Highway
424 1714 231 42 Department
675 1712 159 40 director,
855 1712 220 34 commission
1097 1711 106 35 board
1224 1722 106 23 mem­

120 1762 89 40 bers,
224 1762 68 34 and
307 1762 95 34 chief
413 1762 161 42 engineer
587 1772 91 24 were
691 1761 126 34 named
831 1761 128 43 parties
973 1761 134 34 instead
1121 1761 40 34 of
1171 1761 58 34 the
1243 1765 89 29 state

120 1811 96 34 itself
229 1811 27 33 is
272 1817 59 28 not
345 1810 263 35 determinative
622 1811 40 34 of
673 1811 153 34 whether
840 1810 59 34 the
913 1815 90 29 state
1017 1811 28 34 is
1060 1811 59 34 the
1132 1810 198 34 defendant.

121 1861 66 33 We
207 1861 79 34 look
306 1860 134 44 beyond
460 1860 59 34 the
539 1860 127 34 named
686 1860 128 44 parties
834 1865 35 29 to
889 1870 57 24 see
965 1859 30 34 if
1012 1860 59 34 the
1091 1860 71 34 real
1181 1859 104 34 claim
1305 1859 27 34 is

121 1910 138 42 against
273 1910 59 34 the
346 1915 99 29 state.
461 1910 154 34 McCain
628 1920 30 24 v.
676 1910 157 34 Crossett
851 1908 139 35 Timber
1005 1910 73 40 Co.,
1094 1910 67 33 206
1176 1909 84 34 Ark.
1278 1909 54 40 51,

126 1960 65 34 174
203 1959 143 35 S.W.2d
363 1961 64 33 114
440 1958 138 44 (1943).
591 1959 201 44 Obviously,
804 1959 60 35 the
875 1959 90 34 issue
976 1959 82 35 here
1070 1959 27 34 is
1109 1959 59 34 the
1179 1958 154 35 business

122 2009 39 35 of
171 2010 60 34 the
244 2015 90 30 state
346 2009 68 35 and
427 2010 60 34 the
499 2008 218 43 defendants,
731 2009 131 44 though
876 2008 217 42 individuals,
1107 2020 89 23 were
1209 2008 125 35 named

123 2060 34 34 in
178 2060 90 35 their
288 2060 124 34 official
433 2059 197 44 capacities.

307 2141 156 34 Another
475 2140 112 35 factor
599 2140 27 34 is
637 2141 154 34 whether
802 2140 59 34 the
871 2140 68 34 suit
950 2139 145 45 directly
1105 2150 38 24 or
1155 2139 180 43 indirectly

123 2201 137 24 coerces
277 2191 58 34 the
351 2196 98 29 state.
471 2192 142 33 Watson
627 2201 30 24 v.
674 2190 134 43 Dodge,
829 2191 62 33 187
908 2190 86 33 Ark.
1015 2191 99 39 1055,
1132 2190 42 34 63
1192 2188 143 35 S.W.2d

124 2240 218 44 993 (1933).
353 2241 82 35 This
442 2240 12 45 j
459 2240 168 44 udgment
635 2240 145 45 directly
790 2240 116 35 orders
916 2240 59 35 the
985 2245 90 30 state
1084 2245 59 30 not
1152 2245 36 30 to
1198 2239 138 35 enforce

124 2292 43 35 its
188 2297 166 30 contract.

310 2374 205 43 Exceptions
525 2379 35 29 to
569 2373 60 34 the
638 2374 74 34 rule
721 2373 210 44 prohibiting
940 2373 85 34 suits
1035 2373 136 43 against
1180 2372 59 34 the
1248 2377 90 29 state

126 2434 59 23 are
196 2423 76 34 few.
284 2425 83 32 Two
378 2423 171 34 instances
561 2422 112 35 which
685 2434 59 22 are
755 2428 59 28 not
824 2421 201 35 considered
1036 2422 85 34 suits
1133 2422 136 42 against
1279 2421 59 34 the
