1648 2688
119 396 102 34 merit
232 395 68 35 and
311 396 76 34 that
398 396 43 34 he
451 396 27 34 is
489 396 127 35 unable
626 402 36 29 to
672 396 130 35 submit
812 408 20 23 a
843 397 104 44 typed
958 397 100 41 brief,
1069 408 52 23 we
1130 397 68 34 will
1209 402 120 39 accept

119 456 20 23 a
160 446 126 42 legible
306 446 229 34 handwritten
556 446 99 35 brief.

1259 256 68 35 419

210 522 189 43 Appellant
416 522 62 34 has
495 522 107 44 thirty
618 522 85 44 days
720 528 36 29 to
772 523 56 34 file
845 534 20 23 a
882 523 105 44 typed
1004 523 92 34 brief
1109 534 38 23 or
1164 523 128 35 submit
1309 534 20 24 a

120 572 131 34 motion
272 571 54 35 for
346 572 201 43 permission
568 577 35 29 to
623 572 57 35 file
700 583 20 24 a
741 572 229 35 handwritten
991 573 99 34 brief.

212 648 148 35 Petition
380 648 133 35 denied.

212 725 159 40 Purtle,
392 725 42 40 J.,
455 730 60 29 not
535 725 256 43 participating.

221 1002 183 34 Roosevelt
424 1002 163 35 HAYES
608 1013 29 23 v.
658 1003 86 34 A.L.
766 1002 279 42 LOCKHART,
1066 1003 169 41 Director,

375 1052 178 34 Arkansas
574 1052 230 44 Department
823 1051 39 36 of
879 1052 203 35 Correction

125 1128 107 34 86-10

1014 1130 68 34 706
1103 1129 142 35 S.W.2d
1269 1131 63 33 179

452 1204 171 44 Supreme
643 1205 110 34 Court
773 1204 38 35 of
828 1205 178 35 Arkansas

389 1254 152 44 Opinion
561 1254 172 35 delivered
754 1255 127 34 March
901 1256 56 40 24,
982 1256 88 34 1986

216 1819 203 43 Appellant,
440 1830 61 33 pro
521 1830 47 23 se.

217 1895 60 33 No
297 1905 170 33 response.

218 1969 75 34 Per
315 1969 163 34 Curiam.

500 1970 39 33 In
560 1969 68 34 this
649 1969 130 35 motion
800 1969 187 44 appellant,
1008 1981 45 23 an
1073 1970 131 34 inmate
1223 1970 39 34 of
1278 1970 59 34 the

127 2019 179 34 Arkansas
328 2019 229 44 Department
577 2019 39 35 of
633 2019 214 42 Correction,
868 2024 155 40 requests
1043 2020 239 44 appointment
1301 2019 39 36 of

127 2069 141 34 counsel
287 2074 36 30 to
342 2074 174 39 represent
535 2069 72 35 him
626 2070 35 34 in
680 2070 60 35 the
758 2069 123 45 appeal
900 2070 40 35 of
955 2070 59 35 the
1032 2070 115 35 denial
1166 2070 39 35 of
1221 2081 20 24 a
1260 2070 77 35 civil

127 2119 132 35 motion
283 2119 53 35 for
358 2119 217 45 declaratory
593 2120 185 44 judgment
800 2120 136 44 against
959 2120 59 35 the
1040 2121 159 34 Director
1221 2120 39 35 of
1279 2121 59 35 the

128 2170 231 43 Department
368 2169 39 35 of
414 2170 213 34 Correction.
639 2171 56 34 He
704 2170 99 35 bases
813 2171 52 34 his
875 2171 131 34 motion
1015 2170 54 35 for
1078 2171 139 34 counsel
1226 2181 44 24 on
1279 2171 60 34 the

127 2219 263 44 unavailability
406 2219 40 34 of
459 2219 213 44 typewriters
690 2225 36 29 at
743 2220 59 34 the
818 2220 126 43 prison,
961 2220 112 34 which
1090 2220 179 44 precludes
1286 2220 52 34 his

128 2268 206 44 submitting
354 2280 20 23 a
394 2269 104 44 typed
518 2268 92 36 brief
627 2280 38 24 as
686 2269 159 44 required
865 2269 45 44 by
929 2280 63 24 our
1012 2270 101 34 rules.

313 2345 74 34 The
398 2345 131 34 motion
540 2345 28 34 is
580 2345 135 35 denied.
727 2345 75 34 The
813 2345 124 44 appeal
949 2345 28 35 is
988 2345 78 34 civil
1078 2345 35 34 in
1125 2350 133 36 nature,
1271 2345 68 34 and

128 2394 99 35 there
243 2395 28 34 is
289 2405 44 24 no
351 2394 156 35 absolute
524 2395 92 43 right
633 2400 36 29 to
686 2395 139 34 counsel
842 2395 35 34 in
894 2406 21 24 a
932 2395 78 34 civil
1028 2395 125 34 action.
1176 2396 116 42 Virgin
1307 2406 31 23 v.
