<?xml version='1.0' encoding='utf-8'?>
<alto xmlns="http://www.loc.gov/standards/alto/ns-v3#">
  <!--Created by Innodata R.E.D. RLI tool: 2017-04-25 06:27:31.340030-->
  <Description>
    <MeasurementUnit>pixel</MeasurementUnit>
    <sourceImageInformation>
      <fileName>32044078577194_00223_0.tif</fileName>
    </sourceImageInformation>
    <OCRProcessing ID="OP_1">
      <ocrProcessingStep>
        <processingStepDescription>Alto coordinates refer to the deskewed TIFF file. 
		To convert point (x, y) to original image (TIFF or JP2) apply transformation matrix T=(m00, m01, m10, m11, b0, b1) using the rule:
			T * (x,y) = (m00 * x + m01 * y + b0), (m10 * x + m11 * y + b1)</processingStepDescription>
        <processingStepSettings>RED.transform=(1.0, -0.0, 0.0, 1.0, 0.0, -0.0)</processingStepSettings>
      </ocrProcessingStep>
    </OCRProcessing>
  </Description>
  <Styles>
    <TextStyle FONTFAMILY="Times New Roman" FONTSIZE="10.50" FONTSTYLE="bold smallcaps" FONTTYPE="serif" FONTWIDTH="proportional" ID="Style_4"/>
    <TextStyle FONTFAMILY="Times New Roman" FONTSIZE="11.00" FONTTYPE="serif" FONTWIDTH="proportional" ID="Style_5"/>
    <TextStyle FONTFAMILY="Times New Roman" FONTSIZE="11.00" FONTSTYLE="italics" FONTTYPE="serif" FONTWIDTH="proportional" ID="Style_6"/>
  </Styles>
  <Tags>
    <StructureTag ID="b444-10" LABEL="blockquote"/>
    <StructureTag ID="A_p" LABEL="pagelabel"/>
    <StructureTag ID="b445-4" LABEL="p"/>
    </Tags>
  <Layout>
    <Page HEIGHT="2696" ID="PG_445" PHYSICAL_IMG_NR="445" WIDTH="1656">
      <PrintSpace HEIGHT="2696" HPOS="0" ID="PS_445" VPOS="0" WIDTH="1656">
        <TextBlock HEIGHT="541.0" HPOS="248.0" ID="BL_445.1" TAGREFS="b444-10" VPOS="409.0" WIDTH="1091.0">
          <TextLine HEIGHT="44" HPOS="248" ID="TL_445.1.1" VPOS="409" WIDTH="1088">
            <String CONTENT="making" HEIGHT="43" HPOS="248" ID="ST_445.1.1.1" STYLEREFS="Style_5" VPOS="409" WIDTH="141" WC="0.94" CC="000000" TAGREFS=""/>
            <SP HPOS="389" ID="SP_445.1.1.2" VPOS="420" WIDTH="20"/>
            <String CONTENT="an" HEIGHT="23" HPOS="409" ID="ST_445.1.1.3" STYLEREFS="Style_5" VPOS="420" WIDTH="44" WC="0.91" CC="00" TAGREFS=""/>
            <SP HPOS="453" ID="SP_445.1.1.4" VPOS="414" WIDTH="21"/>
            <String CONTENT="arrest" HEIGHT="29" HPOS="474" ID="ST_445.1.1.5" STYLEREFS="Style_5" VPOS="414" WIDTH="109" WC="1.00" CC="000000" TAGREFS=""/>
            <SP HPOS="583" ID="SP_445.1.1.6" VPOS="409" WIDTH="21"/>
            <String CONTENT="but" HEIGHT="34" HPOS="604" ID="ST_445.1.1.7" STYLEREFS="Style_5" VPOS="409" WIDTH="61" WC="0.97" CC="000" TAGREFS=""/>
            <SP HPOS="665" ID="SP_445.1.1.8" VPOS="409" WIDTH="21"/>
            <String CONTENT="in" HEIGHT="34" HPOS="686" ID="ST_445.1.1.9" STYLEREFS="Style_5" VPOS="409" WIDTH="34" WC="0.85" CC="00" TAGREFS=""/>
            <SP HPOS="720" ID="SP_445.1.1.10" VPOS="409" WIDTH="20"/>
            <String CONTENT="reality" HEIGHT="43" HPOS="740" ID="ST_445.1.1.11" STYLEREFS="Style_5" VPOS="409" WIDTH="123" WC="0.86" CC="0000000" TAGREFS=""/>
            <SP HPOS="863" ID="SP_445.1.1.12" VPOS="409" WIDTH="20"/>
            <String CONTENT="for" HEIGHT="34" HPOS="883" ID="ST_445.1.1.13" STYLEREFS="Style_5" VPOS="409" WIDTH="53" WC="0.95" CC="000" TAGREFS=""/>
            <SP HPOS="936" ID="SP_445.1.1.14" VPOS="409" WIDTH="21"/>
            <String CONTENT="the" HEIGHT="34" HPOS="957" ID="ST_445.1.1.15" STYLEREFS="Style_5" VPOS="409" WIDTH="59" WC="0.97" CC="000" TAGREFS=""/>
            <SP HPOS="1016" ID="SP_445.1.1.16" VPOS="420" WIDTH="19"/>
            <String CONTENT="purpose" HEIGHT="33" HPOS="1035" ID="ST_445.1.1.17" STYLEREFS="Style_5" VPOS="420" WIDTH="148" WC="1.00" CC="0000000" TAGREFS=""/>
            <SP HPOS="1183" ID="SP_445.1.1.18" VPOS="409" WIDTH="19"/>
            <String CONTENT="of" HEIGHT="34" HPOS="1202" ID="ST_445.1.1.19" STYLEREFS="Style_5" VPOS="409" WIDTH="39" WC="1.00" CC="00" TAGREFS=""/>
            <SP HPOS="1241" ID="SP_445.1.1.20" VPOS="420" WIDTH="16"/>
            <String CONTENT="con-" HEIGHT="23" HPOS="1257" ID="ST_445.1.1.21" STYLEREFS="Style_5" VPOS="420" WIDTH="79" WC="1.00" CC="0000" TAGREFS=""/>
          </TextLine>
          <TextLine HEIGHT="43" HPOS="248" ID="TL_445.1.2" VPOS="459" WIDTH="1088">
            <String CONTENT="ducting" HEIGHT="43" HPOS="248" ID="ST_445.1.2.1" STYLEREFS="Style_5" VPOS="459" WIDTH="142" WC="0.99" CC="0000000" TAGREFS=""/>
            <SP HPOS="390" ID="SP_445.1.2.2" VPOS="470" WIDTH="19"/>
            <String CONTENT="a" HEIGHT="23" HPOS="409" ID="ST_445.1.2.3" STYLEREFS="Style_5" VPOS="470" WIDTH="19" WC="0.91" CC="0" TAGREFS=""/>
            <SP HPOS="428" ID="SP_445.1.2.4" VPOS="459" WIDTH="19"/>
            <String CONTENT="general" HEIGHT="43" HPOS="447" ID="ST_445.1.2.5" STYLEREFS="Style_5" VPOS="459" WIDTH="140" WC="1.00" CC="0000000" TAGREFS=""/>
            <SP HPOS="587" ID="SP_445.1.2.6" VPOS="459" WIDTH="19"/>
            <String CONTENT="exploratory" HEIGHT="43" HPOS="606" ID="ST_445.1.2.7" STYLEREFS="Style_5" VPOS="459" WIDTH="217" WC="0.93" CC="00000000000" TAGREFS=""/>
            <SP HPOS="823" ID="SP_445.1.2.8" VPOS="459" WIDTH="19"/>
            <String CONTENT="search" HEIGHT="34" HPOS="842" ID="ST_445.1.2.9" STYLEREFS="Style_5" VPOS="459" WIDTH="121" WC="0.95" CC="000000" TAGREFS=""/>
            <SP HPOS="963" ID="SP_445.1.2.10" VPOS="459" WIDTH="19"/>
            <String CONTENT="for" HEIGHT="34" HPOS="982" ID="ST_445.1.2.11" STYLEREFS="Style_5" VPOS="459" WIDTH="54" WC="1.00" CC="000" TAGREFS=""/>
            <SP HPOS="1036" ID="SP_445.1.2.12" VPOS="459" WIDTH="18"/>
            <String CONTENT="merely" HEIGHT="43" HPOS="1054" ID="ST_445.1.2.13" STYLEREFS="Style_5" VPOS="459" WIDTH="130" WC="1.00" CC="000000" TAGREFS=""/>
            <SP HPOS="1184" ID="SP_445.1.2.14" VPOS="459" WIDTH="18"/>
            <String CONTENT="eviden-" HEIGHT="34" HPOS="1202" ID="ST_445.1.2.15" STYLEREFS="Style_5" VPOS="459" WIDTH="134" WC="0.94" CC="0000000" TAGREFS=""/>
          </TextLine>
          <TextLine HEIGHT="44" HPOS="248" ID="TL_445.1.3" VPOS="508" WIDTH="1090">
            <String CONTENT="tiary" HEIGHT="43" HPOS="248" ID="ST_445.1.3.1" STYLEREFS="Style_5" VPOS="509" WIDTH="90" WC="0.90" CC="00000" TAGREFS=""/>
            <SP HPOS="338" ID="SP_445.1.3.2" VPOS="509" WIDTH="15"/>
            <String CONTENT="materials" HEIGHT="34" HPOS="353" ID="ST_445.1.3.3" STYLEREFS="Style_5" VPOS="509" WIDTH="175" WC="0.94" CC="000000000" TAGREFS=""/>
            <SP HPOS="528" ID="SP_445.1.3.4" VPOS="508" WIDTH="15"/>
            <String CONTENT="tending" HEIGHT="44" HPOS="543" ID="ST_445.1.3.5" STYLEREFS="Style_5" VPOS="508" WIDTH="143" WC="0.96" CC="0000000" TAGREFS=""/>
            <SP HPOS="686" ID="SP_445.1.3.6" VPOS="514" WIDTH="15"/>
            <String CONTENT="to" HEIGHT="29" HPOS="701" ID="ST_445.1.3.7" STYLEREFS="Style_5" VPOS="514" WIDTH="35" WC="1.00" CC="00" TAGREFS=""/>
            <SP HPOS="736" ID="SP_445.1.3.8" VPOS="514" WIDTH="14"/>
            <String CONTENT="connect" HEIGHT="29" HPOS="750" ID="ST_445.1.3.9" STYLEREFS="Style_5" VPOS="514" WIDTH="145" WC="0.95" CC="0000000" TAGREFS=""/>
            <SP HPOS="895" ID="SP_445.1.3.10" VPOS="509" WIDTH="15"/>
            <String CONTENT="the" HEIGHT="34" HPOS="910" ID="ST_445.1.3.11" STYLEREFS="Style_5" VPOS="509" WIDTH="59" WC="0.93" CC="000" TAGREFS=""/>
            <SP HPOS="969" ID="SP_445.1.3.12" VPOS="509" WIDTH="15"/>
            <String CONTENT="accused" HEIGHT="34" HPOS="984" ID="ST_445.1.3.13" STYLEREFS="Style_5" VPOS="509" WIDTH="148" WC="1.00" CC="0000000" TAGREFS=""/>
            <SP HPOS="1132" ID="SP_445.1.3.14" VPOS="509" WIDTH="14"/>
            <String CONTENT="with" HEIGHT="34" HPOS="1146" ID="ST_445.1.3.15" STYLEREFS="Style_5" VPOS="509" WIDTH="82" WC="0.90" CC="0000" TAGREFS=""/>
            <SP HPOS="1228" ID="SP_445.1.3.16" VPOS="520" WIDTH="15"/>
            <String CONTENT="some" HEIGHT="23" HPOS="1243" ID="ST_445.1.3.17" STYLEREFS="Style_5" VPOS="520" WIDTH="95" WC="0.99" CC="0000" TAGREFS=""/>
          </TextLine>
          <TextLine HEIGHT="41" HPOS="248" ID="TL_445.1.4" VPOS="558" WIDTH="1088">
            <String CONTENT="crime.”" HEIGHT="34" HPOS="248" ID="ST_445.1.4.1" STYLEREFS="Style_5" VPOS="559" WIDTH="141" WC="0.86" CC="0000009" TAGREFS=""/>
            <SP HPOS="389" ID="SP_445.1.4.2" VPOS="560" WIDTH="23"/>
            <String CONTENT="Harris" HEIGHT="33" HPOS="412" ID="ST_445.1.4.3" STYLEREFS="Style_6" VPOS="560" WIDTH="129" WC="0.94" CC="000000" TAGREFS=""/>
            <SP HPOS="541" ID="SP_445.1.4.4" VPOS="570" WIDTH="21"/>
            <String CONTENT="v." HEIGHT="23" HPOS="562" ID="ST_445.1.4.5" STYLEREFS="Style_5" VPOS="570" WIDTH="30" WC="1.00" CC="00" TAGREFS=""/>
            <SP HPOS="592" ID="SP_445.1.4.6" VPOS="559" WIDTH="27"/>
            <String CONTENT="U.S.," HEIGHT="40" HPOS="619" ID="ST_445.1.4.7" STYLEREFS="Style_6" VPOS="559" WIDTH="92" WC="0.87" CC="00000" TAGREFS=""/>
            <SP HPOS="711" ID="SP_445.1.4.8" VPOS="560" WIDTH="25"/>
            <String CONTENT="331" HEIGHT="32" HPOS="736" ID="ST_445.1.4.9" STYLEREFS="Style_5" VPOS="560" WIDTH="62" WC="0.76" CC="099" TAGREFS=""/>
            <SP HPOS="798" ID="SP_445.1.4.10" VPOS="558" WIDTH="27"/>
            <String CONTENT="U.S." HEIGHT="35" HPOS="825" ID="ST_445.1.4.11" STYLEREFS="Style_5" VPOS="558" WIDTH="84" WC="1.00" CC="0000" TAGREFS=""/>
            <SP HPOS="909" ID="SP_445.1.4.12" VPOS="559" WIDTH="29"/>
            <String CONTENT="145," HEIGHT="40" HPOS="938" ID="ST_445.1.4.13" STYLEREFS="Style_5" VPOS="559" WIDTH="75" WC="0.99" CC="0000" TAGREFS=""/>
            <SP HPOS="1013" ID="SP_445.1.4.14" VPOS="559" WIDTH="25"/>
            <String CONTENT="67" HEIGHT="33" HPOS="1038" ID="ST_445.1.4.15" STYLEREFS="Style_5" VPOS="559" WIDTH="43" WC="1.00" CC="00" TAGREFS=""/>
            <SP HPOS="1081" ID="SP_445.1.4.16" VPOS="558" WIDTH="25"/>
            <String CONTENT="S." HEIGHT="34" HPOS="1106" ID="ST_445.1.4.17" STYLEREFS="Style_5" VPOS="558" WIDTH="35" WC="1.00" CC="00" TAGREFS=""/>
            <SP HPOS="1141" ID="SP_445.1.4.18" VPOS="558" WIDTH="25"/>
            <String CONTENT="Ct." HEIGHT="34" HPOS="1166" ID="ST_445.1.4.19" STYLEREFS="Style_5" VPOS="558" WIDTH="56" WC="0.97" CC="000" TAGREFS=""/>
            <SP HPOS="1222" ID="SP_445.1.4.20" VPOS="559" WIDTH="28"/>
            <String CONTENT="1098" HEIGHT="34" HPOS="1250" ID="ST_445.1.4.21" STYLEREFS="Style_5" VPOS="559" WIDTH="86" WC="0.90" CC="0000" TAGREFS=""/>
          </TextLine>
          <TextLine HEIGHT="44" HPOS="251" ID="TL_445.1.5" VPOS="608" WIDTH="1087">
            <String CONTENT="(1947)." HEIGHT="43" HPOS="251" ID="ST_445.1.5.1" STYLEREFS="Style_5" VPOS="608" WIDTH="136" WC="0.95" CC="9990099" TAGREFS=""/>
            <SP HPOS="387" ID="SP_445.1.5.2" VPOS="609" WIDTH="19"/>
            <String CONTENT="It" HEIGHT="33" HPOS="406" ID="ST_445.1.5.3" STYLEREFS="Style_5" VPOS="609" WIDTH="30" WC="1.00" CC="00" TAGREFS=""/>
            <SP HPOS="436" ID="SP_445.1.5.4" VPOS="608" WIDTH="16"/>
            <String CONTENT="is" HEIGHT="34" HPOS="452" ID="ST_445.1.5.5" STYLEREFS="Style_5" VPOS="608" WIDTH="27" WC="0.80" CC="00" TAGREFS=""/>
            <SP HPOS="479" ID="SP_445.1.5.6" VPOS="608" WIDTH="16"/>
            <String CONTENT="settled" HEIGHT="34" HPOS="495" ID="ST_445.1.5.7" STYLEREFS="Style_5" VPOS="608" WIDTH="124" WC="1.00" CC="0000000" TAGREFS=""/>
            <SP HPOS="619" ID="SP_445.1.5.8" VPOS="608" WIDTH="17"/>
            <String CONTENT="law" HEIGHT="35" HPOS="636" ID="ST_445.1.5.9" STYLEREFS="Style_5" VPOS="608" WIDTH="65" WC="0.89" CC="000" TAGREFS=""/>
            <SP HPOS="701" ID="SP_445.1.5.10" VPOS="608" WIDTH="16"/>
            <String CONTENT="that" HEIGHT="35" HPOS="717" ID="ST_445.1.5.11" STYLEREFS="Style_5" VPOS="608" WIDTH="76" WC="0.98" CC="0000" TAGREFS=""/>
            <SP HPOS="793" ID="SP_445.1.5.12" VPOS="608" WIDTH="15"/>
            <String CONTENT="“when" HEIGHT="34" HPOS="808" ID="ST_445.1.5.13" STYLEREFS="Style_5" VPOS="608" WIDTH="122" WC="0.75" CC="90000" TAGREFS=""/>
            <SP HPOS="930" ID="SP_445.1.5.14" VPOS="608" WIDTH="16"/>
            <String CONTENT="it" HEIGHT="35" HPOS="946" ID="ST_445.1.5.15" STYLEREFS="Style_5" VPOS="608" WIDTH="27" WC="1.00" CC="00" TAGREFS=""/>
            <SP HPOS="973" ID="SP_445.1.5.16" VPOS="619" WIDTH="15"/>
            <String CONTENT="appears," HEIGHT="33" HPOS="988" ID="ST_445.1.5.17" STYLEREFS="Style_5" VPOS="619" WIDTH="158" WC="0.91" CC="00000000" TAGREFS=""/>
            <SP HPOS="1146" ID="SP_445.1.5.18" VPOS="619" WIDTH="16"/>
            <String CONTENT="as" HEIGHT="24" HPOS="1162" ID="ST_445.1.5.19" STYLEREFS="Style_5" VPOS="619" WIDTH="37" WC="1.00" CC="00" TAGREFS=""/>
            <SP HPOS="1199" ID="SP_445.1.5.20" VPOS="609" WIDTH="16"/>
            <String CONTENT="it" HEIGHT="34" HPOS="1215" ID="ST_445.1.5.21" STYLEREFS="Style_5" VPOS="609" WIDTH="27" WC="1.00" CC="00" TAGREFS=""/>
            <SP HPOS="1242" ID="SP_445.1.5.22" VPOS="608" WIDTH="15"/>
            <String CONTENT="does" HEIGHT="35" HPOS="1257" ID="ST_445.1.5.23" STYLEREFS="Style_5" VPOS="608" WIDTH="81" WC="1.00" CC="0000" TAGREFS=""/>
          </TextLine>
          <TextLine HEIGHT="43" HPOS="249" ID="TL_445.1.6" VPOS="658" WIDTH="1090">
            <String CONTENT="here," HEIGHT="41" HPOS="249" ID="ST_445.1.6.1" STYLEREFS="Style_5" VPOS="658" WIDTH="92" WC="0.97" CC="00000" TAGREFS=""/>
            <SP HPOS="341" ID="SP_445.1.6.2" VPOS="658" WIDTH="13"/>
            <String CONTENT="that" HEIGHT="34" HPOS="354" ID="ST_445.1.6.3" STYLEREFS="Style_5" VPOS="658" WIDTH="76" WC="0.95" CC="0000" TAGREFS=""/>
            <SP HPOS="430" ID="SP_445.1.6.4" VPOS="658" WIDTH="11"/>
            <String CONTENT="the" HEIGHT="34" HPOS="441" ID="ST_445.1.6.5" STYLEREFS="Style_5" VPOS="658" WIDTH="59" WC="1.00" CC="000" TAGREFS=""/>
            <SP HPOS="500" ID="SP_445.1.6.6" VPOS="658" WIDTH="11"/>
            <String CONTENT="search" HEIGHT="34" HPOS="511" ID="ST_445.1.6.7" STYLEREFS="Style_5" VPOS="658" WIDTH="122" WC="0.98" CC="000000" TAGREFS=""/>
            <SP HPOS="633" ID="SP_445.1.6.8" VPOS="658" WIDTH="12"/>
            <String CONTENT="and" HEIGHT="34" HPOS="645" ID="ST_445.1.6.9" STYLEREFS="Style_5" VPOS="658" WIDTH="69" WC="0.90" CC="000" TAGREFS=""/>
            <SP HPOS="714" ID="SP_445.1.6.10" VPOS="663" WIDTH="13"/>
            <String CONTENT="not" HEIGHT="29" HPOS="727" ID="ST_445.1.6.11" STYLEREFS="Style_5" VPOS="663" WIDTH="59" WC="0.95" CC="000" TAGREFS=""/>
            <SP HPOS="786" ID="SP_445.1.6.12" VPOS="658" WIDTH="11"/>
            <String CONTENT="the" HEIGHT="34" HPOS="797" ID="ST_445.1.6.13" STYLEREFS="Style_5" VPOS="658" WIDTH="59" WC="0.96" CC="000" TAGREFS=""/>
            <SP HPOS="856" ID="SP_445.1.6.14" VPOS="663" WIDTH="11"/>
            <String CONTENT="arrest" HEIGHT="30" HPOS="867" ID="ST_445.1.6.15" STYLEREFS="Style_5" VPOS="663" WIDTH="110" WC="0.99" CC="000000" TAGREFS=""/>
            <SP HPOS="977" ID="SP_445.1.6.16" VPOS="669" WIDTH="12"/>
            <String CONTENT="was" HEIGHT="23" HPOS="989" ID="ST_445.1.6.17" STYLEREFS="Style_5" VPOS="669" WIDTH="70" WC="0.98" CC="000" TAGREFS=""/>
            <SP HPOS="1059" ID="SP_445.1.6.18" VPOS="658" WIDTH="12"/>
            <String CONTENT="the" HEIGHT="35" HPOS="1071" ID="ST_445.1.6.19" STYLEREFS="Style_5" VPOS="658" WIDTH="59" WC="1.00" CC="000" TAGREFS=""/>
            <SP HPOS="1130" ID="SP_445.1.6.20" VPOS="658" WIDTH="12"/>
            <String CONTENT="real" HEIGHT="34" HPOS="1142" ID="ST_445.1.6.21" STYLEREFS="Style_5" VPOS="658" WIDTH="71" WC="1.00" CC="0000" TAGREFS=""/>
            <SP HPOS="1213" ID="SP_445.1.6.22" VPOS="658" WIDTH="12"/>
            <String CONTENT="object" HEIGHT="43" HPOS="1225" ID="ST_445.1.6.23" STYLEREFS="Style_5" VPOS="658" WIDTH="114" WC="0.92" CC="000000" TAGREFS=""/>
          </TextLine>
          <TextLine HEIGHT="44" HPOS="249" ID="TL_445.1.7" VPOS="708" WIDTH="1090">
            <String CONTENT="of" HEIGHT="34" HPOS="249" ID="ST_445.1.7.1" STYLEREFS="Style_5" VPOS="708" WIDTH="39" WC="1.00" CC="00" TAGREFS=""/>
            <SP HPOS="288" ID="SP_445.1.7.2" VPOS="708" WIDTH="11"/>
            <String CONTENT="the" HEIGHT="34" HPOS="299" ID="ST_445.1.7.3" STYLEREFS="Style_5" VPOS="708" WIDTH="59" WC="1.00" CC="000" TAGREFS=""/>
            <SP HPOS="358" ID="SP_445.1.7.4" VPOS="708" WIDTH="13"/>
            <String CONTENT="officers" HEIGHT="34" HPOS="371" ID="ST_445.1.7.5" STYLEREFS="Style_5" VPOS="708" WIDTH="132" WC="1.00" CC="00000000" TAGREFS=""/>
            <SP HPOS="503" ID="SP_445.1.7.6" VPOS="708" WIDTH="15"/>
            <String CONTENT="in" HEIGHT="34" HPOS="518" ID="ST_445.1.7.7" STYLEREFS="Style_5" VPOS="708" WIDTH="34" WC="0.94" CC="00" TAGREFS=""/>
            <SP HPOS="552" ID="SP_445.1.7.8" VPOS="708" WIDTH="15"/>
            <String CONTENT="entering" HEIGHT="43" HPOS="567" ID="ST_445.1.7.9" STYLEREFS="Style_5" VPOS="708" WIDTH="157" WC="1.00" CC="00000000" TAGREFS=""/>
            <SP HPOS="724" ID="SP_445.1.7.10" VPOS="719" WIDTH="14"/>
            <String CONTENT="upon" HEIGHT="33" HPOS="738" ID="ST_445.1.7.11" STYLEREFS="Style_5" VPOS="719" WIDTH="91" WC="0.94" CC="0000" TAGREFS=""/>
            <SP HPOS="829" ID="SP_445.1.7.12" VPOS="708" WIDTH="14"/>
            <String CONTENT="the" HEIGHT="35" HPOS="843" ID="ST_445.1.7.13" STYLEREFS="Style_5" VPOS="708" WIDTH="59" WC="0.92" CC="000" TAGREFS=""/>
            <SP HPOS="902" ID="SP_445.1.7.14" VPOS="708" WIDTH="14"/>
            <String CONTENT="premises," HEIGHT="44" HPOS="916" ID="ST_445.1.7.15" STYLEREFS="Style_5" VPOS="708" WIDTH="177" WC="0.94" CC="000000000" TAGREFS=""/>
            <SP HPOS="1093" ID="SP_445.1.7.16" VPOS="708" WIDTH="15"/>
            <String CONTENT="and" HEIGHT="35" HPOS="1108" ID="ST_445.1.7.17" STYLEREFS="Style_5" VPOS="708" WIDTH="68" WC="0.77" CC="000" TAGREFS=""/>
            <SP HPOS="1176" ID="SP_445.1.7.18" VPOS="708" WIDTH="15"/>
            <String CONTENT="that" HEIGHT="34" HPOS="1191" ID="ST_445.1.7.19" STYLEREFS="Style_5" VPOS="708" WIDTH="76" WC="0.84" CC="0000" TAGREFS=""/>
            <SP HPOS="1267" ID="SP_445.1.7.20" VPOS="708" WIDTH="13"/>
            <String CONTENT="the" HEIGHT="35" HPOS="1280" ID="ST_445.1.7.21" STYLEREFS="Style_5" VPOS="708" WIDTH="59" WC="0.90" CC="000" TAGREFS=""/>
          </TextLine>
          <TextLine HEIGHT="44" HPOS="249" ID="TL_445.1.8" VPOS="758" WIDTH="1090">
            <String CONTENT="arrest" HEIGHT="29" HPOS="249" ID="ST_445.1.8.1" STYLEREFS="Style_5" VPOS="763" WIDTH="109" WC="1.00" CC="000000" TAGREFS=""/>
            <SP HPOS="358" ID="SP_445.1.8.2" VPOS="769" WIDTH="16"/>
            <String CONTENT="was" HEIGHT="23" HPOS="374" ID="ST_445.1.8.3" STYLEREFS="Style_5" VPOS="769" WIDTH="69" WC="1.00" CC="000" TAGREFS=""/>
            <SP HPOS="443" ID="SP_445.1.8.4" VPOS="769" WIDTH="16"/>
            <String CONTENT="a" HEIGHT="24" HPOS="459" ID="ST_445.1.8.5" STYLEREFS="Style_5" VPOS="769" WIDTH="20" WC="1.00" CC="0" TAGREFS=""/>
            <SP HPOS="479" ID="SP_445.1.8.6" VPOS="763" WIDTH="16"/>
            <String CONTENT="pretext" HEIGHT="39" HPOS="495" ID="ST_445.1.8.7" STYLEREFS="Style_5" VPOS="763" WIDTH="135" WC="1.00" CC="0000000" TAGREFS=""/>
            <SP HPOS="630" ID="SP_445.1.8.8" VPOS="758" WIDTH="16"/>
            <String CONTENT="for" HEIGHT="35" HPOS="646" ID="ST_445.1.8.9" STYLEREFS="Style_5" VPOS="758" WIDTH="54" WC="1.00" CC="000" TAGREFS=""/>
            <SP HPOS="700" ID="SP_445.1.8.10" VPOS="769" WIDTH="15"/>
            <String CONTENT="or" HEIGHT="23" HPOS="715" ID="ST_445.1.8.11" STYLEREFS="Style_5" VPOS="769" WIDTH="38" WC="1.00" CC="00" TAGREFS=""/>
            <SP HPOS="753" ID="SP_445.1.8.12" VPOS="763" WIDTH="16"/>
            <String CONTENT="at" HEIGHT="29" HPOS="769" ID="ST_445.1.8.13" STYLEREFS="Style_5" VPOS="763" WIDTH="36" WC="1.00" CC="00" TAGREFS=""/>
            <SP HPOS="805" ID="SP_445.1.8.14" VPOS="758" WIDTH="15"/>
            <String CONTENT="the" HEIGHT="35" HPOS="820" ID="ST_445.1.8.15" STYLEREFS="Style_5" VPOS="758" WIDTH="59" WC="0.98" CC="000" TAGREFS=""/>
            <SP HPOS="879" ID="SP_445.1.8.16" VPOS="763" WIDTH="16"/>
            <String CONTENT="most" HEIGHT="30" HPOS="895" ID="ST_445.1.8.17" STYLEREFS="Style_5" VPOS="763" WIDTH="90" WC="0.97" CC="0000" TAGREFS=""/>
            <SP HPOS="985" ID="SP_445.1.8.18" VPOS="769" WIDTH="16"/>
            <String CONTENT="an" HEIGHT="24" HPOS="1001" ID="ST_445.1.8.19" STYLEREFS="Style_5" VPOS="769" WIDTH="44" WC="1.00" CC="00" TAGREFS=""/>
            <SP HPOS="1045" ID="SP_445.1.8.20" VPOS="758" WIDTH="17"/>
            <String CONTENT="incident" HEIGHT="35" HPOS="1062" ID="ST_445.1.8.21" STYLEREFS="Style_5" VPOS="758" WIDTH="152" WC="0.97" CC="00000000" TAGREFS=""/>
            <SP HPOS="1214" ID="SP_445.1.8.22" VPOS="758" WIDTH="15"/>
            <String CONTENT="of" HEIGHT="35" HPOS="1229" ID="ST_445.1.8.23" STYLEREFS="Style_5" VPOS="758" WIDTH="39" WC="1.00" CC="00" TAGREFS=""/>
            <SP HPOS="1268" ID="SP_445.1.8.24" VPOS="758" WIDTH="12"/>
            <String CONTENT="the" HEIGHT="35" HPOS="1280" ID="ST_445.1.8.25" STYLEREFS="Style_5" VPOS="758" WIDTH="59" WC="0.88" CC="000" TAGREFS=""/>
          </TextLine>
          <TextLine HEIGHT="43" HPOS="249" ID="TL_445.1.9" VPOS="808" WIDTH="1090">
            <String CONTENT="search,”" HEIGHT="40" HPOS="249" ID="ST_445.1.9.1" STYLEREFS="Style_5" VPOS="808" WIDTH="155" WC="0.76" CC="00000009" TAGREFS=""/>
            <SP HPOS="404" ID="SP_445.1.9.2" VPOS="808" WIDTH="11"/>
            <String CONTENT="the" HEIGHT="34" HPOS="415" ID="ST_445.1.9.3" STYLEREFS="Style_5" VPOS="808" WIDTH="59" WC="0.85" CC="000" TAGREFS=""/>
            <SP HPOS="474" ID="SP_445.1.9.4" VPOS="808" WIDTH="10"/>
            <String CONTENT="search" HEIGHT="34" HPOS="484" ID="ST_445.1.9.5" STYLEREFS="Style_5" VPOS="808" WIDTH="122" WC="1.00" CC="000000" TAGREFS=""/>
            <SP HPOS="606" ID="SP_445.1.9.6" VPOS="819" WIDTH="10"/>
            <String CONTENT="was" HEIGHT="23" HPOS="616" ID="ST_445.1.9.7" STYLEREFS="Style_5" VPOS="819" WIDTH="70" WC="1.00" CC="000" TAGREFS=""/>
            <SP HPOS="686" ID="SP_445.1.9.8" VPOS="813" WIDTH="10"/>
            <String CONTENT="not" HEIGHT="29" HPOS="696" ID="ST_445.1.9.9" STYLEREFS="Style_5" VPOS="813" WIDTH="60" WC="0.86" CC="000" TAGREFS=""/>
            <SP HPOS="756" ID="SP_445.1.9.10" VPOS="808" WIDTH="10"/>
            <String CONTENT="reasonable" HEIGHT="35" HPOS="766" ID="ST_445.1.9.11" STYLEREFS="Style_5" VPOS="808" WIDTH="202" WC="0.99" CC="0000000000" TAGREFS=""/>
            <SP HPOS="968" ID="SP_445.1.9.12" VPOS="808" WIDTH="10"/>
            <String CONTENT="within" HEIGHT="35" HPOS="978" ID="ST_445.1.9.13" STYLEREFS="Style_5" VPOS="808" WIDTH="120" WC="0.82" CC="000000" TAGREFS=""/>
            <SP HPOS="1098" ID="SP_445.1.9.14" VPOS="808" WIDTH="10"/>
            <String CONTENT="the" HEIGHT="35" HPOS="1108" ID="ST_445.1.9.15" STYLEREFS="Style_5" VPOS="808" WIDTH="59" WC="1.00" CC="000" TAGREFS=""/>
            <SP HPOS="1167" ID="SP_445.1.9.16" VPOS="809" WIDTH="10"/>
            <String CONTENT="meaning" HEIGHT="42" HPOS="1177" ID="ST_445.1.9.17" STYLEREFS="Style_5" VPOS="809" WIDTH="162" WC="0.96" CC="0000000" TAGREFS=""/>
          </TextLine>
          <TextLine HEIGHT="42" HPOS="249" ID="TL_445.1.10" VPOS="857" WIDTH="1090">
            <String CONTENT="of" HEIGHT="34" HPOS="249" ID="ST_445.1.10.1" STYLEREFS="Style_5" VPOS="857" WIDTH="39" WC="1.00" CC="00" TAGREFS=""/>
            <SP HPOS="288" ID="SP_445.1.10.2" VPOS="858" WIDTH="12"/>
            <String CONTENT="the" HEIGHT="34" HPOS="300" ID="ST_445.1.10.3" STYLEREFS="Style_5" VPOS="858" WIDTH="59" WC="1.00" CC="000" TAGREFS=""/>
            <SP HPOS="359" ID="SP_445.1.10.4" VPOS="858" WIDTH="15"/>
            <String CONTENT="Constitution." HEIGHT="34" HPOS="374" ID="ST_445.1.10.5" STYLEREFS="Style_5" VPOS="858" WIDTH="246" WC="0.99" CC="0000000000000" TAGREFS=""/>
            <SP HPOS="620" ID="SP_445.1.10.6" VPOS="857" WIDTH="16"/>
            <String CONTENT="Henderson" HEIGHT="35" HPOS="636" ID="ST_445.1.10.7" STYLEREFS="Style_6" VPOS="857" WIDTH="208" WC="0.97" CC="000000000" TAGREFS=""/>
            <SP HPOS="844" ID="SP_445.1.10.8" VPOS="869" WIDTH="13"/>
            <String CONTENT="v." HEIGHT="23" HPOS="857" ID="ST_445.1.10.9" STYLEREFS="Style_5" VPOS="869" WIDTH="30" WC="1.00" CC="00" TAGREFS=""/>
            <SP HPOS="887" ID="SP_445.1.10.10" VPOS="857" WIDTH="19"/>
            <String CONTENT="United" HEIGHT="36" HPOS="906" ID="ST_445.1.10.11" STYLEREFS="Style_6" VPOS="857" WIDTH="128" WC="1.00" CC="000000" TAGREFS=""/>
            <SP HPOS="1034" ID="SP_445.1.10.12" VPOS="858" WIDTH="12"/>
            <String CONTENT="States," HEIGHT="41" HPOS="1046" ID="ST_445.1.10.13" STYLEREFS="Style_6" VPOS="858" WIDTH="132" WC="0.90" CC="0000000" TAGREFS=""/>
            <SP HPOS="1178" ID="SP_445.1.10.14" VPOS="859" WIDTH="20"/>
            <String CONTENT="12" HEIGHT="33" HPOS="1198" ID="ST_445.1.10.15" STYLEREFS="Style_5" VPOS="859" WIDTH="40" WC="0.82" CC="99" TAGREFS=""/>
            <SP HPOS="1238" ID="SP_445.1.10.16" VPOS="858" WIDTH="16"/>
            <String CONTENT="F.2d" HEIGHT="34" HPOS="1254" ID="ST_445.1.10.17" STYLEREFS="Style_5" VPOS="858" WIDTH="85" WC="0.94" CC="0000" TAGREFS=""/>
          </TextLine>
          <TextLine HEIGHT="43" HPOS="251" ID="TL_445.1.11" VPOS="907" WIDTH="403">
            <String CONTENT="528" HEIGHT="34" HPOS="251" ID="ST_445.1.11.1" STYLEREFS="Style_5" VPOS="908" WIDTH="65" WC="0.78" CC="000" TAGREFS=""/>
            <SP HPOS="316" ID="SP_445.1.11.2" VPOS="907" WIDTH="25"/>
            <String CONTENT="(4th" HEIGHT="43" HPOS="341" ID="ST_445.1.11.3" STYLEREFS="Style_5" VPOS="907" WIDTH="77" WC="0.85" CC="0000" TAGREFS=""/>
            <SP HPOS="418" ID="SP_445.1.11.4" VPOS="907" WIDTH="21"/>
            <String CONTENT="Cir." HEIGHT="35" HPOS="439" ID="ST_445.1.11.5" STYLEREFS="Style_5" VPOS="907" WIDTH="71" WC="0.94" CC="0000" TAGREFS=""/>
            <SP HPOS="510" ID="SP_445.1.11.6" VPOS="907" WIDTH="26"/>
            <String CONTENT="1926)." HEIGHT="43" HPOS="536" ID="ST_445.1.11.7" STYLEREFS="Style_5" VPOS="907" WIDTH="118" WC="0.91" CC="000000" TAGREFS=""/>
          </TextLine>
        </TextBlock>
        <TextBlock HEIGHT="33.0" HPOS="1268.0" ID="BL_445.3" TAGREFS="A_p" VPOS="269.0" WIDTH="64.0">
          <TextLine HEIGHT="33" HPOS="1268" ID="TL_445.3.1" VPOS="269" WIDTH="64">
            <String CONTENT="411" HEIGHT="33" HPOS="1268" ID="ST_445.3.1.1" STYLEREFS="Style_4" VPOS="269" WIDTH="64" WC="1.00" CC="099" TAGREFS=""/>
          </TextLine>
        </TextBlock>
        <TextBlock HEIGHT="1440.0" HPOS="124.0" ID="BL_445.4" TAGREFS="b445-4" VPOS="1015.0" WIDTH="1219.0">
          <TextLine HEIGHT="44" HPOS="217" ID="TL_445.4.1" VPOS="1015" WIDTH="1122">
            <String CONTENT="Some" HEIGHT="35" HPOS="356" ID="ST_445.4.1.5" STYLEREFS="Style_5" VPOS="1015" WIDTH="105" WC="0.97" CC="0000" TAGREFS=""/>
            <SP HPOS="461" ID="SP_445.4.1.6" VPOS="1021" WIDTH="19"/>
            <String CONTENT="courts" HEIGHT="29" HPOS="480" ID="ST_445.4.1.7" STYLEREFS="Style_5" VPOS="1021" WIDTH="116" WC="1.00" CC="000000" TAGREFS=""/>
            <SP HPOS="596" ID="SP_445.4.1.8" VPOS="1016" WIDTH="20"/>
            <String CONTENT="have" HEIGHT="34" HPOS="616" ID="ST_445.4.1.9" STYLEREFS="Style_5" VPOS="1016" WIDTH="88" WC="0.95" CC="0000" TAGREFS=""/>
            <SP HPOS="704" ID="SP_445.4.1.10" VPOS="1015" WIDTH="19"/>
            <String CONTENT="stated" HEIGHT="35" HPOS="723" ID="ST_445.4.1.11" STYLEREFS="Style_5" VPOS="1015" WIDTH="113" WC="1.00" CC="000000" TAGREFS=""/>
            <SP HPOS="836" ID="SP_445.4.1.12" VPOS="1016" WIDTH="20"/>
            <String CONTENT="that" HEIGHT="34" HPOS="856" ID="ST_445.4.1.13" STYLEREFS="Style_5" VPOS="1016" WIDTH="77" WC="0.92" CC="0000" TAGREFS=""/>
            <SP HPOS="933" ID="SP_445.4.1.14" VPOS="1016" WIDTH="19"/>
            <String CONTENT="they" HEIGHT="43" HPOS="952" ID="ST_445.4.1.15" STYLEREFS="Style_5" VPOS="1016" WIDTH="82" WC="1.00" CC="0000" TAGREFS=""/>
            <SP HPOS="1034" ID="SP_445.4.1.16" VPOS="1016" WIDTH="19"/>
            <String CONTENT="would" HEIGHT="34" HPOS="1053" ID="ST_445.4.1.17" STYLEREFS="Style_5" VPOS="1016" WIDTH="114" WC="0.92" CC="00000" TAGREFS=""/>
            <SP HPOS="1167" ID="SP_445.4.1.18" VPOS="1016" WIDTH="19"/>
            <String CONTENT="disallow" HEIGHT="34" HPOS="1186" ID="ST_445.4.1.19" STYLEREFS="Style_5" VPOS="1016" WIDTH="153" WC="0.99" CC="00000000" TAGREFS=""/>
          </TextLine>
          <TextLine HEIGHT="44" HPOS="124" ID="TL_445.4.2" VPOS="1064" WIDTH="1216">
            <String CONTENT="facially" HEIGHT="44" HPOS="124" ID="ST_445.4.2.1" STYLEREFS="Style_5" VPOS="1064" WIDTH="143" WC="0.96" CC="00000000" TAGREFS=""/>
            <SP HPOS="267" ID="SP_445.4.2.2" VPOS="1065" WIDTH="13"/>
            <String CONTENT="valid" HEIGHT="34" HPOS="280" ID="ST_445.4.2.3" STYLEREFS="Style_5" VPOS="1065" WIDTH="92" WC="1.00" CC="00000" TAGREFS=""/>
            <SP HPOS="372" ID="SP_445.4.2.4" VPOS="1065" WIDTH="14"/>
            <String CONTENT="searches" HEIGHT="35" HPOS="386" ID="ST_445.4.2.5" STYLEREFS="Style_5" VPOS="1065" WIDTH="159" WC="0.99" CC="00000000" TAGREFS=""/>
            <SP HPOS="545" ID="SP_445.4.2.6" VPOS="1065" WIDTH="15"/>
            <String CONTENT="conducted" HEIGHT="35" HPOS="560" ID="ST_445.4.2.7" STYLEREFS="Style_5" VPOS="1065" WIDTH="194" WC="0.97" CC="000000000" TAGREFS=""/>
            <SP HPOS="754" ID="SP_445.4.2.8" VPOS="1065" WIDTH="15"/>
            <String CONTENT="incident" HEIGHT="35" HPOS="769" ID="ST_445.4.2.9" STYLEREFS="Style_5" VPOS="1065" WIDTH="152" WC="0.92" CC="00000000" TAGREFS=""/>
            <SP HPOS="921" ID="SP_445.4.2.10" VPOS="1071" WIDTH="14"/>
            <String CONTENT="to" HEIGHT="29" HPOS="935" ID="ST_445.4.2.11" STYLEREFS="Style_5" VPOS="1071" WIDTH="36" WC="0.94" CC="00" TAGREFS=""/>
            <SP HPOS="971" ID="SP_445.4.2.12" VPOS="1071" WIDTH="15"/>
            <String CONTENT="arrests" HEIGHT="29" HPOS="986" ID="ST_445.4.2.13" STYLEREFS="Style_5" VPOS="1071" WIDTH="126" WC="0.93" CC="0000000" TAGREFS=""/>
            <SP HPOS="1112" ID="SP_445.4.2.14" VPOS="1066" WIDTH="15"/>
            <String CONTENT="which" HEIGHT="34" HPOS="1127" ID="ST_445.4.2.15" STYLEREFS="Style_5" VPOS="1066" WIDTH="112" WC="1.00" CC="00000" TAGREFS=""/>
            <SP HPOS="1239" ID="SP_445.4.2.16" VPOS="1066" WIDTH="14"/>
            <String CONTENT="have" HEIGHT="34" HPOS="1253" ID="ST_445.4.2.17" STYLEREFS="Style_5" VPOS="1066" WIDTH="87" WC="1.00" CC="0000" TAGREFS=""/>
          </TextLine>
          <TextLine HEIGHT="45" HPOS="124" ID="TL_445.4.3" VPOS="1114" WIDTH="1214">
            <String CONTENT="been" HEIGHT="35" HPOS="124" ID="ST_445.4.3.1" STYLEREFS="Style_5" VPOS="1114" WIDTH="88" WC="0.96" CC="0000" TAGREFS=""/>
            <SP HPOS="212" ID="SP_445.4.3.2" VPOS="1114" WIDTH="13"/>
            <String CONTENT="made" HEIGHT="35" HPOS="225" ID="ST_445.4.3.3" STYLEREFS="Style_5" VPOS="1114" WIDTH="103" WC="1.00" CC="0000" TAGREFS=""/>
            <SP HPOS="328" ID="SP_445.4.3.4" VPOS="1115" WIDTH="11"/>
            <String CONTENT="solely" HEIGHT="44" HPOS="339" ID="ST_445.4.3.5" STYLEREFS="Style_5" VPOS="1115" WIDTH="106" WC="0.98" CC="000000" TAGREFS=""/>
            <SP HPOS="445" ID="SP_445.4.3.6" VPOS="1126" WIDTH="12"/>
            <String CONTENT="as" HEIGHT="24" HPOS="457" ID="ST_445.4.3.7" STYLEREFS="Style_5" VPOS="1126" WIDTH="37" WC="1.00" CC="00" TAGREFS=""/>
            <SP HPOS="494" ID="SP_445.4.3.8" VPOS="1126" WIDTH="13"/>
            <String CONTENT="a" HEIGHT="24" HPOS="507" ID="ST_445.4.3.9" STYLEREFS="Style_5" VPOS="1126" WIDTH="20" WC="1.00" CC="0" TAGREFS=""/>
            <SP HPOS="527" ID="SP_445.4.3.10" VPOS="1120" WIDTH="13"/>
            <String CONTENT="pretext" HEIGHT="39" HPOS="540" ID="ST_445.4.3.11" STYLEREFS="Style_5" VPOS="1120" WIDTH="135" WC="0.84" CC="0000000" TAGREFS=""/>
            <SP HPOS="675" ID="SP_445.4.3.12" VPOS="1121" WIDTH="11"/>
            <String CONTENT="to" HEIGHT="29" HPOS="686" ID="ST_445.4.3.13" STYLEREFS="Style_5" VPOS="1121" WIDTH="36" WC="1.00" CC="00" TAGREFS=""/>
            <SP HPOS="722" ID="SP_445.4.3.14" VPOS="1115" WIDTH="11"/>
            <String CONTENT="conduct" HEIGHT="35" HPOS="733" ID="ST_445.4.3.15" STYLEREFS="Style_5" VPOS="1115" WIDTH="149" WC="0.84" CC="0000000" TAGREFS=""/>
            <SP HPOS="882" ID="SP_445.4.3.16" VPOS="1127" WIDTH="12"/>
            <String CONTENT="a" HEIGHT="23" HPOS="894" ID="ST_445.4.3.17" STYLEREFS="Style_5" VPOS="1127" WIDTH="20" WC="1.00" CC="0" TAGREFS=""/>
            <SP HPOS="914" ID="SP_445.4.3.18" VPOS="1116" WIDTH="12"/>
            <String CONTENT="search." HEIGHT="34" HPOS="926" ID="ST_445.4.3.19" STYLEREFS="Style_5" VPOS="1116" WIDTH="132" WC="0.92" CC="0000000" TAGREFS=""/>
            <SP HPOS="1058" ID="SP_445.4.3.20" VPOS="1116" WIDTH="15"/>
            <String CONTENT="In" HEIGHT="34" HPOS="1073" ID="ST_445.4.3.21" STYLEREFS="Style_5" VPOS="1116" WIDTH="39" WC="0.72" CC="00" TAGREFS=""/>
            <SP HPOS="1112" ID="SP_445.4.3.22" VPOS="1116" WIDTH="12"/>
            <String CONTENT="these" HEIGHT="34" HPOS="1124" ID="ST_445.4.3.23" STYLEREFS="Style_5" VPOS="1116" WIDTH="97" WC="1.00" CC="00000" TAGREFS=""/>
            <SP HPOS="1221" ID="SP_445.4.3.24" VPOS="1127" WIDTH="10"/>
            <String CONTENT="cases," HEIGHT="30" HPOS="1231" ID="ST_445.4.3.25" STYLEREFS="Style_5" VPOS="1127" WIDTH="107" WC="0.96" CC="000000" TAGREFS=""/>
          </TextLine>
          <TextLine HEIGHT="45" HPOS="124" ID="TL_445.4.4" VPOS="1165" WIDTH="1216">
            <String CONTENT="the" HEIGHT="34" HPOS="124" ID="ST_445.4.4.1" STYLEREFS="Style_5" VPOS="1165" WIDTH="60" WC="1.00" CC="000" TAGREFS=""/>
            <SP HPOS="184" ID="SP_445.4.4.2" VPOS="1165" WIDTH="12"/>
            <String CONTENT="search" HEIGHT="34" HPOS="196" ID="ST_445.4.4.3" STYLEREFS="Style_5" VPOS="1165" WIDTH="121" WC="0.83" CC="000000" TAGREFS=""/>
            <SP HPOS="317" ID="SP_445.4.4.4" VPOS="1165" WIDTH="12"/>
            <String CONTENT="is" HEIGHT="34" HPOS="329" ID="ST_445.4.4.5" STYLEREFS="Style_5" VPOS="1165" WIDTH="28" WC="1.00" CC="00" TAGREFS=""/>
            <SP HPOS="357" ID="SP_445.4.4.6" VPOS="1165" WIDTH="12"/>
            <String CONTENT="the" HEIGHT="34" HPOS="369" ID="ST_445.4.4.7" STYLEREFS="Style_5" VPOS="1165" WIDTH="58" WC="0.92" CC="000" TAGREFS=""/>
            <SP HPOS="427" ID="SP_445.4.4.8" VPOS="1165" WIDTH="11"/>
            <String CONTENT="real" HEIGHT="34" HPOS="438" ID="ST_445.4.4.9" STYLEREFS="Style_5" VPOS="1165" WIDTH="72" WC="1.00" CC="0000" TAGREFS=""/>
            <SP HPOS="510" ID="SP_445.4.4.10" VPOS="1176" WIDTH="12"/>
            <String CONTENT="purpose" HEIGHT="33" HPOS="522" ID="ST_445.4.4.11" STYLEREFS="Style_5" VPOS="1176" WIDTH="149" WC="0.99" CC="0000000" TAGREFS=""/>
            <SP HPOS="671" ID="SP_445.4.4.12" VPOS="1165" WIDTH="11"/>
            <String CONTENT="of" HEIGHT="35" HPOS="682" ID="ST_445.4.4.13" STYLEREFS="Style_5" VPOS="1165" WIDTH="39" WC="1.00" CC="00" TAGREFS=""/>
            <SP HPOS="721" ID="SP_445.4.4.14" VPOS="1165" WIDTH="8"/>
            <String CONTENT="the" HEIGHT="35" HPOS="729" ID="ST_445.4.4.15" STYLEREFS="Style_5" VPOS="1165" WIDTH="59" WC="1.00" CC="000" TAGREFS=""/>
            <SP HPOS="788" ID="SP_445.4.4.16" VPOS="1166" WIDTH="11"/>
            <String CONTENT="police" HEIGHT="43" HPOS="799" ID="ST_445.4.4.17" STYLEREFS="Style_5" VPOS="1166" WIDTH="110" WC="1.00" CC="000000" TAGREFS=""/>
            <SP HPOS="909" ID="SP_445.4.4.18" VPOS="1165" WIDTH="12"/>
            <String CONTENT="and" HEIGHT="35" HPOS="921" ID="ST_445.4.4.19" STYLEREFS="Style_5" VPOS="1165" WIDTH="69" WC="0.83" CC="000" TAGREFS=""/>
            <SP HPOS="990" ID="SP_445.4.4.20" VPOS="1166" WIDTH="12"/>
            <String CONTENT="the" HEIGHT="34" HPOS="1002" ID="ST_445.4.4.21" STYLEREFS="Style_5" VPOS="1166" WIDTH="59" WC="1.00" CC="000" TAGREFS=""/>
            <SP HPOS="1061" ID="SP_445.4.4.22" VPOS="1171" WIDTH="11"/>
            <String CONTENT="arrest," HEIGHT="36" HPOS="1072" ID="ST_445.4.4.23" STYLEREFS="Style_5" VPOS="1171" WIDTH="120" WC="1.00" CC="0000000" TAGREFS=""/>
            <SP HPOS="1192" ID="SP_445.4.4.24" VPOS="1166" WIDTH="13"/>
            <String CONTENT="usually" HEIGHT="44" HPOS="1205" ID="ST_445.4.4.25" STYLEREFS="Style_5" VPOS="1166" WIDTH="135" WC="0.97" CC="0000000" TAGREFS=""/>
          </TextLine>
          <TextLine HEIGHT="45" HPOS="124" ID="TL_445.4.5" VPOS="1214" WIDTH="1215">
            <String CONTENT="on" HEIGHT="23" HPOS="124" ID="ST_445.4.5.1" STYLEREFS="Style_5" VPOS="1225" WIDTH="45" WC="1.00" CC="00" TAGREFS=""/>
            <SP HPOS="169" ID="SP_445.4.5.2" VPOS="1225" WIDTH="13"/>
            <String CONTENT="a" HEIGHT="24" HPOS="182" ID="ST_445.4.5.3" STYLEREFS="Style_5" VPOS="1225" WIDTH="20" WC="1.00" CC="0" TAGREFS=""/>
            <SP HPOS="202" ID="SP_445.4.5.4" VPOS="1214" WIDTH="15"/>
            <String CONTENT="minor" HEIGHT="35" HPOS="217" ID="ST_445.4.5.5" STYLEREFS="Style_5" VPOS="1214" WIDTH="112" WC="0.75" CC="00000" TAGREFS=""/>
            <SP HPOS="329" ID="SP_445.4.5.6" VPOS="1215" WIDTH="12"/>
            <String CONTENT="offense" HEIGHT="34" HPOS="341" ID="ST_445.4.5.7" STYLEREFS="Style_5" VPOS="1215" WIDTH="131" WC="0.69" CC="0900000" TAGREFS=""/>
            <SP HPOS="472" ID="SP_445.4.5.8" VPOS="1226" WIDTH="13"/>
            <String CONTENT="or" HEIGHT="23" HPOS="485" ID="ST_445.4.5.9" STYLEREFS="Style_5" VPOS="1226" WIDTH="38" WC="1.00" CC="00" TAGREFS=""/>
            <SP HPOS="523" ID="SP_445.4.5.10" VPOS="1215" WIDTH="13"/>
            <String CONTENT="traffic" HEIGHT="34" HPOS="536" ID="ST_445.4.5.11" STYLEREFS="Style_5" VPOS="1215" WIDTH="113" WC="1.00" CC="0000000" TAGREFS=""/>
            <SP HPOS="649" ID="SP_445.4.5.12" VPOS="1215" WIDTH="13"/>
            <String CONTENT="infraction," HEIGHT="41" HPOS="662" ID="ST_445.4.5.13" STYLEREFS="Style_5" VPOS="1215" WIDTH="196" WC="0.97" CC="00000000000" TAGREFS=""/>
            <SP HPOS="858" ID="SP_445.4.5.14" VPOS="1216" WIDTH="14"/>
            <String CONTENT="is" HEIGHT="34" HPOS="872" ID="ST_445.4.5.15" STYLEREFS="Style_5" VPOS="1216" WIDTH="28" WC="0.93" CC="00" TAGREFS=""/>
            <SP HPOS="900" ID="SP_445.4.5.16" VPOS="1216" WIDTH="13"/>
            <String CONTENT="merely" HEIGHT="43" HPOS="913" ID="ST_445.4.5.17" STYLEREFS="Style_5" VPOS="1216" WIDTH="130" WC="0.87" CC="000000" TAGREFS=""/>
            <SP HPOS="1043" ID="SP_445.4.5.18" VPOS="1227" WIDTH="14"/>
            <String CONTENT="a" HEIGHT="23" HPOS="1057" ID="ST_445.4.5.19" STYLEREFS="Style_5" VPOS="1227" WIDTH="20" WC="1.00" CC="0" TAGREFS=""/>
            <SP HPOS="1077" ID="SP_445.4.5.20" VPOS="1216" WIDTH="13"/>
            <String CONTENT="subterfuge" HEIGHT="43" HPOS="1090" ID="ST_445.4.5.21" STYLEREFS="Style_5" VPOS="1216" WIDTH="202" WC="0.93" CC="0000000000" TAGREFS=""/>
            <SP HPOS="1292" ID="SP_445.4.5.22" VPOS="1221" WIDTH="12"/>
            <String CONTENT="to" HEIGHT="29" HPOS="1304" ID="ST_445.4.5.23" STYLEREFS="Style_5" VPOS="1221" WIDTH="35" WC="1.00" CC="00" TAGREFS=""/>
          </TextLine>
          <TextLine HEIGHT="44" HPOS="124" ID="TL_445.4.6" VPOS="1264" WIDTH="1216">
            <String CONTENT="obtain" HEIGHT="34" HPOS="124" ID="ST_445.4.6.1" STYLEREFS="Style_5" VPOS="1264" WIDTH="121" WC="1.00" CC="000000" TAGREFS=""/>
            <SP HPOS="245" ID="SP_445.4.6.2" VPOS="1264" WIDTH="16"/>
            <String CONTENT="the" HEIGHT="34" HPOS="261" ID="ST_445.4.6.3" STYLEREFS="Style_5" VPOS="1264" WIDTH="59" WC="1.00" CC="000" TAGREFS=""/>
            <SP HPOS="320" ID="SP_445.4.6.4" VPOS="1265" WIDTH="15"/>
            <String CONTENT="search" HEIGHT="34" HPOS="335" ID="ST_445.4.6.5" STYLEREFS="Style_5" VPOS="1265" WIDTH="121" WC="0.99" CC="000000" TAGREFS=""/>
            <SP HPOS="456" ID="SP_445.4.6.6" VPOS="1265" WIDTH="16"/>
            <String CONTENT="authority" HEIGHT="43" HPOS="472" ID="ST_445.4.6.7" STYLEREFS="Style_5" VPOS="1265" WIDTH="177" WC="0.93" CC="000000000" TAGREFS=""/>
            <SP HPOS="649" ID="SP_445.4.6.8" VPOS="1265" WIDTH="16"/>
            <String CONTENT="ancillary" HEIGHT="43" HPOS="665" ID="ST_445.4.6.9" STYLEREFS="Style_5" VPOS="1265" WIDTH="166" WC="0.88" CC="000000000" TAGREFS=""/>
            <SP HPOS="831" ID="SP_445.4.6.10" VPOS="1270" WIDTH="15"/>
            <String CONTENT="to" HEIGHT="29" HPOS="846" ID="ST_445.4.6.11" STYLEREFS="Style_5" VPOS="1270" WIDTH="36" WC="1.00" CC="00" TAGREFS=""/>
            <SP HPOS="882" ID="SP_445.4.6.12" VPOS="1265" WIDTH="16"/>
            <String CONTENT="the" HEIGHT="34" HPOS="898" ID="ST_445.4.6.13" STYLEREFS="Style_5" VPOS="1265" WIDTH="59" WC="1.00" CC="000" TAGREFS=""/>
            <SP HPOS="957" ID="SP_445.4.6.14" VPOS="1270" WIDTH="16"/>
            <String CONTENT="arrest." HEIGHT="30" HPOS="973" ID="ST_445.4.6.15" STYLEREFS="Style_5" VPOS="1270" WIDTH="120" WC="0.95" CC="0000000" TAGREFS=""/>
            <SP HPOS="1093" ID="SP_445.4.6.16" VPOS="1266" WIDTH="17"/>
            <String CONTENT="As" HEIGHT="34" HPOS="1110" ID="ST_445.4.6.17" STYLEREFS="Style_5" VPOS="1266" WIDTH="50" WC="1.00" CC="00" TAGREFS=""/>
            <SP HPOS="1160" ID="SP_445.4.6.18" VPOS="1266" WIDTH="16"/>
            <String CONTENT="stated" HEIGHT="34" HPOS="1176" ID="ST_445.4.6.19" STYLEREFS="Style_5" VPOS="1266" WIDTH="113" WC="1.00" CC="000000" TAGREFS=""/>
            <SP HPOS="1289" ID="SP_445.4.6.20" VPOS="1266" WIDTH="16"/>
            <String CONTENT="in" HEIGHT="34" HPOS="1305" ID="ST_445.4.6.21" STYLEREFS="Style_5" VPOS="1266" WIDTH="35" WC="0.93" CC="00" TAGREFS=""/>
          </TextLine>
          <TextLine HEIGHT="44" HPOS="125" ID="TL_445.4.7" VPOS="1314" WIDTH="1218">
            <String CONTENT="Brown" HEIGHT="33" HPOS="125" ID="ST_445.4.7.1" STYLEREFS="Style_6" VPOS="1315" WIDTH="124" WC="0.92" CC="00000" TAGREFS=""/>
            <SP HPOS="249" ID="SP_445.4.7.2" VPOS="1325" WIDTH="21"/>
            <String CONTENT="v." HEIGHT="23" HPOS="270" ID="ST_445.4.7.3" STYLEREFS="Style_5" VPOS="1325" WIDTH="30" WC="1.00" CC="00" TAGREFS=""/>
            <SP HPOS="300" ID="SP_445.4.7.4" VPOS="1314" WIDTH="23"/>
            <String CONTENT="State," HEIGHT="41" HPOS="323" ID="ST_445.4.7.5" STYLEREFS="Style_6" VPOS="1314" WIDTH="112" WC="0.87" CC="000000" TAGREFS=""/>
            <SP HPOS="435" ID="SP_445.4.7.6" VPOS="1315" WIDTH="24"/>
            <String CONTENT="442" HEIGHT="33" HPOS="459" ID="ST_445.4.7.7" STYLEREFS="Style_5" VPOS="1315" WIDTH="69" WC="1.00" CC="000" TAGREFS=""/>
            <SP HPOS="528" ID="SP_445.4.7.8" VPOS="1314" WIDTH="22"/>
            <String CONTENT="N.E.2d" HEIGHT="35" HPOS="550" ID="ST_445.4.7.9" STYLEREFS="Style_5" VPOS="1314" WIDTH="139" WC="1.00" CC="000000" TAGREFS=""/>
            <SP HPOS="689" ID="SP_445.4.7.10" VPOS="1315" WIDTH="27"/>
            <String CONTENT="1109" HEIGHT="34" HPOS="716" ID="ST_445.4.7.11" STYLEREFS="Style_5" VPOS="1315" WIDTH="87" WC="0.85" CC="0000" TAGREFS=""/>
            <SP HPOS="803" ID="SP_445.4.7.12" VPOS="1314" WIDTH="25"/>
            <String CONTENT="(Ind." HEIGHT="43" HPOS="828" ID="ST_445.4.7.13" STYLEREFS="Style_5" VPOS="1314" WIDTH="91" WC="0.90" CC="09000" TAGREFS=""/>
            <SP HPOS="919" ID="SP_445.4.7.14" VPOS="1314" WIDTH="27"/>
            <String CONTENT="1982)," HEIGHT="44" HPOS="946" ID="ST_445.4.7.15" STYLEREFS="Style_5" VPOS="1314" WIDTH="118" WC="0.91" CC="000000" TAGREFS=""/>
            <SP HPOS="1064" ID="SP_445.4.7.16" VPOS="1315" WIDTH="25"/>
            <String CONTENT="“the" HEIGHT="34" HPOS="1089" ID="ST_445.4.7.17" STYLEREFS="Style_5" VPOS="1315" WIDTH="82" WC="0.74" CC="9000" TAGREFS=""/>
            <SP HPOS="1171" ID="SP_445.4.7.18" VPOS="1315" WIDTH="21"/>
            <String CONTENT="issue" HEIGHT="34" HPOS="1192" ID="ST_445.4.7.19" STYLEREFS="Style_5" VPOS="1315" WIDTH="91" WC="0.96" CC="00000" TAGREFS=""/>
            <SP HPOS="1283" ID="SP_445.4.7.20" VPOS="1315" WIDTH="21"/>
            <String CONTENT="of" HEIGHT="35" HPOS="1304" ID="ST_445.4.7.21" STYLEREFS="Style_5" VPOS="1315" WIDTH="39" WC="1.00" CC="00" TAGREFS=""/>
          </TextLine>
          <TextLine HEIGHT="44" HPOS="125" ID="TL_445.4.8" VPOS="1364" WIDTH="1215">
            <String CONTENT="pretext" HEIGHT="39" HPOS="125" ID="ST_445.4.8.1" STYLEREFS="Style_5" VPOS="1368" WIDTH="135" WC="0.94" CC="0000000" TAGREFS=""/>
            <SP HPOS="260" ID="SP_445.4.8.2" VPOS="1369" WIDTH="19"/>
            <String CONTENT="arrest" HEIGHT="29" HPOS="279" ID="ST_445.4.8.3" STYLEREFS="Style_5" VPOS="1369" WIDTH="109" WC="0.95" CC="000000" TAGREFS=""/>
            <SP HPOS="388" ID="SP_445.4.8.4" VPOS="1364" WIDTH="18"/>
            <String CONTENT="only" HEIGHT="44" HPOS="406" ID="ST_445.4.8.5" STYLEREFS="Style_5" VPOS="1364" WIDTH="79" WC="0.96" CC="0000" TAGREFS=""/>
            <SP HPOS="485" ID="SP_445.4.8.6" VPOS="1364" WIDTH="18"/>
            <String CONTENT="arises" HEIGHT="35" HPOS="503" ID="ST_445.4.8.7" STYLEREFS="Style_5" VPOS="1364" WIDTH="107" WC="0.99" CC="000000" TAGREFS=""/>
            <SP HPOS="610" ID="SP_445.4.8.8" VPOS="1364" WIDTH="18"/>
            <String CONTENT="when" HEIGHT="35" HPOS="628" ID="ST_445.4.8.9" STYLEREFS="Style_5" VPOS="1364" WIDTH="100" WC="0.88" CC="0000" TAGREFS=""/>
            <SP HPOS="728" ID="SP_445.4.8.10" VPOS="1365" WIDTH="18"/>
            <String CONTENT="the" HEIGHT="34" HPOS="746" ID="ST_445.4.8.11" STYLEREFS="Style_5" VPOS="1365" WIDTH="59" WC="1.00" CC="000" TAGREFS=""/>
            <SP HPOS="805" ID="SP_445.4.8.12" VPOS="1365" WIDTH="18"/>
            <String CONTENT="surrounding" HEIGHT="43" HPOS="823" ID="ST_445.4.8.13" STYLEREFS="Style_5" VPOS="1365" WIDTH="230" WC="0.98" CC="00000000000" TAGREFS=""/>
            <SP HPOS="1053" ID="SP_445.4.8.14" VPOS="1365" WIDTH="18"/>
            <String CONTENT="circumstances" HEIGHT="35" HPOS="1071" ID="ST_445.4.8.15" STYLEREFS="Style_5" VPOS="1365" WIDTH="269" WC="0.92" CC="0000000000000" TAGREFS=""/>
          </TextLine>
          <TextLine HEIGHT="45" HPOS="124" ID="TL_445.4.9" VPOS="1413" WIDTH="1217">
            <String CONTENT="show" HEIGHT="35" HPOS="124" ID="ST_445.4.9.1" STYLEREFS="Style_5" VPOS="1413" WIDTH="95" WC="0.87" CC="0000" TAGREFS=""/>
            <SP HPOS="219" ID="SP_445.4.9.2" VPOS="1414" WIDTH="16"/>
            <String CONTENT="that" HEIGHT="34" HPOS="235" ID="ST_445.4.9.3" STYLEREFS="Style_5" VPOS="1414" WIDTH="77" WC="0.99" CC="0000" TAGREFS=""/>
            <SP HPOS="312" ID="SP_445.4.9.4" VPOS="1414" WIDTH="15"/>
            <String CONTENT="the" HEIGHT="34" HPOS="327" ID="ST_445.4.9.5" STYLEREFS="Style_5" VPOS="1414" WIDTH="59" WC="0.90" CC="000" TAGREFS=""/>
            <SP HPOS="386" ID="SP_445.4.9.6" VPOS="1419" WIDTH="15"/>
            <String CONTENT="arrest" HEIGHT="30" HPOS="401" ID="ST_445.4.9.7" STYLEREFS="Style_5" VPOS="1419" WIDTH="109" WC="1.00" CC="000000" TAGREFS=""/>
            <SP HPOS="510" ID="SP_445.4.9.8" VPOS="1414" WIDTH="15"/>
            <String CONTENT="is" HEIGHT="35" HPOS="525" ID="ST_445.4.9.9" STYLEREFS="Style_5" VPOS="1414" WIDTH="28" WC="1.00" CC="00" TAGREFS=""/>
            <SP HPOS="553" ID="SP_445.4.9.10" VPOS="1414" WIDTH="16"/>
            <String CONTENT="only" HEIGHT="44" HPOS="569" ID="ST_445.4.9.11" STYLEREFS="Style_5" VPOS="1414" WIDTH="80" WC="0.80" CC="0000" TAGREFS=""/>
            <SP HPOS="649" ID="SP_445.4.9.12" VPOS="1426" WIDTH="16"/>
            <String CONTENT="a" HEIGHT="23" HPOS="665" ID="ST_445.4.9.13" STYLEREFS="Style_5" VPOS="1426" WIDTH="20" WC="1.00" CC="0" TAGREFS=""/>
            <SP HPOS="685" ID="SP_445.4.9.14" VPOS="1415" WIDTH="16"/>
            <String CONTENT="sham" HEIGHT="34" HPOS="701" ID="ST_445.4.9.15" STYLEREFS="Style_5" VPOS="1415" WIDTH="100" WC="1.00" CC="0000" TAGREFS=""/>
            <SP HPOS="801" ID="SP_445.4.9.16" VPOS="1415" WIDTH="15"/>
            <String CONTENT="being" HEIGHT="43" HPOS="816" ID="ST_445.4.9.17" STYLEREFS="Style_5" VPOS="1415" WIDTH="102" WC="1.00" CC="00000" TAGREFS=""/>
            <SP HPOS="918" ID="SP_445.4.9.18" VPOS="1415" WIDTH="15"/>
            <String CONTENT="used" HEIGHT="35" HPOS="933" ID="ST_445.4.9.19" STYLEREFS="Style_5" VPOS="1415" WIDTH="86" WC="1.00" CC="0000" TAGREFS=""/>
            <SP HPOS="1019" ID="SP_445.4.9.20" VPOS="1426" WIDTH="15"/>
            <String CONTENT="as" HEIGHT="24" HPOS="1034" ID="ST_445.4.9.21" STYLEREFS="Style_5" VPOS="1426" WIDTH="38" WC="0.87" CC="00" TAGREFS=""/>
            <SP HPOS="1072" ID="SP_445.4.9.22" VPOS="1426" WIDTH="16"/>
            <String CONTENT="an" HEIGHT="24" HPOS="1088" ID="ST_445.4.9.23" STYLEREFS="Style_5" VPOS="1426" WIDTH="45" WC="0.81" CC="00" TAGREFS=""/>
            <SP HPOS="1133" ID="SP_445.4.9.24" VPOS="1426" WIDTH="15"/>
            <String CONTENT="excuse" HEIGHT="24" HPOS="1148" ID="ST_445.4.9.25" STYLEREFS="Style_5" VPOS="1426" WIDTH="124" WC="0.91" CC="000000" TAGREFS=""/>
            <SP HPOS="1272" ID="SP_445.4.9.26" VPOS="1415" WIDTH="15"/>
            <String CONTENT="for" HEIGHT="35" HPOS="1287" ID="ST_445.4.9.27" STYLEREFS="Style_5" VPOS="1415" WIDTH="54" WC="1.00" CC="000" TAGREFS=""/>
          </TextLine>
          <TextLine HEIGHT="43" HPOS="125" ID="TL_445.4.10" VPOS="1463" WIDTH="1215">
            <String CONTENT="making" HEIGHT="43" HPOS="125" ID="ST_445.4.10.1" STYLEREFS="Style_5" VPOS="1463" WIDTH="142" WC="1.00" CC="000000" TAGREFS=""/>
            <SP HPOS="267" ID="SP_445.4.10.2" VPOS="1474" WIDTH="21"/>
            <String CONTENT="a" HEIGHT="24" HPOS="288" ID="ST_445.4.10.3" STYLEREFS="Style_5" VPOS="1474" WIDTH="20" WC="1.00" CC="0" TAGREFS=""/>
            <SP HPOS="308" ID="SP_445.4.10.4" VPOS="1464" WIDTH="21"/>
            <String CONTENT="search" HEIGHT="34" HPOS="329" ID="ST_445.4.10.5" STYLEREFS="Style_5" VPOS="1464" WIDTH="120" WC="0.91" CC="000000" TAGREFS=""/>
            <SP HPOS="449" ID="SP_445.4.10.6" VPOS="1463" WIDTH="21"/>
            <String CONTENT="for" HEIGHT="35" HPOS="470" ID="ST_445.4.10.7" STYLEREFS="Style_5" VPOS="1463" WIDTH="54" WC="0.98" CC="000" TAGREFS=""/>
            <SP HPOS="524" ID="SP_445.4.10.8" VPOS="1464" WIDTH="20"/>
            <String CONTENT="evidence" HEIGHT="35" HPOS="544" ID="ST_445.4.10.9" STYLEREFS="Style_5" VPOS="1464" WIDTH="164" WC="0.89" CC="00000000" TAGREFS=""/>
            <SP HPOS="708" ID="SP_445.4.10.10" VPOS="1464" WIDTH="19"/>
            <String CONTENT="of" HEIGHT="35" HPOS="727" ID="ST_445.4.10.11" STYLEREFS="Style_5" VPOS="1464" WIDTH="39" WC="1.00" CC="00" TAGREFS=""/>
            <SP HPOS="766" ID="SP_445.4.10.12" VPOS="1476" WIDTH="17"/>
            <String CONTENT="a" HEIGHT="23" HPOS="783" ID="ST_445.4.10.13" STYLEREFS="Style_5" VPOS="1476" WIDTH="20" WC="1.00" CC="0" TAGREFS=""/>
            <SP HPOS="803" ID="SP_445.4.10.14" VPOS="1465" WIDTH="20"/>
            <String CONTENT="different" HEIGHT="34" HPOS="823" ID="ST_445.4.10.15" STYLEREFS="Style_5" VPOS="1465" WIDTH="163" WC="0.92" CC="000000000" TAGREFS=""/>
            <SP HPOS="986" ID="SP_445.4.10.16" VPOS="1465" WIDTH="20"/>
            <String CONTENT="and" HEIGHT="34" HPOS="1006" ID="ST_445.4.10.17" STYLEREFS="Style_5" VPOS="1465" WIDTH="69" WC="0.99" CC="000" TAGREFS=""/>
            <SP HPOS="1075" ID="SP_445.4.10.18" VPOS="1476" WIDTH="20"/>
            <String CONTENT="more" HEIGHT="23" HPOS="1095" ID="ST_445.4.10.19" STYLEREFS="Style_5" VPOS="1476" WIDTH="96" WC="1.00" CC="0000" TAGREFS=""/>
            <SP HPOS="1191" ID="SP_445.4.10.20" VPOS="1466" WIDTH="20"/>
            <String CONTENT="serious" HEIGHT="34" HPOS="1211" ID="ST_445.4.10.21" STYLEREFS="Style_5" VPOS="1466" WIDTH="129" WC="0.94" CC="0000000" TAGREFS=""/>
          </TextLine>
          <TextLine HEIGHT="45" HPOS="124" ID="TL_445.4.11" VPOS="1512" WIDTH="1217">
            <String CONTENT="offense" HEIGHT="35" HPOS="124" ID="ST_445.4.11.1" STYLEREFS="Style_5" VPOS="1512" WIDTH="133" WC="1.00" CC="0000000" TAGREFS=""/>
            <SP HPOS="257" ID="SP_445.4.11.2" VPOS="1512" WIDTH="13"/>
            <String CONTENT="for" HEIGHT="35" HPOS="270" ID="ST_445.4.11.3" STYLEREFS="Style_5" VPOS="1512" WIDTH="53" WC="0.90" CC="000" TAGREFS=""/>
            <SP HPOS="323" ID="SP_445.4.11.4" VPOS="1513" WIDTH="12"/>
            <String CONTENT="which" HEIGHT="34" HPOS="335" ID="ST_445.4.11.5" STYLEREFS="Style_5" VPOS="1513" WIDTH="112" WC="1.00" CC="00000" TAGREFS=""/>
            <SP HPOS="447" ID="SP_445.4.11.6" VPOS="1524" WIDTH="13"/>
            <String CONTENT="no" HEIGHT="24" HPOS="460" ID="ST_445.4.11.7" STYLEREFS="Style_5" VPOS="1524" WIDTH="44" WC="0.78" CC="00" TAGREFS=""/>
            <SP HPOS="504" ID="SP_445.4.11.8" VPOS="1514" WIDTH="12"/>
            <String CONTENT="probable" HEIGHT="43" HPOS="516" ID="ST_445.4.11.9" STYLEREFS="Style_5" VPOS="1514" WIDTH="167" WC="0.94" CC="00000000" TAGREFS=""/>
            <SP HPOS="683" ID="SP_445.4.11.10" VPOS="1525" WIDTH="12"/>
            <String CONTENT="cause" HEIGHT="23" HPOS="695" ID="ST_445.4.11.11" STYLEREFS="Style_5" VPOS="1525" WIDTH="104" WC="0.98" CC="00000" TAGREFS=""/>
            <SP HPOS="799" ID="SP_445.4.11.12" VPOS="1514" WIDTH="12"/>
            <String CONTENT="exists.”" HEIGHT="34" HPOS="811" ID="ST_445.4.11.13" STYLEREFS="Style_5" VPOS="1514" WIDTH="138" WC="0.99" CC="00000000" TAGREFS=""/>
            <SP HPOS="949" ID="SP_445.4.11.14" VPOS="1514" WIDTH="13"/>
            <String CONTENT="After" HEIGHT="34" HPOS="962" ID="ST_445.4.11.15" STYLEREFS="Style_5" VPOS="1514" WIDTH="104" WC="1.00" CC="00000" TAGREFS=""/>
            <SP HPOS="1066" ID="SP_445.4.11.16" VPOS="1514" WIDTH="12"/>
            <String CONTENT="discussing" HEIGHT="43" HPOS="1078" ID="ST_445.4.11.17" STYLEREFS="Style_5" VPOS="1514" WIDTH="191" WC="0.93" CC="0000000000" TAGREFS=""/>
            <SP HPOS="1269" ID="SP_445.4.11.18" VPOS="1515" WIDTH="13"/>
            <String CONTENT="the" HEIGHT="34" HPOS="1282" ID="ST_445.4.11.19" STYLEREFS="Style_5" VPOS="1515" WIDTH="59" WC="0.96" CC="000" TAGREFS=""/>
          </TextLine>
          <TextLine HEIGHT="46" HPOS="124" ID="TL_445.4.12" VPOS="1562" WIDTH="1217">
            <String CONTENT="question," HEIGHT="43" HPOS="124" ID="ST_445.4.12.1" STYLEREFS="Style_5" VPOS="1562" WIDTH="171" WC="0.97" CC="000000000" TAGREFS=""/>
            <SP HPOS="295" ID="SP_445.4.12.2" VPOS="1562" WIDTH="11"/>
            <String CONTENT="that" HEIGHT="35" HPOS="306" ID="ST_445.4.12.3" STYLEREFS="Style_5" VPOS="1562" WIDTH="77" WC="1.00" CC="0000" TAGREFS=""/>
            <SP HPOS="383" ID="SP_445.4.12.4" VPOS="1568" WIDTH="9"/>
            <String CONTENT="court" HEIGHT="29" HPOS="392" ID="ST_445.4.12.5" STYLEREFS="Style_5" VPOS="1568" WIDTH="99" WC="1.00" CC="00000" TAGREFS=""/>
            <SP HPOS="491" ID="SP_445.4.12.6" VPOS="1563" WIDTH="10"/>
            <String CONTENT="affirmed" HEIGHT="34" HPOS="501" ID="ST_445.4.12.7" STYLEREFS="Style_5" VPOS="1563" WIDTH="158" WC="1.00" CC="00000000" TAGREFS=""/>
            <SP HPOS="659" ID="SP_445.4.12.8" VPOS="1563" WIDTH="11"/>
            <String CONTENT="the" HEIGHT="35" HPOS="670" ID="ST_445.4.12.9" STYLEREFS="Style_5" VPOS="1563" WIDTH="59" WC="1.00" CC="000" TAGREFS=""/>
            <SP HPOS="729" ID="SP_445.4.12.10" VPOS="1564" WIDTH="9"/>
            <String CONTENT="convictions" HEIGHT="34" HPOS="738" ID="ST_445.4.12.11" STYLEREFS="Style_5" VPOS="1564" WIDTH="210" WC="0.93" CC="00000000000" TAGREFS=""/>
            <SP HPOS="948" ID="SP_445.4.12.12" VPOS="1563" WIDTH="10"/>
            <String CONTENT="for" HEIGHT="35" HPOS="958" ID="ST_445.4.12.13" STYLEREFS="Style_5" VPOS="1563" WIDTH="54" WC="0.97" CC="000" TAGREFS=""/>
            <SP HPOS="1012" ID="SP_445.4.12.14" VPOS="1575" WIDTH="10"/>
            <String CONTENT="rape" HEIGHT="32" HPOS="1022" ID="ST_445.4.12.15" STYLEREFS="Style_5" VPOS="1575" WIDTH="84" WC="1.00" CC="0000" TAGREFS=""/>
            <SP HPOS="1106" ID="SP_445.4.12.16" VPOS="1564" WIDTH="10"/>
            <String CONTENT="and" HEIGHT="34" HPOS="1116" ID="ST_445.4.12.17" STYLEREFS="Style_5" VPOS="1564" WIDTH="68" WC="0.90" CC="000" TAGREFS=""/>
            <SP HPOS="1184" ID="SP_445.4.12.18" VPOS="1564" WIDTH="10"/>
            <String CONTENT="robbery" HEIGHT="44" HPOS="1194" ID="ST_445.4.12.19" STYLEREFS="Style_5" VPOS="1564" WIDTH="147" WC="0.92" CC="0000000" TAGREFS=""/>
          </TextLine>
          <TextLine HEIGHT="46" HPOS="125" ID="TL_445.4.13" VPOS="1612" WIDTH="1216">
            <String CONTENT="because" HEIGHT="34" HPOS="125" ID="ST_445.4.13.1" STYLEREFS="Style_5" VPOS="1612" WIDTH="150" WC="0.97" CC="0000000" TAGREFS=""/>
            <SP HPOS="275" ID="SP_445.4.13.2" VPOS="1612" WIDTH="14"/>
            <String CONTENT="the" HEIGHT="35" HPOS="289" ID="ST_445.4.13.3" STYLEREFS="Style_5" VPOS="1612" WIDTH="59" WC="1.00" CC="000" TAGREFS=""/>
            <SP HPOS="348" ID="SP_445.4.13.4" VPOS="1618" WIDTH="14"/>
            <String CONTENT="arrest" HEIGHT="29" HPOS="362" ID="ST_445.4.13.5" STYLEREFS="Style_5" VPOS="1618" WIDTH="109" WC="0.94" CC="000000" TAGREFS=""/>
            <SP HPOS="471" ID="SP_445.4.13.6" VPOS="1612" WIDTH="14"/>
            <String CONTENT="for" HEIGHT="35" HPOS="485" ID="ST_445.4.13.7" STYLEREFS="Style_5" VPOS="1612" WIDTH="54" WC="1.00" CC="000" TAGREFS=""/>
            <SP HPOS="539" ID="SP_445.4.13.8" VPOS="1613" WIDTH="13"/>
            <String CONTENT="minor" HEIGHT="34" HPOS="552" ID="ST_445.4.13.9" STYLEREFS="Style_5" VPOS="1613" WIDTH="113" WC="1.00" CC="00000" TAGREFS=""/>
            <SP HPOS="665" ID="SP_445.4.13.10" VPOS="1613" WIDTH="14"/>
            <String CONTENT="drinking" HEIGHT="44" HPOS="679" ID="ST_445.4.13.11" STYLEREFS="Style_5" VPOS="1613" WIDTH="160" WC="0.92" CC="00000000" TAGREFS=""/>
            <SP HPOS="839" ID="SP_445.4.13.12" VPOS="1624" WIDTH="14"/>
            <String CONTENT="was" HEIGHT="24" HPOS="853" ID="ST_445.4.13.13" STYLEREFS="Style_5" VPOS="1624" WIDTH="70" WC="0.85" CC="000" TAGREFS=""/>
            <SP HPOS="923" ID="SP_445.4.13.14" VPOS="1613" WIDTH="15"/>
            <String CONTENT="made" HEIGHT="35" HPOS="938" ID="ST_445.4.13.15" STYLEREFS="Style_5" VPOS="1613" WIDTH="103" WC="0.91" CC="0000" TAGREFS=""/>
            <SP HPOS="1041" ID="SP_445.4.13.16" VPOS="1614" WIDTH="14"/>
            <String CONTENT="based" HEIGHT="34" HPOS="1055" ID="ST_445.4.13.17" STYLEREFS="Style_5" VPOS="1614" WIDTH="107" WC="1.00" CC="00000" TAGREFS=""/>
            <SP HPOS="1162" ID="SP_445.4.13.18" VPOS="1624" WIDTH="14"/>
            <String CONTENT="upon" HEIGHT="34" HPOS="1176" ID="ST_445.4.13.19" STYLEREFS="Style_5" VPOS="1624" WIDTH="92" WC="0.89" CC="0000" TAGREFS=""/>
            <SP HPOS="1268" ID="SP_445.4.13.20" VPOS="1614" WIDTH="14"/>
            <String CONTENT="the" HEIGHT="35" HPOS="1282" ID="ST_445.4.13.21" STYLEREFS="Style_5" VPOS="1614" WIDTH="59" WC="1.00" CC="000" TAGREFS=""/>
          </TextLine>
          <TextLine HEIGHT="45" HPOS="125" ID="TL_445.4.14" VPOS="1662" WIDTH="1216">
            <String CONTENT="observation" HEIGHT="35" HPOS="125" ID="ST_445.4.14.1" STYLEREFS="Style_5" VPOS="1662" WIDTH="219" WC="0.96" CC="00000000000" TAGREFS=""/>
            <SP HPOS="344" ID="SP_445.4.14.2" VPOS="1662" WIDTH="26"/>
            <String CONTENT="of" HEIGHT="35" HPOS="370" ID="ST_445.4.14.3" STYLEREFS="Style_5" VPOS="1662" WIDTH="39" WC="1.00" CC="00" TAGREFS=""/>
            <SP HPOS="409" ID="SP_445.4.14.4" VPOS="1663" WIDTH="22"/>
            <String CONTENT="the" HEIGHT="35" HPOS="431" ID="ST_445.4.14.5" STYLEREFS="Style_5" VPOS="1663" WIDTH="59" WC="1.00" CC="000" TAGREFS=""/>
            <SP HPOS="490" ID="SP_445.4.14.6" VPOS="1663" WIDTH="26"/>
            <String CONTENT="offense" HEIGHT="35" HPOS="516" ID="ST_445.4.14.7" STYLEREFS="Style_5" VPOS="1663" WIDTH="132" WC="0.92" CC="0000000" TAGREFS=""/>
            <SP HPOS="648" ID="SP_445.4.14.8" VPOS="1663" WIDTH="26"/>
            <String CONTENT="by" HEIGHT="44" HPOS="674" ID="ST_445.4.14.9" STYLEREFS="Style_5" VPOS="1663" WIDTH="46" WC="1.00" CC="00" TAGREFS=""/>
            <SP HPOS="720" ID="SP_445.4.14.10" VPOS="1674" WIDTH="26"/>
            <String CONTENT="a" HEIGHT="24" HPOS="746" ID="ST_445.4.14.11" STYLEREFS="Style_5" VPOS="1674" WIDTH="20" WC="1.00" CC="0" TAGREFS=""/>
            <SP HPOS="766" ID="SP_445.4.14.12" VPOS="1663" WIDTH="26"/>
            <String CONTENT="plainclothes" HEIGHT="44" HPOS="792" ID="ST_445.4.14.13" STYLEREFS="Style_5" VPOS="1663" WIDTH="227" WC="0.96" CC="000000000000" TAGREFS=""/>
            <SP HPOS="1019" ID="SP_445.4.14.14" VPOS="1664" WIDTH="26"/>
            <String CONTENT="officer" HEIGHT="34" HPOS="1045" ID="ST_445.4.14.15" STYLEREFS="Style_5" VPOS="1664" WIDTH="116" WC="1.00" CC="0000000" TAGREFS=""/>
            <SP HPOS="1161" ID="SP_445.4.14.16" VPOS="1664" WIDTH="27"/>
            <String CONTENT="and" HEIGHT="34" HPOS="1188" ID="ST_445.4.14.17" STYLEREFS="Style_5" VPOS="1664" WIDTH="68" WC="1.00" CC="000" TAGREFS=""/>
            <SP HPOS="1256" ID="SP_445.4.14.18" VPOS="1664" WIDTH="25"/>
            <String CONTENT="the" HEIGHT="35" HPOS="1281" ID="ST_445.4.14.19" STYLEREFS="Style_5" VPOS="1664" WIDTH="60" WC="0.85" CC="000" TAGREFS=""/>
          </TextLine>
          <TextLine HEIGHT="46" HPOS="125" ID="TL_445.4.15" VPOS="1712" WIDTH="1216">
            <String CONTENT="admission" HEIGHT="35" HPOS="125" ID="ST_445.4.15.1" STYLEREFS="Style_5" VPOS="1712" WIDTH="189" WC="0.91" CC="000000000" TAGREFS=""/>
            <SP HPOS="314" ID="SP_445.4.15.2" VPOS="1713" WIDTH="14"/>
            <String CONTENT="by" HEIGHT="44" HPOS="328" ID="ST_445.4.15.3" STYLEREFS="Style_5" VPOS="1713" WIDTH="45" WC="1.00" CC="00" TAGREFS=""/>
            <SP HPOS="373" ID="SP_445.4.15.4" VPOS="1713" WIDTH="12"/>
            <String CONTENT="the" HEIGHT="35" HPOS="385" ID="ST_445.4.15.5" STYLEREFS="Style_5" VPOS="1713" WIDTH="59" WC="0.99" CC="000" TAGREFS=""/>
            <SP HPOS="444" ID="SP_445.4.15.6" VPOS="1713" WIDTH="12"/>
            <String CONTENT="defendant" HEIGHT="35" HPOS="456" ID="ST_445.4.15.7" STYLEREFS="Style_5" VPOS="1713" WIDTH="191" WC="0.91" CC="000000000" TAGREFS=""/>
            <SP HPOS="647" ID="SP_445.4.15.8" VPOS="1714" WIDTH="12"/>
            <String CONTENT="that" HEIGHT="34" HPOS="659" ID="ST_445.4.15.9" STYLEREFS="Style_5" VPOS="1714" WIDTH="77" WC="0.99" CC="0000" TAGREFS=""/>
            <SP HPOS="736" ID="SP_445.4.15.10" VPOS="1714" WIDTH="13"/>
            <String CONTENT="he" HEIGHT="34" HPOS="749" ID="ST_445.4.15.11" STYLEREFS="Style_5" VPOS="1714" WIDTH="44" WC="0.85" CC="00" TAGREFS=""/>
            <SP HPOS="793" ID="SP_445.4.15.12" VPOS="1714" WIDTH="12"/>
            <String CONTENT="had" HEIGHT="34" HPOS="805" ID="ST_445.4.15.13" STYLEREFS="Style_5" VPOS="1714" WIDTH="69" WC="0.89" CC="000" TAGREFS=""/>
            <SP HPOS="874" ID="SP_445.4.15.14" VPOS="1714" WIDTH="13"/>
            <String CONTENT="been" HEIGHT="35" HPOS="887" ID="ST_445.4.15.15" STYLEREFS="Style_5" VPOS="1714" WIDTH="87" WC="1.00" CC="0000" TAGREFS=""/>
            <SP HPOS="974" ID="SP_445.4.15.16" VPOS="1714" WIDTH="13"/>
            <String CONTENT="drinking." HEIGHT="44" HPOS="987" ID="ST_445.4.15.17" STYLEREFS="Style_5" VPOS="1714" WIDTH="171" WC="1.00" CC="000000000" TAGREFS=""/>
            <SP HPOS="1158" ID="SP_445.4.15.18" VPOS="1714" WIDTH="14"/>
            <String CONTENT="After" HEIGHT="35" HPOS="1172" ID="ST_445.4.15.19" STYLEREFS="Style_5" VPOS="1714" WIDTH="103" WC="0.99" CC="00000" TAGREFS=""/>
            <SP HPOS="1275" ID="SP_445.4.15.20" VPOS="1715" WIDTH="13"/>
            <String CONTENT="his" HEIGHT="34" HPOS="1288" ID="ST_445.4.15.21" STYLEREFS="Style_5" VPOS="1715" WIDTH="53" WC="0.89" CC="000" TAGREFS=""/>
          </TextLine>
          <TextLine HEIGHT="37" HPOS="125" ID="TL_445.4.16" VPOS="1763" WIDTH="1215">
            <String CONTENT="arrest" HEIGHT="29" HPOS="125" ID="ST_445.4.16.1" STYLEREFS="Style_5" VPOS="1768" WIDTH="111" WC="1.00" CC="000000" TAGREFS=""/>
            <SP HPOS="236" ID="SP_445.4.16.2" VPOS="1763" WIDTH="10"/>
            <String CONTENT="and" HEIGHT="34" HPOS="246" ID="ST_445.4.16.3" STYLEREFS="Style_5" VPOS="1763" WIDTH="69" WC="0.89" CC="000" TAGREFS=""/>
            <SP HPOS="315" ID="SP_445.4.16.4" VPOS="1763" WIDTH="10"/>
            <String CONTENT="with" HEIGHT="35" HPOS="325" ID="ST_445.4.16.5" STYLEREFS="Style_5" VPOS="1763" WIDTH="82" WC="0.89" CC="0000" TAGREFS=""/>
            <SP HPOS="407" ID="SP_445.4.16.6" VPOS="1764" WIDTH="10"/>
            <String CONTENT="the" HEIGHT="34" HPOS="417" ID="ST_445.4.16.7" STYLEREFS="Style_5" VPOS="1764" WIDTH="59" WC="1.00" CC="000" TAGREFS=""/>
            <SP HPOS="476" ID="SP_445.4.16.8" VPOS="1763" WIDTH="10"/>
            <String CONTENT="advice" HEIGHT="35" HPOS="486" ID="ST_445.4.16.9" STYLEREFS="Style_5" VPOS="1763" WIDTH="120" WC="1.00" CC="000000" TAGREFS=""/>
            <SP HPOS="606" ID="SP_445.4.16.10" VPOS="1763" WIDTH="9"/>
            <String CONTENT="of" HEIGHT="35" HPOS="615" ID="ST_445.4.16.11" STYLEREFS="Style_5" VPOS="1763" WIDTH="40" WC="1.00" CC="00" TAGREFS=""/>
            <SP HPOS="655" ID="SP_445.4.16.12" VPOS="1764" WIDTH="6"/>
            <String CONTENT="counsel" HEIGHT="35" HPOS="661" ID="ST_445.4.16.13" STYLEREFS="Style_5" VPOS="1764" WIDTH="140" WC="0.95" CC="0000000" TAGREFS=""/>
            <SP HPOS="801" ID="SP_445.4.16.14" VPOS="1764" WIDTH="10"/>
            <String CONTENT="who" HEIGHT="35" HPOS="811" ID="ST_445.4.16.15" STYLEREFS="Style_5" VPOS="1764" WIDTH="76" WC="0.87" CC="000" TAGREFS=""/>
            <SP HPOS="887" ID="SP_445.4.16.16" VPOS="1775" WIDTH="10"/>
            <String CONTENT="was" HEIGHT="24" HPOS="897" ID="ST_445.4.16.17" STYLEREFS="Style_5" VPOS="1775" WIDTH="70" WC="1.00" CC="000" TAGREFS=""/>
            <SP HPOS="967" ID="SP_445.4.16.18" VPOS="1776" WIDTH="10"/>
            <String CONTENT="aware" HEIGHT="23" HPOS="977" ID="ST_445.4.16.19" STYLEREFS="Style_5" VPOS="1776" WIDTH="115" WC="0.95" CC="00000" TAGREFS=""/>
            <SP HPOS="1092" ID="SP_445.4.16.20" VPOS="1765" WIDTH="9"/>
            <String CONTENT="that" HEIGHT="34" HPOS="1101" ID="ST_445.4.16.21" STYLEREFS="Style_5" VPOS="1765" WIDTH="77" WC="0.92" CC="0000" TAGREFS=""/>
            <SP HPOS="1178" ID="SP_445.4.16.22" VPOS="1765" WIDTH="9"/>
            <String CONTENT="he" HEIGHT="34" HPOS="1187" ID="ST_445.4.16.23" STYLEREFS="Style_5" VPOS="1765" WIDTH="44" WC="0.90" CC="00" TAGREFS=""/>
            <SP HPOS="1231" ID="SP_445.4.16.24" VPOS="1776" WIDTH="9"/>
            <String CONTENT="was" HEIGHT="24" HPOS="1240" ID="ST_445.4.16.25" STYLEREFS="Style_5" VPOS="1776" WIDTH="70" WC="0.95" CC="000" TAGREFS=""/>
            <SP HPOS="1310" ID="SP_445.4.16.26" VPOS="1776" WIDTH="10"/>
            <String CONTENT="a" HEIGHT="24" HPOS="1320" ID="ST_445.4.16.27" STYLEREFS="Style_5" VPOS="1776" WIDTH="20" WC="1.00" CC="0" TAGREFS=""/>
          </TextLine>
          <TextLine HEIGHT="44" HPOS="125" ID="TL_445.4.17" VPOS="1814" WIDTH="1217">
            <String CONTENT="suspect" HEIGHT="39" HPOS="125" ID="ST_445.4.17.1" STYLEREFS="Style_5" VPOS="1818" WIDTH="139" WC="1.00" CC="0000000" TAGREFS=""/>
            <SP HPOS="264" ID="SP_445.4.17.2" VPOS="1814" WIDTH="19"/>
            <String CONTENT="in" HEIGHT="34" HPOS="283" ID="ST_445.4.17.3" STYLEREFS="Style_5" VPOS="1814" WIDTH="34" WC="0.92" CC="00" TAGREFS=""/>
            <SP HPOS="317" ID="SP_445.4.17.4" VPOS="1814" WIDTH="19"/>
            <String CONTENT="the" HEIGHT="34" HPOS="336" ID="ST_445.4.17.5" STYLEREFS="Style_5" VPOS="1814" WIDTH="59" WC="1.00" CC="000" TAGREFS=""/>
            <SP HPOS="395" ID="SP_445.4.17.6" VPOS="1824" WIDTH="18"/>
            <String CONTENT="rapes" HEIGHT="34" HPOS="413" ID="ST_445.4.17.7" STYLEREFS="Style_5" VPOS="1824" WIDTH="99" WC="0.97" CC="00000" TAGREFS=""/>
            <SP HPOS="512" ID="SP_445.4.17.8" VPOS="1815" WIDTH="20"/>
            <String CONTENT="Brown" HEIGHT="33" HPOS="532" ID="ST_445.4.17.9" STYLEREFS="Style_5" VPOS="1815" WIDTH="124" WC="1.00" CC="00000" TAGREFS=""/>
            <SP HPOS="656" ID="SP_445.4.17.10" VPOS="1814" WIDTH="19"/>
            <String CONTENT="consented" HEIGHT="35" HPOS="675" ID="ST_445.4.17.11" STYLEREFS="Style_5" VPOS="1814" WIDTH="186" WC="0.84" CC="000000000" TAGREFS=""/>
            <SP HPOS="861" ID="SP_445.4.17.12" VPOS="1820" WIDTH="18"/>
            <String CONTENT="to" HEIGHT="29" HPOS="879" ID="ST_445.4.17.13" STYLEREFS="Style_5" VPOS="1820" WIDTH="36" WC="0.98" CC="00" TAGREFS=""/>
            <SP HPOS="915" ID="SP_445.4.17.14" VPOS="1815" WIDTH="18"/>
            <String CONTENT="the" HEIGHT="34" HPOS="933" ID="ST_445.4.17.15" STYLEREFS="Style_5" VPOS="1815" WIDTH="60" WC="0.86" CC="000" TAGREFS=""/>
            <SP HPOS="993" ID="SP_445.4.17.16" VPOS="1815" WIDTH="18"/>
            <String CONTENT="search" HEIGHT="34" HPOS="1011" ID="ST_445.4.17.17" STYLEREFS="Style_5" VPOS="1815" WIDTH="121" WC="1.00" CC="000000" TAGREFS=""/>
            <SP HPOS="1132" ID="SP_445.4.17.18" VPOS="1815" WIDTH="19"/>
            <String CONTENT="where" HEIGHT="35" HPOS="1151" ID="ST_445.4.17.19" STYLEREFS="Style_5" VPOS="1815" WIDTH="113" WC="0.87" CC="00000" TAGREFS=""/>
            <SP HPOS="1264" ID="SP_445.4.17.20" VPOS="1815" WIDTH="18"/>
            <String CONTENT="the" HEIGHT="35" HPOS="1282" ID="ST_445.4.17.21" STYLEREFS="Style_5" VPOS="1815" WIDTH="60" WC="0.94" CC="000" TAGREFS=""/>
          </TextLine>
          <TextLine HEIGHT="43" HPOS="125" ID="TL_445.4.18" VPOS="1863" WIDTH="1215">
            <String CONTENT="challenged" HEIGHT="43" HPOS="125" ID="ST_445.4.18.1" STYLEREFS="Style_5" VPOS="1863" WIDTH="205" WC="1.00" CC="0000000000" TAGREFS=""/>
            <SP HPOS="330" ID="SP_445.4.18.2" VPOS="1864" WIDTH="19"/>
            <String CONTENT="evidence" HEIGHT="34" HPOS="349" ID="ST_445.4.18.3" STYLEREFS="Style_5" VPOS="1864" WIDTH="162" WC="0.93" CC="00000000" TAGREFS=""/>
            <SP HPOS="511" ID="SP_445.4.18.4" VPOS="1875" WIDTH="18"/>
            <String CONTENT="was" HEIGHT="24" HPOS="529" ID="ST_445.4.18.5" STYLEREFS="Style_5" VPOS="1875" WIDTH="70" WC="1.00" CC="000" TAGREFS=""/>
            <SP HPOS="599" ID="SP_445.4.18.6" VPOS="1864" WIDTH="20"/>
            <String CONTENT="found." HEIGHT="35" HPOS="619" ID="ST_445.4.18.7" STYLEREFS="Style_5" VPOS="1864" WIDTH="119" WC="0.91" CC="000000" TAGREFS=""/>
            <SP HPOS="738" ID="SP_445.4.18.8" VPOS="1864" WIDTH="20"/>
            <String CONTENT="The" HEIGHT="35" HPOS="758" ID="ST_445.4.18.9" STYLEREFS="Style_5" VPOS="1864" WIDTH="74" WC="0.83" CC="000" TAGREFS=""/>
            <SP HPOS="832" ID="SP_445.4.18.10" VPOS="1870" WIDTH="18"/>
            <String CONTENT="court" HEIGHT="29" HPOS="850" ID="ST_445.4.18.11" STYLEREFS="Style_5" VPOS="1870" WIDTH="99" WC="0.96" CC="00000" TAGREFS=""/>
            <SP HPOS="949" ID="SP_445.4.18.12" VPOS="1865" WIDTH="18"/>
            <String CONTENT="found" HEIGHT="34" HPOS="967" ID="ST_445.4.18.13" STYLEREFS="Style_5" VPOS="1865" WIDTH="109" WC="0.94" CC="00000" TAGREFS=""/>
            <SP HPOS="1076" ID="SP_445.4.18.14" VPOS="1865" WIDTH="19"/>
            <String CONTENT="those" HEIGHT="35" HPOS="1095" ID="ST_445.4.18.15" STYLEREFS="Style_5" VPOS="1865" WIDTH="98" WC="1.00" CC="00000" TAGREFS=""/>
            <SP HPOS="1193" ID="SP_445.4.18.16" VPOS="1865" WIDTH="18"/>
            <String CONTENT="factors" HEIGHT="35" HPOS="1211" ID="ST_445.4.18.17" STYLEREFS="Style_5" VPOS="1865" WIDTH="129" WC="0.98" CC="0000000" TAGREFS=""/>
          </TextLine>
          <TextLine HEIGHT="45" HPOS="125" ID="TL_445.4.19" VPOS="1913" WIDTH="1214">
            <String CONTENT="sufficient" HEIGHT="35" HPOS="125" ID="ST_445.4.19.1" STYLEREFS="Style_5" VPOS="1913" WIDTH="172" WC="0.94" CC="0000000000" TAGREFS=""/>
            <SP HPOS="297" ID="SP_445.4.19.2" VPOS="1919" WIDTH="14"/>
            <String CONTENT="to" HEIGHT="29" HPOS="311" ID="ST_445.4.19.3" STYLEREFS="Style_5" VPOS="1919" WIDTH="36" WC="0.93" CC="00" TAGREFS=""/>
            <SP HPOS="347" ID="SP_445.4.19.4" VPOS="1924" WIDTH="14"/>
            <String CONTENT="overcome" HEIGHT="24" HPOS="361" ID="ST_445.4.19.5" STYLEREFS="Style_5" VPOS="1924" WIDTH="180" WC="0.98" CC="00000000" TAGREFS=""/>
            <SP HPOS="541" ID="SP_445.4.19.6" VPOS="1914" WIDTH="14"/>
            <String CONTENT="the" HEIGHT="34" HPOS="555" ID="ST_445.4.19.7" STYLEREFS="Style_5" VPOS="1914" WIDTH="59" WC="1.00" CC="000" TAGREFS=""/>
            <SP HPOS="614" ID="SP_445.4.19.8" VPOS="1919" WIDTH="14"/>
            <String CONTENT="pretext" HEIGHT="39" HPOS="628" ID="ST_445.4.19.9" STYLEREFS="Style_5" VPOS="1919" WIDTH="135" WC="1.00" CC="0000000" TAGREFS=""/>
            <SP HPOS="763" ID="SP_445.4.19.10" VPOS="1915" WIDTH="15"/>
            <String CONTENT="allegation." HEIGHT="43" HPOS="778" ID="ST_445.4.19.11" STYLEREFS="Style_5" VPOS="1915" WIDTH="196" WC="0.99" CC="00000000000" TAGREFS=""/>
            <SP HPOS="974" ID="SP_445.4.19.12" VPOS="1915" WIDTH="17"/>
            <String CONTENT="In" HEIGHT="34" HPOS="991" ID="ST_445.4.19.13" STYLEREFS="Style_5" VPOS="1915" WIDTH="40" WC="1.00" CC="00" TAGREFS=""/>
            <SP HPOS="1031" ID="SP_445.4.19.14" VPOS="1915" WIDTH="13"/>
            <String CONTENT="State" HEIGHT="34" HPOS="1044" ID="ST_445.4.19.15" STYLEREFS="Style_6" VPOS="1915" WIDTH="103" WC="1.00" CC="00000" TAGREFS=""/>
            <SP HPOS="1147" ID="SP_445.4.19.16" VPOS="1926" WIDTH="13"/>
            <String CONTENT="v." HEIGHT="23" HPOS="1160" ID="ST_445.4.19.17" STYLEREFS="Style_5" VPOS="1926" WIDTH="30" WC="1.00" CC="00" TAGREFS=""/>
            <SP HPOS="1190" ID="SP_445.4.19.18" VPOS="1917" WIDTH="15"/>
            <String CONTENT="Haven," HEIGHT="39" HPOS="1205" ID="ST_445.4.19.19" STYLEREFS="Style_6" VPOS="1917" WIDTH="134" WC="0.93" CC="000000" TAGREFS=""/>
          </TextLine>
          <TextLine HEIGHT="44" HPOS="125" ID="TL_445.4.20" VPOS="1963" WIDTH="1215">
            <String CONTENT="269" HEIGHT="34" HPOS="125" ID="ST_445.4.20.1" STYLEREFS="Style_5" VPOS="1963" WIDTH="68" WC="0.93" CC="000" TAGREFS=""/>
            <SP HPOS="193" ID="SP_445.4.20.2" VPOS="1963" WIDTH="11"/>
            <String CONTENT="N.W.2d" HEIGHT="34" HPOS="204" ID="ST_445.4.20.3" STYLEREFS="Style_5" VPOS="1963" WIDTH="156" WC="0.96" CC="000000" TAGREFS=""/>
            <SP HPOS="360" ID="SP_445.4.20.4" VPOS="1964" WIDTH="11"/>
            <String CONTENT="849" HEIGHT="34" HPOS="371" ID="ST_445.4.20.5" STYLEREFS="Style_5" VPOS="1964" WIDTH="66" WC="0.93" CC="000" TAGREFS=""/>
            <SP HPOS="437" ID="SP_445.4.20.6" VPOS="1963" WIDTH="13"/>
            <String CONTENT="(Minn." HEIGHT="43" HPOS="450" ID="ST_445.4.20.7" STYLEREFS="Style_5" VPOS="1963" WIDTH="131" WC="0.98" CC="000000" TAGREFS=""/>
            <SP HPOS="581" ID="SP_445.4.20.8" VPOS="1963" WIDTH="16"/>
            <String CONTENT="1978)," HEIGHT="44" HPOS="597" ID="ST_445.4.20.9" STYLEREFS="Style_5" VPOS="1963" WIDTH="118" WC="0.99" CC="000000" TAGREFS=""/>
            <SP HPOS="715" ID="SP_445.4.20.10" VPOS="1975" WIDTH="11"/>
            <String CONTENT="a" HEIGHT="23" HPOS="726" ID="ST_445.4.20.11" STYLEREFS="Style_5" VPOS="1975" WIDTH="20" WC="1.00" CC="0" TAGREFS=""/>
            <SP HPOS="746" ID="SP_445.4.20.12" VPOS="1964" WIDTH="10"/>
            <String CONTENT="drug" HEIGHT="43" HPOS="756" ID="ST_445.4.20.13" STYLEREFS="Style_5" VPOS="1964" WIDTH="87" WC="0.93" CC="0000" TAGREFS=""/>
            <SP HPOS="843" ID="SP_445.4.20.14" VPOS="1964" WIDTH="10"/>
            <String CONTENT="conviction" HEIGHT="35" HPOS="853" ID="ST_445.4.20.15" STYLEREFS="Style_5" VPOS="1964" WIDTH="193" WC="0.97" CC="0000000000" TAGREFS=""/>
            <SP HPOS="1046" ID="SP_445.4.20.16" VPOS="1976" WIDTH="10"/>
            <String CONTENT="was" HEIGHT="23" HPOS="1056" ID="ST_445.4.20.17" STYLEREFS="Style_5" VPOS="1976" WIDTH="70" WC="1.00" CC="000" TAGREFS=""/>
            <SP HPOS="1126" ID="SP_445.4.20.18" VPOS="1965" WIDTH="9"/>
            <String CONTENT="overturned" HEIGHT="35" HPOS="1135" ID="ST_445.4.20.19" STYLEREFS="Style_5" VPOS="1965" WIDTH="205" WC="0.98" CC="0000000000" TAGREFS=""/>
          </TextLine>
          <TextLine HEIGHT="46" HPOS="125" ID="TL_445.4.21" VPOS="2013" WIDTH="1217">
            <String CONTENT="on" HEIGHT="24" HPOS="125" ID="ST_445.4.21.1" STYLEREFS="Style_5" VPOS="2023" WIDTH="44" WC="1.00" CC="00" TAGREFS=""/>
            <SP HPOS="169" ID="SP_445.4.21.2" VPOS="2013" WIDTH="23"/>
            <String CONTENT="the" HEIGHT="34" HPOS="192" ID="ST_445.4.21.3" STYLEREFS="Style_5" VPOS="2013" WIDTH="60" WC="1.00" CC="000" TAGREFS=""/>
            <SP HPOS="252" ID="SP_445.4.21.4" VPOS="2014" WIDTH="22"/>
            <String CONTENT="pretextual" HEIGHT="43" HPOS="274" ID="ST_445.4.21.5" STYLEREFS="Style_5" VPOS="2014" WIDTH="193" WC="0.96" CC="0000000000" TAGREFS=""/>
            <SP HPOS="467" ID="SP_445.4.21.6" VPOS="2019" WIDTH="23"/>
            <String CONTENT="arrest" HEIGHT="30" HPOS="490" ID="ST_445.4.21.7" STYLEREFS="Style_5" VPOS="2019" WIDTH="110" WC="1.00" CC="000000" TAGREFS=""/>
            <SP HPOS="600" ID="SP_445.4.21.8" VPOS="2013" WIDTH="22"/>
            <String CONTENT="of" HEIGHT="36" HPOS="622" ID="ST_445.4.21.9" STYLEREFS="Style_5" VPOS="2013" WIDTH="40" WC="1.00" CC="00" TAGREFS=""/>
            <SP HPOS="662" ID="SP_445.4.21.10" VPOS="2015" WIDTH="20"/>
            <String CONTENT="Haven" HEIGHT="34" HPOS="682" ID="ST_445.4.21.11" STYLEREFS="Style_5" VPOS="2015" WIDTH="123" WC="0.97" CC="00000" TAGREFS=""/>
            <SP HPOS="805" ID="SP_445.4.21.12" VPOS="2025" WIDTH="22"/>
            <String CONTENT="on" HEIGHT="24" HPOS="827" ID="ST_445.4.21.13" STYLEREFS="Style_5" VPOS="2025" WIDTH="44" WC="1.00" CC="00" TAGREFS=""/>
            <SP HPOS="871" ID="SP_445.4.21.14" VPOS="2019" WIDTH="22"/>
            <String CONTENT="two" HEIGHT="30" HPOS="893" ID="ST_445.4.21.15" STYLEREFS="Style_5" VPOS="2019" WIDTH="68" WC="1.00" CC="000" TAGREFS=""/>
            <SP HPOS="961" ID="SP_445.4.21.16" VPOS="2015" WIDTH="22"/>
            <String CONTENT="outstanding" HEIGHT="44" HPOS="983" ID="ST_445.4.21.17" STYLEREFS="Style_5" VPOS="2015" WIDTH="224" WC="0.96" CC="00000000000" TAGREFS=""/>
            <SP HPOS="1207" ID="SP_445.4.21.18" VPOS="2015" WIDTH="22"/>
            <String CONTENT="traffic" HEIGHT="35" HPOS="1229" ID="ST_445.4.21.19" STYLEREFS="Style_5" VPOS="2015" WIDTH="113" WC="0.92" CC="0000000" TAGREFS=""/>
          </TextLine>
          <TextLine HEIGHT="38" HPOS="125" ID="TL_445.4.22" VPOS="2063" WIDTH="1214">
            <String CONTENT="warrants" HEIGHT="29" HPOS="125" ID="ST_445.4.22.1" STYLEREFS="Style_5" VPOS="2069" WIDTH="169" WC="0.90" CC="00000000" TAGREFS=""/>
            <SP HPOS="294" ID="SP_445.4.22.2" VPOS="2063" WIDTH="12"/>
            <String CONTENT="and" HEIGHT="35" HPOS="306" ID="ST_445.4.22.3" STYLEREFS="Style_5" VPOS="2063" WIDTH="68" WC="1.00" CC="000" TAGREFS=""/>
            <SP HPOS="374" ID="SP_445.4.22.4" VPOS="2064" WIDTH="11"/>
            <String CONTENT="the" HEIGHT="35" HPOS="385" ID="ST_445.4.22.5" STYLEREFS="Style_5" VPOS="2064" WIDTH="60" WC="0.94" CC="000" TAGREFS=""/>
            <SP HPOS="445" ID="SP_445.4.22.6" VPOS="2064" WIDTH="10"/>
            <String CONTENT="search" HEIGHT="35" HPOS="455" ID="ST_445.4.22.7" STYLEREFS="Style_5" VPOS="2064" WIDTH="122" WC="0.93" CC="000000" TAGREFS=""/>
            <SP HPOS="577" ID="SP_445.4.22.8" VPOS="2064" WIDTH="11"/>
            <String CONTENT="of" HEIGHT="35" HPOS="588" ID="ST_445.4.22.9" STYLEREFS="Style_5" VPOS="2064" WIDTH="39" WC="1.00" CC="00" TAGREFS=""/>
            <SP HPOS="627" ID="SP_445.4.22.10" VPOS="2064" WIDTH="8"/>
            <String CONTENT="his" HEIGHT="35" HPOS="635" ID="ST_445.4.22.11" STYLEREFS="Style_5" VPOS="2064" WIDTH="53" WC="0.96" CC="000" TAGREFS=""/>
            <SP HPOS="688" ID="SP_445.4.22.12" VPOS="2065" WIDTH="12"/>
            <String CONTENT="automobile" HEIGHT="35" HPOS="700" ID="ST_445.4.22.13" STYLEREFS="Style_5" VPOS="2065" WIDTH="212" WC="0.97" CC="0000000000" TAGREFS=""/>
            <SP HPOS="912" ID="SP_445.4.22.14" VPOS="2065" WIDTH="10"/>
            <String CONTENT="incident" HEIGHT="35" HPOS="922" ID="ST_445.4.22.15" STYLEREFS="Style_5" VPOS="2065" WIDTH="154" WC="0.90" CC="00000000" TAGREFS=""/>
            <SP HPOS="1076" ID="SP_445.4.22.16" VPOS="2071" WIDTH="10"/>
            <String CONTENT="to" HEIGHT="29" HPOS="1086" ID="ST_445.4.22.17" STYLEREFS="Style_5" VPOS="2071" WIDTH="36" WC="1.00" CC="00" TAGREFS=""/>
            <SP HPOS="1122" ID="SP_445.4.22.18" VPOS="2066" WIDTH="10"/>
            <String CONTENT="that" HEIGHT="34" HPOS="1132" ID="ST_445.4.22.19" STYLEREFS="Style_5" VPOS="2066" WIDTH="77" WC="1.00" CC="0000" TAGREFS=""/>
            <SP HPOS="1209" ID="SP_445.4.22.20" VPOS="2070" WIDTH="11"/>
            <String CONTENT="arrest." HEIGHT="31" HPOS="1220" ID="ST_445.4.22.21" STYLEREFS="Style_5" VPOS="2070" WIDTH="119" WC="0.97" CC="0000000" TAGREFS=""/>
          </TextLine>
          <TextLine HEIGHT="44" HPOS="125" ID="TL_445.4.23" VPOS="2113" WIDTH="1217">
            <String CONTENT="Overturning" HEIGHT="44" HPOS="125" ID="ST_445.4.23.1" STYLEREFS="Style_5" VPOS="2113" WIDTH="236" WC="0.96" CC="00000000000" TAGREFS=""/>
            <SP HPOS="361" ID="SP_445.4.23.2" VPOS="2115" WIDTH="21"/>
            <String CONTENT="the" HEIGHT="34" HPOS="382" ID="ST_445.4.23.3" STYLEREFS="Style_5" VPOS="2115" WIDTH="59" WC="1.00" CC="000" TAGREFS=""/>
            <SP HPOS="441" ID="SP_445.4.23.4" VPOS="2115" WIDTH="21"/>
            <String CONTENT="conviction," HEIGHT="41" HPOS="462" ID="ST_445.4.23.5" STYLEREFS="Style_5" VPOS="2115" WIDTH="205" WC="0.92" CC="00000000000" TAGREFS=""/>
            <SP HPOS="667" ID="SP_445.4.23.6" VPOS="2115" WIDTH="22"/>
            <String CONTENT="the" HEIGHT="34" HPOS="689" ID="ST_445.4.23.7" STYLEREFS="Style_5" VPOS="2115" WIDTH="60" WC="0.94" CC="000" TAGREFS=""/>
            <SP HPOS="749" ID="SP_445.4.23.8" VPOS="2115" WIDTH="21"/>
            <String CONTENT="Minnesota" HEIGHT="35" HPOS="770" ID="ST_445.4.23.9" STYLEREFS="Style_5" VPOS="2115" WIDTH="201" WC="0.95" CC="000000000" TAGREFS=""/>
            <SP HPOS="971" ID="SP_445.4.23.10" VPOS="2121" WIDTH="22"/>
            <String CONTENT="court" HEIGHT="29" HPOS="993" ID="ST_445.4.23.11" STYLEREFS="Style_5" VPOS="2121" WIDTH="98" WC="0.81" CC="00000" TAGREFS=""/>
            <SP HPOS="1091" ID="SP_445.4.23.12" VPOS="2116" WIDTH="22"/>
            <String CONTENT="stated," HEIGHT="41" HPOS="1113" ID="ST_445.4.23.13" STYLEREFS="Style_5" VPOS="2116" WIDTH="124" WC="0.96" CC="0000000" TAGREFS=""/>
            <SP HPOS="1237" ID="SP_445.4.23.14" VPOS="2116" WIDTH="23"/>
            <String CONTENT="“the" HEIGHT="34" HPOS="1260" ID="ST_445.4.23.15" STYLEREFS="Style_5" VPOS="2116" WIDTH="82" WC="0.75" CC="9000" TAGREFS=""/>
          </TextLine>
          <TextLine HEIGHT="44" HPOS="125" ID="TL_445.4.24" VPOS="2164" WIDTH="1216">
            <String CONTENT="state" HEIGHT="29" HPOS="125" ID="ST_445.4.24.1" STYLEREFS="Style_5" VPOS="2168" WIDTH="91" WC="1.00" CC="00000" TAGREFS=""/>
            <SP HPOS="216" ID="SP_445.4.24.2" VPOS="2164" WIDTH="9"/>
            <String CONTENT="concedes" HEIGHT="34" HPOS="225" ID="ST_445.4.24.3" STYLEREFS="Style_5" VPOS="2164" WIDTH="167" WC="1.00" CC="00000000" TAGREFS=""/>
            <SP HPOS="392" ID="SP_445.4.24.4" VPOS="2164" WIDTH="9"/>
            <String CONTENT="the" HEIGHT="34" HPOS="401" ID="ST_445.4.24.5" STYLEREFS="Style_5" VPOS="2164" WIDTH="60" WC="0.85" CC="000" TAGREFS=""/>
            <SP HPOS="461" ID="SP_445.4.24.6" VPOS="2170" WIDTH="8"/>
            <String CONTENT="warrants" HEIGHT="29" HPOS="469" ID="ST_445.4.24.7" STYLEREFS="Style_5" VPOS="2170" WIDTH="168" WC="0.93" CC="00000000" TAGREFS=""/>
            <SP HPOS="637" ID="SP_445.4.24.8" VPOS="2175" WIDTH="9"/>
            <String CONTENT="upon" HEIGHT="33" HPOS="646" ID="ST_445.4.24.9" STYLEREFS="Style_5" VPOS="2175" WIDTH="93" WC="0.92" CC="0000" TAGREFS=""/>
            <SP HPOS="739" ID="SP_445.4.24.10" VPOS="2165" WIDTH="9"/>
            <String CONTENT="which" HEIGHT="34" HPOS="748" ID="ST_445.4.24.11" STYLEREFS="Style_5" VPOS="2165" WIDTH="112" WC="0.81" CC="00000" TAGREFS=""/>
            <SP HPOS="860" ID="SP_445.4.24.12" VPOS="2166" WIDTH="10"/>
            <String CONTENT="Haven’s" HEIGHT="33" HPOS="870" ID="ST_445.4.24.13" STYLEREFS="Style_5" VPOS="2166" WIDTH="153" WC="0.77" CC="0000090" TAGREFS=""/>
            <SP HPOS="1023" ID="SP_445.4.24.14" VPOS="2166" WIDTH="10"/>
            <String CONTENT="initial" HEIGHT="34" HPOS="1033" ID="ST_445.4.24.15" STYLEREFS="Style_5" VPOS="2166" WIDTH="111" WC="0.97" CC="0000000" TAGREFS=""/>
            <SP HPOS="1144" ID="SP_445.4.24.16" VPOS="2171" WIDTH="9"/>
            <String CONTENT="arrest" HEIGHT="29" HPOS="1153" ID="ST_445.4.24.17" STYLEREFS="Style_5" VPOS="2171" WIDTH="110" WC="0.95" CC="000000" TAGREFS=""/>
            <SP HPOS="1263" ID="SP_445.4.24.18" VPOS="2177" WIDTH="8"/>
            <String CONTENT="was" HEIGHT="23" HPOS="1271" ID="ST_445.4.24.19" STYLEREFS="Style_5" VPOS="2177" WIDTH="70" WC="1.00" CC="000" TAGREFS=""/>
          </TextLine>
          <TextLine HEIGHT="44" HPOS="125" ID="TL_445.4.25" VPOS="2212" WIDTH="1215">
            <String CONTENT="predicated" HEIGHT="43" HPOS="125" ID="ST_445.4.25.1" STYLEREFS="Style_5" VPOS="2212" WIDTH="202" WC="0.97" CC="0000000000" TAGREFS=""/>
            <SP HPOS="327" ID="SP_445.4.25.2" VPOS="2224" WIDTH="16"/>
            <String CONTENT="were" HEIGHT="23" HPOS="343" ID="ST_445.4.25.3" STYLEREFS="Style_5" VPOS="2224" WIDTH="90" WC="0.96" CC="0000" TAGREFS=""/>
            <SP HPOS="433" ID="SP_445.4.25.4" VPOS="2213" WIDTH="16"/>
            <String CONTENT="fatally" HEIGHT="43" HPOS="449" ID="ST_445.4.25.5" STYLEREFS="Style_5" VPOS="2213" WIDTH="124" WC="1.00" CC="0000000" TAGREFS=""/>
            <SP HPOS="573" ID="SP_445.4.25.6" VPOS="2213" WIDTH="16"/>
            <String CONTENT="deficient" HEIGHT="34" HPOS="589" ID="ST_445.4.25.7" STYLEREFS="Style_5" VPOS="2213" WIDTH="162" WC="1.00" CC="000000000" TAGREFS=""/>
            <SP HPOS="751" ID="SP_445.4.25.8" VPOS="2241" WIDTH="19"/>
            <String CONTENT="...." HEIGHT="7" HPOS="770" ID="ST_445.4.25.9" STYLEREFS="Style_5" VPOS="2241" WIDTH="110" WC="1.00" CC="9999" TAGREFS=""/>
            <SP HPOS="880" ID="SP_445.4.25.10" VPOS="2215" WIDTH="19"/>
            <String CONTENT="Even" HEIGHT="33" HPOS="899" ID="ST_445.4.25.11" STYLEREFS="Style_5" VPOS="2215" WIDTH="94" WC="0.87" CC="0000" TAGREFS=""/>
            <SP HPOS="993" ID="SP_445.4.25.12" VPOS="2214" WIDTH="17"/>
            <String CONTENT="if" HEIGHT="34" HPOS="1010" ID="ST_445.4.25.13" STYLEREFS="Style_5" VPOS="2214" WIDTH="30" WC="1.00" CC="00" TAGREFS=""/>
            <SP HPOS="1040" ID="SP_445.4.25.14" VPOS="2215" WIDTH="13"/>
            <String CONTENT="the" HEIGHT="33" HPOS="1053" ID="ST_445.4.25.15" STYLEREFS="Style_5" VPOS="2215" WIDTH="60" WC="0.99" CC="000" TAGREFS=""/>
            <SP HPOS="1113" ID="SP_445.4.25.16" VPOS="2220" WIDTH="16"/>
            <String CONTENT="arrest" HEIGHT="28" HPOS="1129" ID="ST_445.4.25.17" STYLEREFS="Style_5" VPOS="2220" WIDTH="110" WC="0.97" CC="000000" TAGREFS=""/>
            <SP HPOS="1239" ID="SP_445.4.25.18" VPOS="2226" WIDTH="16"/>
            <String CONTENT="war­" HEIGHT="23" HPOS="1255" ID="ST_445.4.25.19" STYLEREFS="Style_5" VPOS="2226" WIDTH="85" WC="1.0" CC="0000" TAGREFS=""/>
          </TextLine>
          <TextLine HEIGHT="45" HPOS="125" ID="TL_445.4.26" VPOS="2262" WIDTH="1216">
            <String CONTENT="rants" HEIGHT="29" HPOS="125" ID="ST_445.4.26.1" STYLEREFS="Style_5" VPOS="2267" WIDTH="96" WC="0.90" CC="00000" TAGREFS=""/>
            <SP HPOS="221" ID="SP_445.4.26.2" VPOS="2262" WIDTH="28"/>
            <String CONTENT="had" HEIGHT="34" HPOS="249" ID="ST_445.4.26.3" STYLEREFS="Style_5" VPOS="2262" WIDTH="69" WC="0.77" CC="000" TAGREFS=""/>
            <SP HPOS="318" ID="SP_445.4.26.4" VPOS="2262" WIDTH="28"/>
            <String CONTENT="been" HEIGHT="34" HPOS="346" ID="ST_445.4.26.5" STYLEREFS="Style_5" VPOS="2262" WIDTH="87" WC="1.00" CC="0000" TAGREFS=""/>
            <SP HPOS="433" ID="SP_445.4.26.6" VPOS="2262" WIDTH="26"/>
            <String CONTENT="technically" HEIGHT="44" HPOS="459" ID="ST_445.4.26.7" STYLEREFS="Style_5" VPOS="2262" WIDTH="209" WC="0.96" CC="00000000000" TAGREFS=""/>
            <SP HPOS="668" ID="SP_445.4.26.8" VPOS="2263" WIDTH="27"/>
            <String CONTENT="perfect," HEIGHT="43" HPOS="695" ID="ST_445.4.26.9" STYLEREFS="Style_5" VPOS="2263" WIDTH="143" WC="0.97" CC="00000000" TAGREFS=""/>
            <SP HPOS="838" ID="SP_445.4.26.10" VPOS="2263" WIDTH="28"/>
            <String CONTENT="however," HEIGHT="41" HPOS="866" ID="ST_445.4.26.11" STYLEREFS="Style_5" VPOS="2263" WIDTH="168" WC="0.88" CC="00000000" TAGREFS=""/>
            <SP HPOS="1034" ID="SP_445.4.26.12" VPOS="2264" WIDTH="28"/>
            <String CONTENT="the" HEIGHT="34" HPOS="1062" ID="ST_445.4.26.13" STYLEREFS="Style_5" VPOS="2264" WIDTH="59" WC="0.87" CC="000" TAGREFS=""/>
            <SP HPOS="1121" ID="SP_445.4.26.14" VPOS="2264" WIDTH="27"/>
            <String CONTENT="pretextual" HEIGHT="43" HPOS="1148" ID="ST_445.4.26.15" STYLEREFS="Style_5" VPOS="2264" WIDTH="193" WC="0.97" CC="0000000000" TAGREFS=""/>
          </TextLine>
          <TextLine HEIGHT="45" HPOS="125" ID="TL_445.4.27" VPOS="2311" WIDTH="1216">
            <String CONTENT="nature" HEIGHT="29" HPOS="125" ID="ST_445.4.27.1" STYLEREFS="Style_5" VPOS="2316" WIDTH="125" WC="0.89" CC="000000" TAGREFS=""/>
            <SP HPOS="250" ID="SP_445.4.27.2" VPOS="2311" WIDTH="15"/>
            <String CONTENT="of" HEIGHT="34" HPOS="265" ID="ST_445.4.27.3" STYLEREFS="Style_5" VPOS="2311" WIDTH="40" WC="1.00" CC="00" TAGREFS=""/>
            <SP HPOS="305" ID="SP_445.4.27.4" VPOS="2312" WIDTH="12"/>
            <String CONTENT="the" HEIGHT="34" HPOS="317" ID="ST_445.4.27.5" STYLEREFS="Style_5" VPOS="2312" WIDTH="60" WC="0.75" CC="000" TAGREFS=""/>
            <SP HPOS="377" ID="SP_445.4.27.6" VPOS="2317" WIDTH="15"/>
            <String CONTENT="arrest" HEIGHT="29" HPOS="392" ID="ST_445.4.27.7" STYLEREFS="Style_5" VPOS="2317" WIDTH="109" WC="0.95" CC="000000" TAGREFS=""/>
            <SP HPOS="501" ID="SP_445.4.27.8" VPOS="2312" WIDTH="15"/>
            <String CONTENT="made" HEIGHT="34" HPOS="516" ID="ST_445.4.27.9" STYLEREFS="Style_5" VPOS="2312" WIDTH="104" WC="1.00" CC="0000" TAGREFS=""/>
            <SP HPOS="620" ID="SP_445.4.27.10" VPOS="2312" WIDTH="15"/>
            <String CONTENT="the" HEIGHT="34" HPOS="635" ID="ST_445.4.27.11" STYLEREFS="Style_5" VPOS="2312" WIDTH="60" WC="1.00" CC="000" TAGREFS=""/>
            <SP HPOS="695" ID="SP_445.4.27.12" VPOS="2312" WIDTH="15"/>
            <String CONTENT="subsequent" HEIGHT="44" HPOS="710" ID="ST_445.4.27.13" STYLEREFS="Style_5" VPOS="2312" WIDTH="210" WC="0.96" CC="0000000000" TAGREFS=""/>
            <SP HPOS="920" ID="SP_445.4.27.14" VPOS="2313" WIDTH="16"/>
            <String CONTENT="search" HEIGHT="34" HPOS="936" ID="ST_445.4.27.15" STYLEREFS="Style_5" VPOS="2313" WIDTH="121" WC="0.91" CC="000000" TAGREFS=""/>
            <SP HPOS="1057" ID="SP_445.4.27.16" VPOS="2312" WIDTH="16"/>
            <String CONTENT="of" HEIGHT="35" HPOS="1073" ID="ST_445.4.27.17" STYLEREFS="Style_5" VPOS="2312" WIDTH="40" WC="1.00" CC="00" TAGREFS=""/>
            <SP HPOS="1113" ID="SP_445.4.27.18" VPOS="2313" WIDTH="12"/>
            <String CONTENT="the" HEIGHT="34" HPOS="1125" ID="ST_445.4.27.19" STYLEREFS="Style_5" VPOS="2313" WIDTH="59" WC="0.86" CC="000" TAGREFS=""/>
            <SP HPOS="1184" ID="SP_445.4.27.20" VPOS="2313" WIDTH="15"/>
            <String CONTENT="defend­" HEIGHT="34" HPOS="1199" ID="ST_445.4.27.21" STYLEREFS="Style_5" VPOS="2313" WIDTH="142" WC="1.0" CC="0000000" TAGREFS=""/>
          </TextLine>
          <TextLine HEIGHT="44" HPOS="126" ID="TL_445.4.28" VPOS="2361" WIDTH="1215">
            <String CONTENT="ant’s" HEIGHT="34" HPOS="126" ID="ST_445.4.28.1" STYLEREFS="Style_5" VPOS="2361" WIDTH="89" WC="0.92" CC="00000" TAGREFS=""/>
            <SP HPOS="215" ID="SP_445.4.28.2" VPOS="2361" WIDTH="11"/>
            <String CONTENT="vehicle" HEIGHT="34" HPOS="226" ID="ST_445.4.28.3" STYLEREFS="Style_5" VPOS="2361" WIDTH="133" WC="0.94" CC="0000000" TAGREFS=""/>
            <SP HPOS="359" ID="SP_445.4.28.4" VPOS="2362" WIDTH="12"/>
            <String CONTENT="constitutionally" HEIGHT="43" HPOS="371" ID="ST_445.4.28.5" STYLEREFS="Style_5" VPOS="2362" WIDTH="296" WC="0.92" CC="0000000000000000" TAGREFS=""/>
            <SP HPOS="667" ID="SP_445.4.28.6" VPOS="2361" WIDTH="12"/>
            <String CONTENT="imperfect.”" HEIGHT="44" HPOS="679" ID="ST_445.4.28.7" STYLEREFS="Style_5" VPOS="2361" WIDTH="216" WC="0.90" CC="00000000009" TAGREFS=""/>
            <SP HPOS="895" ID="SP_445.4.28.8" VPOS="2362" WIDTH="13"/>
            <String CONTENT="The" HEIGHT="34" HPOS="908" ID="ST_445.4.28.9" STYLEREFS="Style_5" VPOS="2362" WIDTH="75" WC="1.00" CC="000" TAGREFS=""/>
            <SP HPOS="983" ID="SP_445.4.28.10" VPOS="2367" WIDTH="12"/>
            <String CONTENT="court" HEIGHT="29" HPOS="995" ID="ST_445.4.28.11" STYLEREFS="Style_5" VPOS="2367" WIDTH="98" WC="0.95" CC="00000" TAGREFS=""/>
            <SP HPOS="1093" ID="SP_445.4.28.12" VPOS="2368" WIDTH="12"/>
            <String CONTENT="went" HEIGHT="28" HPOS="1105" ID="ST_445.4.28.13" STYLEREFS="Style_5" VPOS="2368" WIDTH="90" WC="1.00" CC="0000" TAGREFS=""/>
            <SP HPOS="1195" ID="SP_445.4.28.14" VPOS="2362" WIDTH="12"/>
            <String CONTENT="further" HEIGHT="35" HPOS="1207" ID="ST_445.4.28.15" STYLEREFS="Style_5" VPOS="2362" WIDTH="134" WC="0.94" CC="0000000" TAGREFS=""/>
          </TextLine>
          <TextLine HEIGHT="44" HPOS="125" ID="TL_445.4.29" VPOS="2411" WIDTH="1217">
            <String CONTENT="to" HEIGHT="29" HPOS="125" ID="ST_445.4.29.1" STYLEREFS="Style_5" VPOS="2415" WIDTH="36" WC="1.00" CC="00" TAGREFS=""/>
            <SP HPOS="161" ID="SP_445.4.29.2" VPOS="2421" WIDTH="22"/>
            <String CONTENT="say" HEIGHT="33" HPOS="183" ID="ST_445.4.29.3" STYLEREFS="Style_5" VPOS="2421" WIDTH="61" WC="0.90" CC="000" TAGREFS=""/>
            <SP HPOS="244" ID="SP_445.4.29.4" VPOS="2411" WIDTH="22"/>
            <String CONTENT="“a" HEIGHT="34" HPOS="266" ID="ST_445.4.29.5" STYLEREFS="Style_5" VPOS="2411" WIDTH="43" WC="0.89" CC="00" TAGREFS=""/>
            <SP HPOS="309" ID="SP_445.4.29.6" VPOS="2416" WIDTH="23"/>
            <String CONTENT="pretext" HEIGHT="38" HPOS="332" ID="ST_445.4.29.7" STYLEREFS="Style_5" VPOS="2416" WIDTH="133" WC="1.00" CC="0000000" TAGREFS=""/>
            <SP HPOS="465" ID="SP_445.4.29.8" VPOS="2416" WIDTH="22"/>
            <String CONTENT="arrest" HEIGHT="29" HPOS="487" ID="ST_445.4.29.9" STYLEREFS="Style_5" VPOS="2416" WIDTH="109" WC="1.00" CC="000000" TAGREFS=""/>
            <SP HPOS="596" ID="SP_445.4.29.10" VPOS="2416" WIDTH="22"/>
            <String CONTENT="to" HEIGHT="29" HPOS="618" ID="ST_445.4.29.11" STYLEREFS="Style_5" VPOS="2416" WIDTH="35" WC="1.00" CC="00" TAGREFS=""/>
            <SP HPOS="653" ID="SP_445.4.29.12" VPOS="2412" WIDTH="22"/>
            <String CONTENT="permit" HEIGHT="43" HPOS="675" ID="ST_445.4.29.13" STYLEREFS="Style_5" VPOS="2412" WIDTH="126" WC="1.00" CC="000000" TAGREFS=""/>
            <SP HPOS="801" ID="SP_445.4.29.14" VPOS="2423" WIDTH="21"/>
            <String CONTENT="an" HEIGHT="23" HPOS="822" ID="ST_445.4.29.15" STYLEREFS="Style_5" VPOS="2423" WIDTH="44" WC="0.68" CC="00" TAGREFS=""/>
            <SP HPOS="866" ID="SP_445.4.29.16" VPOS="2412" WIDTH="21"/>
            <String CONTENT="otherwise" HEIGHT="34" HPOS="887" ID="ST_445.4.29.17" STYLEREFS="Style_5" VPOS="2412" WIDTH="182" WC="0.94" CC="000000000" TAGREFS=""/>
            <SP HPOS="1069" ID="SP_445.4.29.18" VPOS="2412" WIDTH="21"/>
            <String CONTENT="unauthorized" HEIGHT="34" HPOS="1090" ID="ST_445.4.29.19" STYLEREFS="Style_5" VPOS="2412" WIDTH="252" WC="0.94" CC="000000000000" TAGREFS=""/>
          </TextLine>
        </TextBlock>
      </PrintSpace>
    </Page>
  </Layout>
</alto>
