1666 2702
145 409 77 34 ized
239 410 124 34 should
380 410 42 34 be
440 409 185 35 addressed
643 415 36 30 to
696 410 59 34 the
772 410 208 44 legislature,
999 411 94 34 since
1109 411 59 35 the
1185 416 129 30 statute
1332 411 27 35 is

143 470 114 33 vague
277 460 34 34 in
331 460 67 35 this
419 465 143 39 respect.

1245 270 113 33 343-B

236 535 141 35 Steele
388 536 114 40 Hays,
512 536 143 41 Justice,

666 535 199 44 dissenting.
876 536 75 34 The
960 536 145 44 petition
1115 536 53 35 for
1178 536 180 44 rehearing

145 584 69 34 and
234 585 59 34 the
312 590 191 30 comments
523 585 40 34 of
580 585 108 35 Chief
704 586 131 34 Justice
854 587 86 33 Holt
959 585 236 36 demonstrate
1213 587 76 34 that
1308 598 52 23 we

144 645 92 24 were
249 635 171 34 mistaken
433 635 35 34 in
482 635 165 44 applying
661 647 21 23 a
695 646 133 23 narrow
843 636 264 44 interpretation
1119 641 37 29 to
1169 637 84 34 Ark.
1268 636 90 34 Stat.

145 685 93 33 Ann.
253 684 17 43 §
288 686 148 33 19-1603
452 684 116 44 (Repl.
585 685 117 43 1980).
715 685 74 34 The
800 685 72 35 fact
883 686 76 34 that
971 686 59 34 the
1041 686 90 34 Civil
1142 686 138 35 Service
1290 687 70 33 Act

145 734 126 44 simply
287 734 107 35 refers
410 739 35 29 to
461 734 122 44 “open,
600 735 221 44 competitive
836 735 287 42 examinations”,
1140 736 87 34 need
1242 741 59 30 not
1317 736 43 34 be

145 784 106 34 taken
270 789 35 29 to
325 795 100 24 mean
445 784 76 35 that
540 785 59 34 the
617 784 161 45 qualities
797 785 102 44 being
918 785 137 43 sought,
1075 786 52 34 i.e.
1149 785 209 44 “efficiency,

145 834 182 34 character
343 834 67 35 and
426 834 185 41 conduct,”
627 845 66 24 can
709 834 82 44 only
807 835 42 34 be
864 835 183 35 measured
1063 835 45 43 by
1124 847 44 23 an
1184 835 174 35 examina-

145 883 84 35 tion.
240 884 158 43 Nothing
408 884 33 34 in
451 884 59 34 the
519 889 57 30 act
585 889 157 39 suggests
752 884 75 35 that
836 885 59 34 the
904 885 199 44 legislature
1112 885 162 35 intended
1284 885 76 35 that

146 934 85 33 such
241 934 160 43 qualities
410 933 43 35 be
461 933 180 36 discerned
650 934 145 44 entirely
804 935 44 43 by
857 935 235 35 examination
1101 935 69 35 and
1178 947 51 23 we
1238 935 122 35 should

146 988 61 30 not
223 983 83 35 read
322 984 75 35 that
413 984 240 43 questionable
668 985 148 44 premise
832 985 72 35 into
919 985 59 35 the
994 990 67 30 act.
1078 986 75 34 The
1168 986 79 34 trial
1262 991 99 29 court

146 1033 98 34 ruled
256 1033 77 35 that
344 1034 180 35 inasmuch
537 1045 37 24 as
587 1035 59 34 the
657 1034 90 35 Civil
758 1035 138 35 Service
907 1037 70 33 Act
988 1035 82 35 does
1081 1041 60 29 not
1152 1036 209 44 specifically

146 1083 152 43 prohibit
319 1084 202 35 reasonable
541 1084 126 35 credits
688 1084 107 35 based
815 1096 44 24 on
880 1085 174 44 seniority,
1076 1086 59 34 the
1155 1085 205 45 procedures

146 1133 151 44 adopted
307 1134 45 44 by
362 1134 58 35 the
429 1134 117 35 North
557 1135 106 35 Little
672 1135 100 35 Rock
781 1135 89 35 Civil
880 1135 140 35 Service
1030 1136 231 35 Commission
1272 1147 89 24 were

146 1189 60 29 not
216 1184 178 35 unlawful.
407 1184 15 35 I
433 1184 131 35 believe
574 1185 77 35 that
661 1185 263 44 interpretation
934 1197 71 23 was
1015 1192 133 29 correct
1158 1187 69 34 and
1237 1186 123 35 should

147 1233 43 34 be
210 1233 150 44 adopted
380 1245 44 24 on
445 1234 192 44 rehearing.
