1648 2680
422 389 158 43 question
597 399 70 23 was
684 388 84 34 used
785 388 145 42 directly
947 387 34 34 in
999 387 190 43 producing
1206 386 59 34 the
1282 385 145 35 finished
1445 385 66 34 end

423 438 145 44 product
584 438 72 33 into
670 437 59 34 the
744 437 90 34 form
850 437 34 33 in
899 436 112 34 which
1027 436 26 34 it
1067 446 70 24 was
1152 435 73 34 sold
1242 435 34 34 in
1291 435 59 34 the
1365 434 145 40 market,

423 487 68 35 and
512 486 246 44 consequently
777 497 70 23 was
868 490 148 39 exempt.

299 250 66 34 608

483 563 75 34 Our
568 562 152 34 decision
731 562 34 34 in
778 561 138 43 Cheney
926 572 30 23 v.
969 561 151 42 Georgia
1130 560 131 43 Pacific
1270 561 114 42 Paper
1396 560 115 42 Corp.,

300 614 66 33 237
389 613 85 34 Ark.
501 613 75 39 161,
600 613 62 33 371
688 610 143 36 S.W.2d
854 611 65 34 843
945 609 137 44 (1963),
1104 610 28 34 is
1154 609 182 44 pertinent.
1358 609 113 34 There
1492 619 20 23 a

299 663 138 34 turbine
451 667 182 38 generator
647 672 70 24 was
733 661 84 34 used
832 666 35 29 to
882 665 163 39 generate
1059 659 190 44 electricity
1264 659 54 34 for
1332 659 59 34 the
1406 669 106 33 paper

300 712 73 34 mill
394 711 69 35 and
484 717 36 29 to
541 711 122 43 supply
684 716 111 29 steam
817 710 76 34 that
914 721 69 23 was
1005 709 84 35 used
1111 709 34 34 in
1167 709 59 34 the
1247 708 265 44 paper-making

299 772 147 33 process.
466 761 65 34 We
549 760 74 35 said
642 761 76 33 that
737 760 49 34 “it
803 771 111 23 seems
932 764 168 39 apparent
1118 764 36 29 to
1172 769 40 23 us
1230 758 76 34 that
1324 758 59 34 the
1400 763 112 28 steam

299 811 138 34 turbine
450 815 182 38 generator
645 810 27 34 is
686 820 20 24 a
721 809 152 44 primary
887 809 133 43 facility
1033 808 34 34 in
1081 808 59 35 the
1153 818 106 34 paper
1273 807 238 35 manufactur­

300 861 57 43 ing
370 871 146 33 process.
531 860 34 34 If
574 860 59 34 the
645 859 137 35 turbine
793 864 182 38 generator
987 869 89 24 were
1087 857 161 35 removed
1260 858 59 34 the
1331 856 180 35 manufac­

299 911 116 43 turing
425 910 178 44 operation
614 909 113 35 would
737 909 133 35 cease.”
881 908 93 35 That
983 919 80 24 case
1072 919 70 24 was
1152 907 160 35 followed
1322 907 35 35 in
1367 907 145 35 another

300 966 59 30 not
372 961 117 35 unlike
502 960 67 35 this
583 971 75 30 one,
672 959 184 35 Arkansas
869 961 65 42 Ry.
949 961 213 42 Equipment
1177 959 60 34 Co.
1251 969 31 23 v.
1296 957 131 42 Heath,
1443 958 66 34 257

299 1012 85 33 Ark.
402 1012 79 39 651,
499 1012 66 33 519
582 1010 143 34 S.W.2d
740 1011 43 33 45
803 1009 137 43 (1975).
957 1009 113 34 There
1084 1020 51 23 we
1150 1008 138 44 applied
1303 1008 60 34 the
1377 1019 62 23 use
1454 1013 59 29 tax

300 1060 196 43 exemption
507 1065 35 29 to
552 1065 67 29 two
629 1059 105 34 diesel
745 1059 203 34 locomotive
958 1069 120 24 cranes
1089 1059 76 33 that
1175 1069 89 23 were
1274 1057 84 34 used
1369 1063 35 28 to
1414 1068 99 23 move

300 1109 69 34 and
389 1114 35 29 to
444 1108 81 34 hold
544 1108 57 34 old
621 1108 150 34 railroad
791 1108 85 34 tank
895 1118 76 23 cars
991 1108 76 33 that
1086 1118 90 23 were
1195 1107 102 42 being
1318 1106 103 34 made
1440 1106 72 34 into

300 1158 161 42 highway
471 1158 157 33 culverts.
641 1158 39 33 In
691 1157 141 42 holding
843 1156 76 34 that
929 1156 59 34 the
997 1167 121 23 cranes
1129 1166 89 23 were
1227 1155 85 34 used
1322 1155 146 42 directly
1478 1155 34 33 in

300 1206 283 43 manufacturing
600 1206 59 34 the
675 1206 147 34 culverts
839 1216 51 23 we
906 1205 176 34 reasoned:
1101 1205 97 33 “The
1214 1204 201 43 machinery
1432 1204 81 33 here

300 1255 155 35 involved
477 1255 27 34 is
525 1260 59 29 not
604 1255 81 43 only
706 1265 44 24 an
771 1255 147 42 integral
938 1259 78 39 part
1036 1254 40 34 of
1093 1254 59 34 the
1171 1254 179 43 operation
1372 1253 62 34 but
1454 1252 59 35 the

300 1305 178 44 operation
490 1304 102 35 could
605 1310 59 28 not
676 1304 43 34 be
731 1303 196 45 performed
939 1303 145 34 without
1096 1303 59 34 the
1166 1314 61 23 use
1238 1302 40 35 of
1287 1303 59 34 the
1358 1302 154 34 machin­

300 1355 94 44 ery.”
405 1355 113 34 Those
529 1354 234 35 observations
773 1365 60 23 are
844 1353 138 45 equally
992 1353 194 44 applicable
1196 1358 36 29 to
1243 1352 143 35 Deltic’s
1398 1363 113 23 crane.

530 1432 75 34 The
619 1431 272 35 Commissioner
905 1435 141 30 stresses
1061 1441 62 23 our
1137 1429 124 35 settled
1276 1429 74 35 rule
1363 1429 77 34 that
1454 1434 60 29 tax

301 1482 213 43 exemptions
532 1492 59 23 are
609 1481 133 43 strictly
760 1480 195 41 construed,
974 1480 76 34 that
1068 1485 35 29 to
1121 1480 109 34 doubt
1247 1480 28 34 is
1294 1485 35 29 to
1347 1479 90 43 deny
1455 1479 59 34 the

301 1531 206 44 exemption,
519 1530 69 36 and
599 1531 77 34 that
686 1530 173 35 therefore
870 1530 59 35 the
939 1530 196 44 exemption
1146 1534 93 30 must
1250 1529 43 35 be
1304 1528 209 36 established

301 1581 134 44 beyond
452 1592 20 23 a
488 1581 203 34 reasonable
706 1580 118 35 doubt.
841 1580 92 34 That
949 1580 167 44 principle
1131 1579 130 44 applies
1278 1579 184 44 especially
1477 1584 36 29 to

300 1631 59 35 the
373 1631 79 35 trial
467 1636 126 36 courts,
607 1631 77 34 who
698 1631 84 34 hear
796 1630 59 34 the
868 1630 186 43 testimony
1068 1629 68 35 and
1150 1629 192 34 determine
1356 1629 107 34 issues
1477 1628 40 35 of

301 1681 204 43 credibility.
520 1681 93 34 Even
626 1681 35 34 in
674 1686 59 29 tax
746 1680 195 44 exemption
955 1690 107 30 cases,
1076 1679 166 41 however,
1256 1690 51 23 we
1320 1679 122 34 review
1455 1678 59 35 the

301 1731 171 43 chancery
491 1731 126 34 court’s
636 1730 148 43 findings
803 1730 43 34 de
865 1740 87 24 novo
971 1729 68 35 and
1058 1740 134 23 reverse
1210 1729 80 43 only
1309 1728 30 35 if
1354 1729 82 43 they
1455 1739 59 24 are

301 1780 128 43 clearly
452 1780 135 43 against
610 1780 59 34 the
692 1779 279 44 preponderance
993 1779 39 34 of
1052 1779 60 34 the
1134 1778 172 35 evidence.
1329 1778 185 34 Arkansas

300 1832 174 41 Beverage
497 1830 59 34 Co.
581 1840 27 23 v.
632 1828 131 41 Heath,
786 1830 66 32 257
875 1829 85 33 Ark.
985 1829 79 39 991,
1087 1829 79 39 993,
1190 1829 63 33 521
1279 1827 144 34 S.W.2d
1446 1828 65 33 835

303 1878 137 44 (1975).
460 1880 94 33 Here
571 1879 59 34 the
647 1878 225 35 chancellor’s
890 1877 149 44 findings
1057 1877 69 35 and
1143 1877 216 34 conclusions
1377 1888 59 23 are
1454 1882 59 29 not

300 1929 128 43 clearly
448 1939 194 24 erroneous.

391 2004 180 35 Affirmed.

391 2081 160 40 Purtle,
572 2081 30 34 J.
624 2085 59 29 not
703 2080 256 44 participating.

393 2158 114 39 Hays,
529 2157 42 40 J.,
592 2156 157 34 dissents.

392 2232 139 34 Steele
543 2233 114 39 Hays,
669 2231 141 41 Justice,

821 2230 200 43 dissenting.
1034 2231 15 33 I
1059 2230 158 43 disagree
1226 2230 83 34 with
1318 2230 60 34 the
1388 2229 125 43 major-

301 2282 78 43 ity’s
394 2282 163 43 approval
571 2281 40 35 of
622 2281 59 35 the
695 2286 67 29 test
776 2280 138 45 applied
929 2280 45 44 by
988 2280 59 35 the
1061 2280 207 40 chancellor,
1284 2279 65 41 i.e.,
1365 2279 76 34 that
1455 2279 59 34 the

301 2342 104 24 crane
432 2332 27 33 is
487 2342 20 23 a
535 2342 181 32 necessary
743 2336 78 38 part
847 2330 40 35 of
910 2330 60 35 the
996 2330 179 44 operation
1202 2340 44 24 on
1273 2330 60 34 the
1359 2329 92 34 basis
1478 2329 39 34 of

302 2381 204 34 economics.
519 2381 113 33 There
644 2380 28 34 is
685 2391 44 23 no
742 2380 175 43 authority
930 2380 53 34 for
996 2380 68 34 this
1077 2379 178 35 rationale.
1269 2379 74 34 The
1355 2379 158 34 chancel-
