1632 2688
292 406 159 43 injustice
462 406 67 34 had
541 406 165 34 occurred
717 406 148 34 because
875 406 59 34 the
944 410 90 30 state
1045 405 85 35 “has
1142 411 69 35 not,
1223 410 137 36 cannot,
1372 404 132 46 and/or

291 456 66 34 will
372 462 59 28 not
444 456 107 34 honor
565 456 42 34 its
621 456 77 43 plea
711 456 234 42 agreement.”
960 456 39 33 In
1012 455 52 34 his
1077 455 100 34 order
1190 455 154 43 refusing
1356 460 35 29 to
1404 455 100 34 allow

291 505 213 34 withdrawal
530 505 39 34 of
591 506 59 33 the
674 505 110 43 guilty
809 505 88 44 plea,
923 505 60 34 the
1007 510 98 29 court
1130 505 129 34 recited
1285 505 76 34 that
1386 504 118 43 “[t]he

291 556 178 33 Arkansas
482 556 230 42 Department
723 554 39 35 of
772 555 220 34 Corrections
1004 555 27 34 is
1044 565 75 24 now
1131 554 106 44 ready
1249 554 68 35 and
1329 555 127 42 willing
1468 559 36 29 to

291 604 127 35 deliver
428 605 58 34 the
496 604 200 35 Defendant
705 610 36 29 to
750 605 59 34 the
819 604 143 35 Federal
972 604 237 35 authorities.”
1220 604 216 44 Apparently
1445 604 60 34 the

291 655 79 43 only
386 665 121 24 reason
523 655 59 34 the
597 655 176 43 appellant
788 654 27 35 is
832 659 59 30 not
906 654 170 43 receiving
1092 654 59 34 the
1166 654 127 34 benefit
1308 654 39 34 of
1359 654 52 34 his
1426 654 77 44 plea

292 704 144 43 bargain
447 704 27 34 is
484 704 76 34 that
570 704 59 34 the
638 704 131 34 federal
780 704 202 34 authorities
993 704 115 34 refuse
1117 709 35 29 to
1162 704 81 34 take
1252 704 82 34 him.
1347 704 89 34 Both
1445 704 59 34 the

291 759 98 29 court
401 754 68 34 and
481 754 58 33 the
551 759 199 38 prosecutor
761 753 87 34 have
859 753 126 34 striven
997 758 35 29 to
1044 764 57 23 see
1111 758 35 29 to
1158 753 26 34 it
1196 753 59 34 the
1266 758 199 38 agreement
1476 753 27 34 is

291 803 133 34 carried
434 808 71 35 out,
516 803 61 34 but
587 803 81 43 they
678 814 59 22 are
746 803 180 43 powerless
936 807 35 29 to
980 802 45 34 do
1034 813 37 23 so
1080 803 35 33 in
1123 802 85 34 view
1217 802 39 34 of
1262 802 59 34 the
1330 802 128 34 refusal
1468 802 39 34 of

291 852 59 34 the
365 852 130 34 federal
510 852 203 34 authorities
728 857 35 29 to
776 857 184 38 cooperate
974 851 45 44 by
1032 851 160 43 allowing
1206 851 60 35 the
1279 851 176 44 appellant
1469 856 35 29 to

291 902 102 43 begin
410 902 134 43 serving
561 902 52 34 his
630 901 131 35 federal
778 906 161 30 sentence
955 901 68 35 and
1040 901 80 35 thus
1136 901 132 35 receive
1283 901 109 35 credit
1408 901 54 34 for
1478 901 26 34 it

291 952 136 43 against
448 952 51 34 his
520 957 90 29 state
630 957 171 29 sentence.

296 265 61 33 188

523 1029 64 33 We
601 1039 103 32 agree
717 1028 82 34 with
813 1028 59 34 the
885 1027 189 35 frustrated
1088 1028 79 34 trial
1181 1033 98 29 court
1293 1028 76 34 that
1383 1028 43 34 he
1439 1038 65 24 can

291 1078 44 34 do
346 1089 43 23 no
401 1089 104 23 more.
520 1079 89 33 Rule
620 1079 75 33 26.1
704 1078 53 43 (a)
770 1089 77 33 says
858 1078 214 35 withdrawal
1083 1078 40 35 of
1130 1089 20 23 a
1161 1078 110 44 guilty
1282 1078 77 44 plea
1370 1089 81 32 may
1461 1078 43 34 be

291 1128 144 34 allowed
449 1133 36 29 to
499 1133 132 29 correct
645 1139 20 23 a
680 1128 164 35 manifest
858 1128 169 43 injustice.
1043 1128 90 34 Rule
1148 1127 134 44 26.1(c)
1299 1128 156 44 provides
1470 1128 34 34 in

291 1178 172 43 pertinent
484 1183 87 38 part:

416 1253 227 35 Withdrawal
657 1253 39 34 of
705 1264 21 24 a
739 1254 77 43 plea
829 1253 39 35 of
877 1253 110 44 guilty
999 1264 38 24 or
1050 1254 78 34 nolo
1140 1253 209 35 contendere
1361 1253 87 35 shall
1462 1254 43 33 be

414 1303 145 34 deemed
568 1308 35 29 to
613 1303 42 34 be
664 1314 181 32 necessary
854 1308 35 29 to
898 1308 133 30 correct
1039 1315 21 23 a
1069 1303 164 35 manifest
1242 1303 160 43 injustice
1410 1303 30 35 if
1445 1303 60 34 the

414 1352 190 35 defendant
624 1363 120 33 proves
764 1358 35 29 to
820 1353 59 35 the
898 1353 217 34 satisfaction
1135 1353 39 34 of
1191 1353 59 34 the
1270 1358 98 29 court
1389 1353 85 34 that:

490 1527 63 43 (iv)
571 1528 43 34 he
629 1528 58 34 did
703 1533 59 29 not
777 1528 132 34 receive
923 1528 59 35 the
995 1528 128 43 charge
1137 1539 38 23 or
1190 1533 161 30 sentence
1365 1539 137 23 conces-

488 1577 91 35 sions
607 1577 257 44 contemplated
893 1578 44 43 by
966 1589 20 23 a
1014 1578 77 44 plea
1120 1583 200 38 agreement
1348 1578 68 34 and
1445 1578 59 34 the

488 1628 219 43 prosecuting
718 1633 159 38 attorney
888 1627 106 35 failed
1005 1633 36 29 to
1052 1628 81 34 seek
1142 1638 38 24 or
1191 1633 60 29 not
1261 1633 35 29 to
1307 1638 127 34 oppose
1444 1628 60 34 the

488 1678 215 34 concessions
724 1689 37 24 as
782 1678 173 44 promised
976 1678 34 34 in
1031 1678 59 34 the
1110 1678 77 44 plea
1207 1683 200 38 agreement

291 1754 115 34 While
423 1754 59 34 the
499 1754 176 44 appellant
693 1754 62 35 has
773 1760 60 29 not
851 1759 56 39 yet
926 1754 155 35 received
1099 1754 59 35 the
1176 1754 127 35 benefit
1321 1754 43 35 he
1381 1755 121 34 antici-

290 1803 103 44 pated
410 1803 90 35 from
517 1804 51 34 his
585 1804 155 43 bargain,
757 1804 98 34 there
870 1804 28 34 is
915 1815 44 24 no
974 1804 163 37 evidence
1152 1815 38 24 or
1205 1815 84 23 even
1305 1804 198 43 suggestion

290 1853 76 35 that
381 1853 59 34 the
456 1859 198 38 prosecutor
670 1853 105 35 failed
791 1859 35 29 to
842 1854 81 34 seek
937 1854 59 34 the
1011 1854 127 43 agreed
1153 1854 209 34 concession.
1378 1855 50 33 As
1444 1854 59 34 the

290 1903 74 34 rule
374 1903 145 44 implies,
532 1914 43 23 no
586 1903 147 34 accused
744 1903 27 34 is
782 1903 214 43 guaranteed
1007 1903 44 35 he
1061 1903 68 35 will
1140 1904 152 43 actually
1303 1904 130 34 receive
1444 1903 59 35 the

290 1952 127 35 benefit
433 1952 39 35 of
485 1953 52 35 his
553 1953 77 44 plea
647 1953 155 43 bargain,
819 1953 63 35 but
898 1953 43 35 he
957 1953 27 34 is
1000 1953 214 43 guaranteed
1230 1953 59 35 the
1304 1958 198 39 prosecutor

289 2003 68 34 will
378 2003 80 34 seek
477 2013 38 24 or
536 2008 59 29 not
615 2013 127 34 oppose
762 2003 59 34 the
840 2003 216 35 concessions
1077 2003 182 44 promised.

380 2078 74 35 The
468 2079 176 43 appellant
657 2078 85 35 cites
755 2079 80 43 only
849 2078 124 35 Zoller
984 2090 30 23 v.
1028 2079 113 40 State,
1157 2080 67 33 282
1237 2079 85 34 Ark.
1339 2080 78 39 380,
1433 2079 67 34 669

289 2127 143 35 S.W.2d
444 2129 69 33 434
527 2128 138 42 (1984),
678 2139 37 23 as
728 2139 20 23 a
759 2139 81 24 case
851 2128 225 44 interpreting
1089 2128 90 34 Rule
1190 2129 75 34 26.1
1282 2128 34 34 in
1328 2128 52 34 his
1392 2128 107 34 favor.

289 2178 92 33 That
393 2188 80 23 case
486 2178 27 33 is
526 2183 60 28 not
599 2178 204 42 controlling
816 2178 149 34 because
978 2177 97 35 there
1087 2188 50 23 we
1150 2177 107 35 found
1270 2178 27 34 it
1310 2178 192 43 “apparent

289 2227 76 33 that
387 2227 59 33 the
467 2227 219 43 prosecuting
707 2232 159 38 attorney
888 2227 106 34 failed
1015 2232 35 29 to
1071 2227 81 34 seek
1172 2227 59 34 the
1251 2227 74 34 first
1346 2227 156 34 offender

289 2281 188 30 treatment
496 2277 59 34 the
573 2277 177 43 appellant
768 2288 70 23 was
857 2276 207 44 promised.”
1085 2277 68 34 282
1172 2277 85 34 Ark.
1277 2282 36 29 at
1334 2278 78 39 385,
1433 2277 67 34 669

289 2326 143 34 S.W.2d
453 2331 36 30 at
509 2327 79 34 436.

472 2402 75 34 The
558 2402 177 43 appellant
746 2402 62 34 has
821 2402 155 34 received
987 2402 220 44 cooperation
1219 2402 34 34 in
1266 2402 63 34 full
1341 2402 91 34 from
1443 2402 60 34 the
