1632 2696
132 414 101 40 Gen.,
256 413 53 35 for
329 413 164 44 appellee.

1279 271 64 33 177

226 496 154 33 Robert
392 496 45 33 H.
450 495 171 40 Dudley,
634 494 141 34 Justice.

788 494 189 43 Appellant
988 504 70 24 was
1070 493 109 34 found
1190 493 110 43 guilty
1311 492 39 35 of

133 545 176 43 burglary,
325 544 146 44 robbery
486 544 68 35 and
570 544 90 34 theft
674 544 40 35 of
726 549 171 39 property.
914 544 56 34 He
984 543 141 44 appeals
1140 543 59 34 the
1213 543 133 34 convic-

134 594 90 35 tions
235 594 53 35 for
299 594 162 44 burglary
472 594 68 35 and
551 594 157 43 robbery,
720 594 62 34 but
792 593 81 35 does
884 598 59 30 not
953 593 124 44 appeal
1087 593 60 35 the
1156 593 191 36 conviction

135 644 53 35 for
209 644 90 35 theft
319 644 39 35 of
376 649 170 39 property.
569 645 65 34 We
654 644 113 35 affirm
787 644 59 34 the
865 643 221 35 convictions.

367 726 217 44 Appellant’s
599 726 74 34 first
687 726 96 44 point
797 726 27 34 is
839 726 76 34 that
929 725 59 35 the
1003 725 162 35 evidence
1178 725 28 34 is
1220 724 128 35 insuffi­

135 776 93 35 cient
241 781 35 30 to
289 776 131 35 sustain
433 776 59 35 the
503 776 221 34 convictions.
740 776 56 34 On
809 775 134 44 appeal,
956 775 60 36 the
1028 775 162 35 evidence
1202 780 92 29 must
1306 774 44 35 be

135 826 130 35 viewed
279 826 34 34 in
326 826 59 34 the
397 826 86 43 light
496 831 91 29 most
599 826 178 34 favorable
789 831 36 29 to
838 826 165 43 appellee,
1017 825 69 34 and
1098 825 60 34 the
1166 824 184 44 judgment

137 881 93 30 must
246 876 43 34 be
305 876 155 34 affirmed
476 876 30 34 if
518 876 98 34 there
632 876 27 34 is
676 887 67 32 any
758 875 207 35 substantial
981 875 162 34 evidence
1158 880 35 29 to
1208 880 143 39 support

137 926 59 34 the
207 925 132 44 finding
351 925 39 35 of
398 926 59 34 the
468 926 82 34 trier
561 925 40 35 of
609 925 84 35 fact.
705 925 151 44 Phillips
867 936 30 23 v.
909 925 113 41 State,
1036 926 64 33 271
1115 925 85 34 Ark.
1213 925 136 40 96, 607

137 975 145 35 S.W.2d
296 976 68 33 664
379 975 136 43 (1980).
531 975 240 35 “Substantial
786 975 161 34 evidence
959 975 28 34 is
1000 975 77 34 that
1090 975 112 34 which
1215 974 27 34 is
1256 985 96 23 more

138 1025 85 35 than
238 1036 20 23 a
273 1025 148 34 scintilla
435 1025 68 34 and
518 1030 93 29 must
625 1024 45 35 do
684 1035 96 24 more
793 1025 85 34 than
892 1029 116 29 create
1022 1035 20 23 a
1057 1024 172 44 suspicion
1242 1023 40 35 of
1292 1024 60 34 the

138 1075 174 34 existence
323 1074 38 35 of
369 1075 59 34 the
439 1074 72 35 fact
521 1079 36 30 to
568 1074 43 35 be
622 1074 221 41 established;
855 1074 26 34 it
892 1074 28 34 is
931 1074 85 34 such
1027 1074 153 34 relevant
1190 1073 161 35 evidence

139 1135 38 24 as
199 1135 20 23 a
242 1124 202 35 reasonable
465 1124 95 34 mind
583 1124 112 43 might
716 1129 121 39 accept
858 1135 38 23 as
918 1123 173 44 adequate
1111 1128 36 30 to
1169 1128 141 40 support
1331 1134 21 24 a

139 1174 233 35 conclusion.”
393 1174 160 44 Phillips,
575 1185 120 33 supra.

230 1256 75 34 The
333 1256 171 40 evidence,
532 1255 130 35 viewed
690 1261 90 29 most
808 1255 179 44 favorably
1014 1261 36 29 to
1078 1255 155 44 appellee
1259 1255 28 34 is
1315 1266 37 23 as

140 1305 143 35 follows:
298 1306 56 34 On
368 1306 193 34 December
576 1307 31 39 3,
626 1307 99 40 1984,
739 1306 59 34 the
809 1305 118 35 victim
940 1316 70 24 was
1023 1305 163 35 attacked
1199 1305 45 44 by
1257 1305 97 35 three

140 1366 80 24 men
232 1355 34 35 in
277 1356 59 34 the
347 1356 103 43 living
460 1366 98 24 room
568 1355 40 35 of
616 1356 61 34 her
687 1356 113 40 home;
812 1356 81 43 they
903 1356 51 34 hit
965 1355 61 35 her
1036 1366 45 24 on
1091 1355 60 35 the
1160 1355 101 41 head;
1272 1355 82 44 they

140 1405 71 35 tied
230 1406 61 34 her
310 1416 46 34 up
373 1406 82 34 with
474 1406 184 44 telephone
676 1405 82 35 cord
777 1405 68 35 and
864 1411 61 39 put
944 1417 20 23 a
983 1406 196 44 pillowcase
1196 1416 78 24 over
1293 1405 60 36 her

140 1456 102 41 head;
258 1456 82 44 they
355 1456 86 34 stole
456 1456 61 34 her
532 1467 60 23 car
608 1457 93 42 keys,
718 1467 95 24 some
828 1467 135 33 money,
980 1456 61 34 her
1053 1456 141 43 jewelry
1209 1455 68 35 and
1293 1456 60 34 her

145 1507 83 33 1981
256 1506 121 35 Grand
400 1507 166 43 Mercury
589 1506 161 44 Marquis
772 1506 222 41 automobile;
1016 1517 44 23 on
1083 1506 192 34 December
1297 1507 56 40 22,

145 1557 100 40 1984,
259 1556 175 45 appellant
448 1567 69 24 was
531 1556 165 35 observed
710 1556 34 35 in
759 1556 187 41 Rockford,
961 1556 141 41 Illinois,
1116 1556 34 34 in
1163 1556 190 44 possession

140 1606 40 35 of
200 1607 59 34 the
281 1607 146 34 victim’s
451 1617 59 24 car
534 1607 69 34 and
626 1618 70 23 was
719 1606 153 35 arrested
896 1606 53 35 for
972 1607 191 43 possession
1186 1606 39 35 of
1245 1607 109 34 stolen

141 1662 173 40 property;
338 1657 59 34 the
418 1657 148 34 victim’s
589 1657 106 44 photo
718 1656 249 35 identification
991 1656 82 35 card
1096 1668 70 23 was
1189 1656 107 35 found
1319 1657 34 34 in

141 1707 206 43 appellant’s
364 1707 118 43 jacket
502 1707 134 43 pocket.

234 1788 134 42 During
381 1788 51 34 his
444 1788 111 34 initial
567 1788 175 34 interview
753 1788 82 34 with
847 1788 59 34 the
917 1787 178 35 Rockford
1107 1787 120 44 police,
1240 1787 114 44 appel-

142 1837 74 35 lant
230 1837 74 34 first
319 1836 71 35 told
404 1837 96 34 them
515 1837 78 34 that
607 1848 20 23 a
642 1847 123 34 person
780 1837 34 34 in
830 1836 177 35 Rockford
1022 1836 126 35 named
1163 1837 109 43 Larry
1287 1836 68 35 had

142 1886 100 43 given
255 1886 72 34 him
339 1886 59 35 the
409 1897 70 30 car;
492 1886 44 35 he
547 1887 83 34 then
642 1886 73 35 told
727 1887 95 34 them
834 1887 76 34 that
922 1886 44 35 he
978 1886 69 34 had
1059 1886 108 34 found
1179 1886 59 35 the
1249 1897 59 23 car
1320 1891 36 29 at

143 1936 148 35 Granite
302 1936 186 35 Mountain
498 1936 35 35 in
544 1936 106 35 Little
660 1936 99 35 Rock
768 1947 44 24 on
822 1936 194 35 December
1027 1937 31 40 6,
1069 1936 83 34 with
1162 1936 59 34 the
1230 1936 81 43 keys
1322 1935 34 35 in

143 1986 37 41 it,
194 1986 70 35 and
277 1986 76 35 that
365 1986 98 35 when
477 1987 26 34 it
516 1997 70 24 was
599 1986 69 35 still
681 1986 97 35 there
790 1997 44 24 on
848 1986 194 35 December
1056 1987 31 40 8,
1100 1986 44 35 he
1156 1986 82 34 took
1249 1986 27 35 it
1288 1985 69 35 and

143 2042 91 29 went
246 2042 36 29 to
294 2036 188 41 Rockford;
494 2037 44 34 he
549 2037 119 43 finally
680 2036 72 35 told
763 2036 96 35 them
871 2036 59 35 the
941 2041 93 39 story
1046 2036 77 35 that
1134 2036 28 34 is
1174 2035 183 35 contained

144 2086 34 35 in
191 2086 52 35 his
255 2086 135 35 written
402 2091 198 36 statement,
611 2086 113 34 which
736 2086 28 34 is
775 2086 77 35 that
863 2086 43 34 he
918 2086 248 43 accompanied
1177 2091 68 29 two
1256 2086 103 34 black

144 2136 109 34 males
265 2141 36 29 to
313 2136 59 34 the
382 2136 147 34 victim’s
542 2136 108 34 house
662 2136 158 43 thinking
832 2136 81 43 they
925 2147 90 23 were
1026 2135 103 43 going
1141 2141 36 28 to
1189 2135 170 44 purchase

143 2185 108 40 weed;
269 2185 77 35 that
363 2186 98 34 when
480 2186 44 34 he
540 2185 199 35 discovered
757 2185 93 35 what
867 2185 82 44 they
966 2196 90 23 were
1074 2185 107 43 really
1198 2195 47 33 up
1262 2190 35 29 to
1315 2185 43 34 he

145 2235 156 44 “pushed
312 2235 60 35 the
381 2235 83 35 door
475 2246 89 33 open
575 2235 69 34 and
651 2235 74 43 just
735 2235 143 44 stepped
889 2235 110 34 inside
1010 2235 69 35 and
1089 2234 72 35 told
1172 2235 96 34 them
1283 2234 71 43 [he]

144 2296 70 24 was
229 2285 157 43 leaving”
402 2285 69 35 and
485 2285 140 34 hitched
640 2296 20 24 a
675 2285 74 34 ride
762 2285 90 35 back
864 2290 36 30 to
914 2285 148 34 Granite
1077 2284 198 41 Mountain;
1290 2284 69 35 and

144 2335 78 34 that
235 2335 60 34 the
308 2340 68 29 two
389 2335 246 43 subsequently
649 2334 117 35 talked
780 2335 73 33 him
867 2335 72 34 into
953 2334 133 43 getting
1099 2334 53 34 rid
1166 2334 39 34 of
1215 2334 60 34 the
1287 2344 70 24 car.

330 2414 106 34 Proof
446 2415 76 33 that
536 2415 28 33 is
577 2414 107 34 based
698 2425 91 32 upon
804 2414 274 34 circumstantial
1092 2414 162 34 evidence
1266 2418 93 29 must
