<?xml version='1.0' encoding='utf-8'?>
<alto xmlns="http://www.loc.gov/standards/alto/ns-v3#">
  <!--Created by Innodata R.E.D. RLI tool: 2017-04-25 06:27:39.146030-->
  <Description>
    <MeasurementUnit>pixel</MeasurementUnit>
    <sourceImageInformation>
      <fileName>32044078577194_00305_1.tif</fileName>
    </sourceImageInformation>
    <OCRProcessing ID="OP_1">
      <ocrProcessingStep>
        <processingStepDescription>Alto coordinates refer to the deskewed TIFF file. 
		To convert point (x, y) to original image (TIFF or JP2) apply transformation matrix T=(m00, m01, m10, m11, b0, b1) using the rule:
			T * (x,y) = (m00 * x + m01 * y + b0), (m10 * x + m11 * y + b1)</processingStepDescription>
        <processingStepSettings>RED.transform=(1.0, -0.0, 0.0, 1.0, 0.0, -0.0)</processingStepSettings>
      </ocrProcessingStep>
    </OCRProcessing>
  </Description>
  <Styles>
    <TextStyle FONTFAMILY="Times New Roman" FONTSIZE="11.00" FONTTYPE="serif" FONTWIDTH="proportional" ID="Style_4"/>
    <TextStyle FONTFAMILY="Times New Roman" FONTSIZE="11.00" FONTSTYLE="italics" FONTTYPE="serif" FONTWIDTH="proportional" ID="Style_5"/>
    <TextStyle FONTFAMILY="Times New Roman" FONTSIZE="11.00" FONTSTYLE="bold" FONTTYPE="serif" FONTWIDTH="proportional" ID="Style_6"/>
  </Styles>
  <Tags>
    <StructureTag ID="b609-8" LABEL="blockquote"/>
    <StructureTag ID="b610-1" LABEL="pagelabel"/>
    <StructureTag ID="b610-6" LABEL="blockquote"/>
    <StructureTag ID="b610-7" LABEL="p"/>
    <StructureTag ID="b610-8" LABEL="p"/>
    <StructureTag ID="b610-9" LABEL="blockquote"/>
  </Tags>
  <Layout>
    <Page HEIGHT="2680" ID="PG_610" PHYSICAL_IMG_NR="610" WIDTH="1648">
      <PrintSpace HEIGHT="2680" HPOS="0" ID="PS_610" VPOS="0" WIDTH="1648">
        <TextBlock HEIGHT="96.0" HPOS="416.0" ID="BL_610.1" TAGREFS="b609-8" VPOS="399.0" WIDTH="1090.0">
          <TextLine HEIGHT="46" HPOS="416" ID="TL_610.1.1" VPOS="399" WIDTH="1090">
            <String CONTENT="through" HEIGHT="43" HPOS="416" ID="ST_610.1.1.1" STYLEREFS="Style_4" VPOS="401" WIDTH="149" WC="0.91" CC="0000000" TAGREFS=""/>
            <SP HPOS="565" ID="SP_610.1.1.2" VPOS="401" WIDTH="15"/>
            <String CONTENT="hypnosis" HEIGHT="44" HPOS="580" ID="ST_610.1.1.3" STYLEREFS="Style_4" VPOS="401" WIDTH="161" WC="0.98" CC="00000000" TAGREFS=""/>
            <SP HPOS="741" ID="SP_610.1.1.4" VPOS="411" WIDTH="15"/>
            <String CONTENT="are" HEIGHT="24" HPOS="756" ID="ST_610.1.1.5" STYLEREFS="Style_4" VPOS="411" WIDTH="59" WC="1.00" CC="000" TAGREFS=""/>
            <SP HPOS="815" ID="SP_610.1.1.6" VPOS="400" WIDTH="13"/>
            <String CONTENT="sufficiently" HEIGHT="43" HPOS="828" ID="ST_610.1.1.7" STYLEREFS="Style_4" VPOS="400" WIDTH="206" WC="0.88" CC="000990000000" TAGREFS=""/>
            <SP HPOS="1034" ID="SP_610.1.1.8" VPOS="400" WIDTH="14"/>
            <String CONTENT="unreliable" HEIGHT="34" HPOS="1048" ID="ST_610.1.1.9" STYLEREFS="Style_4" VPOS="400" WIDTH="191" WC="0.94" CC="0000000000" TAGREFS=""/>
            <SP HPOS="1239" ID="SP_610.1.1.10" VPOS="400" WIDTH="13"/>
            <String CONTENT="that" HEIGHT="34" HPOS="1252" ID="ST_610.1.1.11" STYLEREFS="Style_4" VPOS="400" WIDTH="77" WC="0.87" CC="0000" TAGREFS=""/>
            <SP HPOS="1329" ID="SP_610.1.1.12" VPOS="399" WIDTH="13"/>
            <String CONTENT="their" HEIGHT="35" HPOS="1342" ID="ST_610.1.1.13" STYLEREFS="Style_4" VPOS="399" WIDTH="89" WC="0.91" CC="00000" TAGREFS=""/>
            <SP HPOS="1431" ID="SP_610.1.1.14" VPOS="410" WIDTH="14"/>
            <String CONTENT="use" HEIGHT="23" HPOS="1445" ID="ST_610.1.1.15" STYLEREFS="Style_4" VPOS="410" WIDTH="61" WC="1.00" CC="000" TAGREFS=""/>
          </TextLine>
          <TextLine HEIGHT="46" HPOS="416" ID="TL_610.1.2" VPOS="449" WIDTH="1087">
            <String CONTENT="is" HEIGHT="34" HPOS="416" ID="ST_610.1.2.1" STYLEREFS="Style_4" VPOS="452" WIDTH="27" WC="1.00" CC="00" TAGREFS=""/>
            <SP HPOS="443" ID="SP_610.1.2.2" VPOS="451" WIDTH="13"/>
            <String CONTENT="precluded" HEIGHT="44" HPOS="456" ID="ST_610.1.2.3" STYLEREFS="Style_4" VPOS="451" WIDTH="185" WC="0.99" CC="000000000" TAGREFS=""/>
            <SP HPOS="641" ID="SP_610.1.2.4" VPOS="462" WIDTH="12"/>
            <String CONTENT="as" HEIGHT="23" HPOS="653" ID="ST_610.1.2.5" STYLEREFS="Style_4" VPOS="462" WIDTH="37" WC="1.00" CC="00" TAGREFS=""/>
            <SP HPOS="690" ID="SP_610.1.2.6" VPOS="451" WIDTH="12"/>
            <String CONTENT="eyewitness" HEIGHT="43" HPOS="702" ID="ST_610.1.2.7" STYLEREFS="Style_4" VPOS="451" WIDTH="201" WC="0.90" CC="0000000000" TAGREFS=""/>
            <SP HPOS="903" ID="SP_610.1.2.8" VPOS="450" WIDTH="11"/>
            <String CONTENT="testimony" HEIGHT="43" HPOS="914" ID="ST_610.1.2.9" STYLEREFS="Style_4" VPOS="450" WIDTH="187" WC="0.92" CC="000000000" TAGREFS=""/>
            <SP HPOS="1101" ID="SP_610.1.2.10" VPOS="450" WIDTH="11"/>
            <String CONTENT="in" HEIGHT="34" HPOS="1112" ID="ST_610.1.2.11" STYLEREFS="Style_4" VPOS="450" WIDTH="34" WC="0.84" CC="00" TAGREFS=""/>
            <SP HPOS="1146" ID="SP_610.1.2.12" VPOS="449" WIDTH="11"/>
            <String CONTENT="criminal" HEIGHT="35" HPOS="1157" ID="ST_610.1.2.13" STYLEREFS="Style_4" VPOS="449" WIDTH="159" WC="0.89" CC="00000000" TAGREFS=""/>
            <SP HPOS="1316" ID="SP_610.1.2.14" VPOS="449" WIDTH="11"/>
            <String CONTENT="trials." HEIGHT="34" HPOS="1327" ID="ST_610.1.2.15" STYLEREFS="Style_4" VPOS="449" WIDTH="107" WC="0.96" CC="0000000" TAGREFS=""/>
            <SP HPOS="1434" ID="SP_610.1.2.16" VPOS="476" WIDTH="29"/>
            <String CONTENT="." HEIGHT="7" HPOS="1463" ID="ST_610.1.2.17" STYLEREFS="Style_4" VPOS="476" WIDTH="6" WC="1.00" CC="9" TAGREFS=""/>
            <SP HPOS="1469" ID="SP_610.1.2.18" VPOS="476" WIDTH="28"/>
            <String CONTENT="." HEIGHT="7" HPOS="1497" ID="ST_610.1.2.19" STYLEREFS="Style_4" VPOS="476" WIDTH="6" WC="1.00" CC="9" TAGREFS=""/>
          </TextLine>
        </TextBlock>
        <TextBlock HEIGHT="33.0" HPOS="293.0" ID="BL_610.2" TAGREFS="b610-1" VPOS="262.0" WIDTH="68.0">
          <TextLine HEIGHT="33" HPOS="293" ID="TL_610.2.1" VPOS="262" WIDTH="68">
            <String CONTENT="572" HEIGHT="33" HPOS="293" ID="ST_610.2.1.1" STYLEREFS="Style_6" VPOS="262" WIDTH="68" WC="0.92" CC="000" TAGREFS=""/>
          </TextLine>
        </TextBlock>
        <TextBlock HEIGHT="341.0" HPOS="415.0" ID="BL_610.4" TAGREFS="b610-6" VPOS="525.0" WIDTH="1093.0">
          <TextLine HEIGHT="45" HPOS="415" ID="TL_610.4.1" VPOS="525" WIDTH="1090">
            <String CONTENT="There" HEIGHT="34" HPOS="415" ID="ST_610.4.1.1" STYLEREFS="Style_4" VPOS="527" WIDTH="113" WC="0.95" CC="00000" TAGREFS=""/>
            <SP HPOS="528" ID="SP_610.4.1.2" VPOS="527" WIDTH="13"/>
            <String CONTENT="is" HEIGHT="34" HPOS="541" ID="ST_610.4.1.3" STYLEREFS="Style_4" VPOS="527" WIDTH="27" WC="1.00" CC="00" TAGREFS=""/>
            <SP HPOS="568" ID="SP_610.4.1.4" VPOS="538" WIDTH="14"/>
            <String CONTENT="no" HEIGHT="23" HPOS="582" ID="ST_610.4.1.5" STYLEREFS="Style_4" VPOS="538" WIDTH="44" WC="1.00" CC="00" TAGREFS=""/>
            <SP HPOS="626" ID="SP_610.4.1.6" VPOS="538" WIDTH="13"/>
            <String CONTENT="way," HEIGHT="32" HPOS="639" ID="ST_610.4.1.7" STYLEREFS="Style_4" VPOS="538" WIDTH="86" WC="0.96" CC="0000" TAGREFS=""/>
            <SP HPOS="725" ID="SP_610.4.1.8" VPOS="527" WIDTH="15"/>
            <String CONTENT="however," HEIGHT="40" HPOS="740" ID="ST_610.4.1.9" STYLEREFS="Style_4" VPOS="527" WIDTH="166" WC="1.00" CC="00000000" TAGREFS=""/>
            <SP HPOS="906" ID="SP_610.4.1.10" VPOS="527" WIDTH="15"/>
            <String CONTENT="by" HEIGHT="43" HPOS="921" ID="ST_610.4.1.11" STYLEREFS="Style_4" VPOS="527" WIDTH="45" WC="0.90" CC="00" TAGREFS=""/>
            <SP HPOS="966" ID="SP_610.4.1.12" VPOS="526" WIDTH="13"/>
            <String CONTENT="which" HEIGHT="34" HPOS="979" ID="ST_610.4.1.13" STYLEREFS="Style_4" VPOS="526" WIDTH="112" WC="1.00" CC="00000" TAGREFS=""/>
            <SP HPOS="1091" ID="SP_610.4.1.14" VPOS="537" WIDTH="14"/>
            <String CONTENT="anyone" HEIGHT="32" HPOS="1105" ID="ST_610.4.1.15" STYLEREFS="Style_4" VPOS="537" WIDTH="134" WC="0.91" CC="000000" TAGREFS=""/>
            <SP HPOS="1239" ID="SP_610.4.1.16" VPOS="525" WIDTH="15"/>
            <String CONTENT="(including" HEIGHT="43" HPOS="1254" ID="ST_610.4.1.17" STYLEREFS="Style_4" VPOS="525" WIDTH="193" WC="0.92" CC="0000000000" TAGREFS=""/>
            <SP HPOS="1447" ID="SP_610.4.1.18" VPOS="536" WIDTH="14"/>
            <String CONTENT="an" HEIGHT="24" HPOS="1461" ID="ST_610.4.1.19" STYLEREFS="Style_4" VPOS="536" WIDTH="44" WC="1.00" CC="00" TAGREFS=""/>
          </TextLine>
          <TextLine HEIGHT="46" HPOS="416" ID="TL_610.4.2" VPOS="574" WIDTH="1089">
            <String CONTENT="expert" HEIGHT="38" HPOS="416" ID="ST_610.4.2.1" STYLEREFS="Style_4" VPOS="582" WIDTH="118" WC="0.95" CC="000000" TAGREFS=""/>
            <SP HPOS="534" ID="SP_610.4.2.2" VPOS="577" WIDTH="14"/>
            <String CONTENT="with" HEIGHT="33" HPOS="548" ID="ST_610.4.2.3" STYLEREFS="Style_4" VPOS="577" WIDTH="83" WC="1.00" CC="0000" TAGREFS=""/>
            <SP HPOS="631" ID="SP_610.4.2.4" VPOS="576" WIDTH="14"/>
            <String CONTENT="extensive" HEIGHT="34" HPOS="645" ID="ST_610.4.2.5" STYLEREFS="Style_4" VPOS="576" WIDTH="173" WC="0.97" CC="000000000" TAGREFS=""/>
            <SP HPOS="818" ID="SP_610.4.2.6" VPOS="576" WIDTH="14"/>
            <String CONTENT="experience" HEIGHT="43" HPOS="832" ID="ST_610.4.2.7" STYLEREFS="Style_4" VPOS="576" WIDTH="202" WC="0.91" CC="0000000000" TAGREFS=""/>
            <SP HPOS="1034" ID="SP_610.4.2.8" VPOS="575" WIDTH="13"/>
            <String CONTENT="in" HEIGHT="34" HPOS="1047" ID="ST_610.4.2.9" STYLEREFS="Style_4" VPOS="575" WIDTH="34" WC="0.74" CC="00" TAGREFS=""/>
            <SP HPOS="1081" ID="SP_610.4.2.10" VPOS="574" WIDTH="15"/>
            <String CONTENT="hypnosis)" HEIGHT="44" HPOS="1096" ID="ST_610.4.2.11" STYLEREFS="Style_4" VPOS="574" WIDTH="178" WC="0.89" CC="000000000" TAGREFS=""/>
            <SP HPOS="1274" ID="SP_610.4.2.12" VPOS="585" WIDTH="16"/>
            <String CONTENT="can" HEIGHT="24" HPOS="1290" ID="ST_610.4.2.13" STYLEREFS="Style_4" VPOS="585" WIDTH="66" WC="0.95" CC="000" TAGREFS=""/>
            <SP HPOS="1356" ID="SP_610.4.2.14" VPOS="574" WIDTH="14"/>
            <String CONTENT="for" HEIGHT="35" HPOS="1370" ID="ST_610.4.2.15" STYLEREFS="Style_4" VPOS="574" WIDTH="54" WC="0.89" CC="000" TAGREFS=""/>
            <SP HPOS="1424" ID="SP_610.4.2.16" VPOS="585" WIDTH="14"/>
            <String CONTENT="any" HEIGHT="32" HPOS="1438" ID="ST_610.4.2.17" STYLEREFS="Style_4" VPOS="585" WIDTH="67" WC="0.96" CC="000" TAGREFS=""/>
          </TextLine>
          <TextLine HEIGHT="44" HPOS="415" ID="TL_610.4.3" VPOS="624" WIDTH="1088">
            <String CONTENT="particular" HEIGHT="43" HPOS="415" ID="ST_610.4.3.1" STYLEREFS="Style_4" VPOS="625" WIDTH="189" WC="0.98" CC="0000000000" TAGREFS=""/>
            <SP HPOS="604" ID="SP_610.4.3.2" VPOS="625" WIDTH="10"/>
            <String CONTENT="piece" HEIGHT="43" HPOS="614" ID="ST_610.4.3.3" STYLEREFS="Style_4" VPOS="625" WIDTH="97" WC="0.93" CC="00000" TAGREFS=""/>
            <SP HPOS="711" ID="SP_610.4.3.4" VPOS="624" WIDTH="9"/>
            <String CONTENT="of" HEIGHT="34" HPOS="720" ID="ST_610.4.3.5" STYLEREFS="Style_4" VPOS="624" WIDTH="39" WC="1.00" CC="00" TAGREFS=""/>
            <SP HPOS="759" ID="SP_610.4.3.6" VPOS="624" WIDTH="7"/>
            <String CONTENT="information" HEIGHT="34" HPOS="766" ID="ST_610.4.3.7" STYLEREFS="Style_4" VPOS="624" WIDTH="225" WC="1.00" CC="00000000000" TAGREFS=""/>
            <SP HPOS="991" ID="SP_610.4.3.8" VPOS="624" WIDTH="10"/>
            <String CONTENT="obtained" HEIGHT="34" HPOS="1001" ID="ST_610.4.3.9" STYLEREFS="Style_4" VPOS="624" WIDTH="164" WC="0.91" CC="00000000" TAGREFS=""/>
            <SP HPOS="1165" ID="SP_610.4.3.10" VPOS="624" WIDTH="11"/>
            <String CONTENT="in" HEIGHT="33" HPOS="1176" ID="ST_610.4.3.11" STYLEREFS="Style_4" VPOS="624" WIDTH="34" WC="1.00" CC="00" TAGREFS=""/>
            <SP HPOS="1210" ID="SP_610.4.3.12" VPOS="624" WIDTH="10"/>
            <String CONTENT="hypnosis" HEIGHT="43" HPOS="1220" ID="ST_610.4.3.13" STYLEREFS="Style_4" VPOS="624" WIDTH="162" WC="0.93" CC="00000000" TAGREFS=""/>
            <SP HPOS="1382" ID="SP_610.4.3.14" VPOS="624" WIDTH="11"/>
            <String CONTENT="deter-" HEIGHT="33" HPOS="1393" ID="ST_610.4.3.15" STYLEREFS="Style_4" VPOS="624" WIDTH="110" WC="1.00" CC="000000" TAGREFS=""/>
          </TextLine>
          <TextLine HEIGHT="43" HPOS="416" ID="TL_610.4.4" VPOS="672" WIDTH="1087">
            <String CONTENT="mine" HEIGHT="33" HPOS="416" ID="ST_610.4.4.1" STYLEREFS="Style_4" VPOS="674" WIDTH="92" WC="1.00" CC="0000" TAGREFS=""/>
            <SP HPOS="508" ID="SP_610.4.4.2" VPOS="674" WIDTH="15"/>
            <String CONTENT="whether" HEIGHT="33" HPOS="523" ID="ST_610.4.4.3" STYLEREFS="Style_4" VPOS="674" WIDTH="154" WC="1.00" CC="0000000" TAGREFS=""/>
            <SP HPOS="677" ID="SP_610.4.4.4" VPOS="673" WIDTH="15"/>
            <String CONTENT="it" HEIGHT="34" HPOS="692" ID="ST_610.4.4.5" STYLEREFS="Style_4" VPOS="673" WIDTH="27" WC="1.00" CC="00" TAGREFS=""/>
            <SP HPOS="719" ID="SP_610.4.4.6" VPOS="674" WIDTH="15"/>
            <String CONTENT="is" HEIGHT="33" HPOS="734" ID="ST_610.4.4.7" STYLEREFS="Style_4" VPOS="674" WIDTH="28" WC="0.97" CC="00" TAGREFS=""/>
            <SP HPOS="762" ID="SP_610.4.4.8" VPOS="684" WIDTH="16"/>
            <String CONTENT="an" HEIGHT="23" HPOS="778" ID="ST_610.4.4.9" STYLEREFS="Style_4" VPOS="684" WIDTH="44" WC="0.81" CC="00" TAGREFS=""/>
            <SP HPOS="822" ID="SP_610.4.4.10" VPOS="674" WIDTH="17"/>
            <String CONTENT="actual" HEIGHT="33" HPOS="839" ID="ST_610.4.4.11" STYLEREFS="Style_4" VPOS="674" WIDTH="116" WC="0.97" CC="000000" TAGREFS=""/>
            <SP HPOS="955" ID="SP_610.4.4.12" VPOS="683" WIDTH="16"/>
            <String CONTENT="memory" HEIGHT="32" HPOS="971" ID="ST_610.4.4.13" STYLEREFS="Style_4" VPOS="683" WIDTH="156" WC="1.00" CC="000000" TAGREFS=""/>
            <SP HPOS="1127" ID="SP_610.4.4.14" VPOS="683" WIDTH="15"/>
            <String CONTENT="or" HEIGHT="23" HPOS="1142" ID="ST_610.4.4.15" STYLEREFS="Style_4" VPOS="683" WIDTH="38" WC="1.00" CC="00" TAGREFS=""/>
            <SP HPOS="1180" ID="SP_610.4.4.16" VPOS="683" WIDTH="16"/>
            <String CONTENT="a" HEIGHT="23" HPOS="1196" ID="ST_610.4.4.17" STYLEREFS="Style_4" VPOS="683" WIDTH="20" WC="1.00" CC="0" TAGREFS=""/>
            <SP HPOS="1216" ID="SP_610.4.4.18" VPOS="672" WIDTH="16"/>
            <String CONTENT="confabulation." HEIGHT="34" HPOS="1232" ID="ST_610.4.4.19" STYLEREFS="Style_4" VPOS="672" WIDTH="271" WC="0.90" CC="00000000000000" TAGREFS=""/>
          </TextLine>
          <TextLine HEIGHT="44" HPOS="417" ID="TL_610.4.5" VPOS="721" WIDTH="1088">
            <String CONTENT="For" HEIGHT="33" HPOS="417" ID="ST_610.4.5.1" STYLEREFS="Style_4" VPOS="723" WIDTH="65" WC="1.00" CC="000" TAGREFS=""/>
            <SP HPOS="482" ID="SP_610.4.5.2" VPOS="722" WIDTH="17"/>
            <String CONTENT="these" HEIGHT="34" HPOS="499" ID="ST_610.4.5.3" STYLEREFS="Style_4" VPOS="722" WIDTH="96" WC="0.98" CC="00000" TAGREFS=""/>
            <SP HPOS="595" ID="SP_610.4.5.4" VPOS="732" WIDTH="17"/>
            <String CONTENT="reasons," HEIGHT="30" HPOS="612" ID="ST_610.4.5.5" STYLEREFS="Style_4" VPOS="732" WIDTH="150" WC="0.88" CC="00000000" TAGREFS=""/>
            <SP HPOS="762" ID="SP_610.4.5.6" VPOS="722" WIDTH="19"/>
            <String CONTENT="hypnotically" HEIGHT="43" HPOS="781" ID="ST_610.4.5.7" STYLEREFS="Style_4" VPOS="722" WIDTH="234" WC="0.97" CC="000000000000" TAGREFS=""/>
            <SP HPOS="1015" ID="SP_610.4.5.8" VPOS="721" WIDTH="17"/>
            <String CONTENT="induced" HEIGHT="34" HPOS="1032" ID="ST_610.4.5.9" STYLEREFS="Style_4" VPOS="721" WIDTH="149" WC="0.98" CC="0000000" TAGREFS=""/>
            <SP HPOS="1181" ID="SP_610.4.5.10" VPOS="721" WIDTH="17"/>
            <String CONTENT="testimony" HEIGHT="43" HPOS="1198" ID="ST_610.4.5.11" STYLEREFS="Style_4" VPOS="721" WIDTH="186" WC="0.91" CC="000000000" TAGREFS=""/>
            <SP HPOS="1384" ID="SP_610.4.5.12" VPOS="721" WIDTH="17"/>
            <String CONTENT="is" HEIGHT="33" HPOS="1401" ID="ST_610.4.5.13" STYLEREFS="Style_4" VPOS="721" WIDTH="27" WC="1.00" CC="00" TAGREFS=""/>
            <SP HPOS="1428" ID="SP_610.4.5.14" VPOS="726" WIDTH="17"/>
            <String CONTENT="not" HEIGHT="28" HPOS="1445" ID="ST_610.4.5.15" STYLEREFS="Style_4" VPOS="726" WIDTH="60" WC="0.98" CC="000" TAGREFS=""/>
          </TextLine>
          <TextLine HEIGHT="45" HPOS="415" ID="TL_610.4.6" VPOS="770" WIDTH="1093">
            <String CONTENT="reliable" HEIGHT="34" HPOS="415" ID="ST_610.4.6.1" STYLEREFS="Style_4" VPOS="772" WIDTH="142" WC="1.00" CC="00000000" TAGREFS=""/>
            <SP HPOS="557" ID="SP_610.4.6.2" VPOS="771" WIDTH="17"/>
            <String CONTENT="and" HEIGHT="35" HPOS="574" ID="ST_610.4.6.3" STYLEREFS="Style_4" VPOS="771" WIDTH="69" WC="0.85" CC="000" TAGREFS=""/>
            <SP HPOS="643" ID="SP_610.4.6.4" VPOS="771" WIDTH="17"/>
            <String CONTENT="ought" HEIGHT="44" HPOS="660" ID="ST_610.4.6.5" STYLEREFS="Style_4" VPOS="771" WIDTH="108" WC="0.91" CC="00000" TAGREFS=""/>
            <SP HPOS="768" ID="SP_610.4.6.6" VPOS="776" WIDTH="17"/>
            <String CONTENT="not" HEIGHT="30" HPOS="785" ID="ST_610.4.6.7" STYLEREFS="Style_4" VPOS="776" WIDTH="59" WC="1.00" CC="000" TAGREFS=""/>
            <SP HPOS="844" ID="SP_610.4.6.8" VPOS="771" WIDTH="18"/>
            <String CONTENT="be" HEIGHT="35" HPOS="862" ID="ST_610.4.6.9" STYLEREFS="Style_4" VPOS="771" WIDTH="43" WC="0.98" CC="00" TAGREFS=""/>
            <SP HPOS="905" ID="SP_610.4.6.10" VPOS="770" WIDTH="17"/>
            <String CONTENT="permitted" HEIGHT="45" HPOS="922" ID="ST_610.4.6.11" STYLEREFS="Style_4" VPOS="770" WIDTH="185" WC="1.00" CC="000000000" TAGREFS=""/>
            <SP HPOS="1107" ID="SP_610.4.6.12" VPOS="776" WIDTH="17"/>
            <String CONTENT="to" HEIGHT="29" HPOS="1124" ID="ST_610.4.6.13" STYLEREFS="Style_4" VPOS="776" WIDTH="35" WC="1.00" CC="00" TAGREFS=""/>
            <SP HPOS="1159" ID="SP_610.4.6.14" VPOS="770" WIDTH="17"/>
            <String CONTENT="form" HEIGHT="35" HPOS="1176" ID="ST_610.4.6.15" STYLEREFS="Style_4" VPOS="770" WIDTH="91" WC="0.80" CC="0000" TAGREFS=""/>
            <SP HPOS="1267" ID="SP_610.4.6.16" VPOS="771" WIDTH="17"/>
            <String CONTENT="the" HEIGHT="34" HPOS="1284" ID="ST_610.4.6.17" STYLEREFS="Style_4" VPOS="771" WIDTH="59" WC="0.79" CC="000" TAGREFS=""/>
            <SP HPOS="1343" ID="SP_610.4.6.18" VPOS="770" WIDTH="17"/>
            <String CONTENT="basis" HEIGHT="35" HPOS="1360" ID="ST_610.4.6.19" STYLEREFS="Style_4" VPOS="770" WIDTH="92" WC="1.00" CC="00000" TAGREFS=""/>
            <SP HPOS="1452" ID="SP_610.4.6.20" VPOS="770" WIDTH="17"/>
            <String CONTENT="of" HEIGHT="34" HPOS="1469" ID="ST_610.4.6.21" STYLEREFS="Style_4" VPOS="770" WIDTH="39" WC="1.00" CC="00" TAGREFS=""/>
          </TextLine>
          <TextLine HEIGHT="45" HPOS="415" ID="TL_610.4.7" VPOS="821" WIDTH="393">
            <String CONTENT="testimony" HEIGHT="45" HPOS="415" ID="ST_610.4.7.1" STYLEREFS="Style_4" VPOS="821" WIDTH="186" WC="1.00" CC="000000000" TAGREFS=""/>
            <SP HPOS="601" ID="SP_610.4.7.2" VPOS="821" WIDTH="20"/>
            <String CONTENT="in" HEIGHT="35" HPOS="621" ID="ST_610.4.7.3" STYLEREFS="Style_4" VPOS="821" WIDTH="34" WC="0.80" CC="00" TAGREFS=""/>
            <SP HPOS="655" ID="SP_610.4.7.4" VPOS="821" WIDTH="21"/>
            <String CONTENT="court.”" HEIGHT="35" HPOS="676" ID="ST_610.4.7.5" STYLEREFS="Style_4" VPOS="821" WIDTH="132" WC="0.86" CC="0000009" TAGREFS=""/>
          </TextLine>
        </TextBlock>
        <TextBlock HEIGHT="691.0" HPOS="290.0" ID="BL_610.5" TAGREFS="b610-7" VPOS="898.0" WIDTH="1215.0">
          <TextLine HEIGHT="45" HPOS="381" ID="TL_610.5.1" VPOS="898" WIDTH="1123">
            <String CONTENT="The" HEIGHT="34" HPOS="381" ID="ST_610.5.1.1" STYLEREFS="Style_4" VPOS="900" WIDTH="75" WC="1.00" CC="000" TAGREFS=""/>
            <SP HPOS="456" ID="SP_610.5.1.2" VPOS="899" WIDTH="10"/>
            <String CONTENT="dangers" HEIGHT="44" HPOS="466" ID="ST_610.5.1.3" STYLEREFS="Style_4" VPOS="899" WIDTH="147" WC="0.96" CC="0000000" TAGREFS=""/>
            <SP HPOS="613" ID="SP_610.5.1.4" VPOS="899" WIDTH="10"/>
            <String CONTENT="of" HEIGHT="35" HPOS="623" ID="ST_610.5.1.5" STYLEREFS="Style_4" VPOS="899" WIDTH="39" WC="1.00" CC="00" TAGREFS=""/>
            <SP HPOS="662" ID="SP_610.5.1.6" VPOS="899" WIDTH="7"/>
            <String CONTENT="hypnosis" HEIGHT="44" HPOS="669" ID="ST_610.5.1.7" STYLEREFS="Style_4" VPOS="899" WIDTH="161" WC="0.88" CC="00000000" TAGREFS=""/>
            <SP HPOS="830" ID="SP_610.5.1.8" VPOS="899" WIDTH="11"/>
            <String CONTENT="in" HEIGHT="35" HPOS="841" ID="ST_610.5.1.9" STYLEREFS="Style_4" VPOS="899" WIDTH="34" WC="1.00" CC="00" TAGREFS=""/>
            <SP HPOS="875" ID="SP_610.5.1.10" VPOS="910" WIDTH="11"/>
            <String CONTENT="memory" HEIGHT="33" HPOS="886" ID="ST_610.5.1.11" STYLEREFS="Style_4" VPOS="910" WIDTH="155" WC="0.95" CC="000000" TAGREFS=""/>
            <SP HPOS="1041" ID="SP_610.5.1.12" VPOS="899" WIDTH="11"/>
            <String CONTENT="retrieval" HEIGHT="34" HPOS="1052" ID="ST_610.5.1.13" STYLEREFS="Style_4" VPOS="899" WIDTH="158" WC="0.97" CC="000000000" TAGREFS=""/>
            <SP HPOS="1210" ID="SP_610.5.1.14" VPOS="910" WIDTH="10"/>
            <String CONTENT="are" HEIGHT="23" HPOS="1220" ID="ST_610.5.1.15" STYLEREFS="Style_4" VPOS="910" WIDTH="60" WC="0.83" CC="000" TAGREFS=""/>
            <SP HPOS="1280" ID="SP_610.5.1.16" VPOS="898" WIDTH="9"/>
            <String CONTENT="summed" HEIGHT="35" HPOS="1289" ID="ST_610.5.1.17" STYLEREFS="Style_4" VPOS="898" WIDTH="159" WC="0.82" CC="000000" TAGREFS=""/>
            <SP HPOS="1448" ID="SP_610.5.1.18" VPOS="909" WIDTH="10"/>
            <String CONTENT="up" HEIGHT="33" HPOS="1458" ID="ST_610.5.1.19" STYLEREFS="Style_4" VPOS="909" WIDTH="46" WC="1.00" CC="00" TAGREFS=""/>
          </TextLine>
          <TextLine HEIGHT="46" HPOS="291" ID="TL_610.5.2" VPOS="948" WIDTH="1214">
            <String CONTENT="in" HEIGHT="34" HPOS="291" ID="ST_610.5.2.1" STYLEREFS="Style_4" VPOS="950" WIDTH="35" WC="0.82" CC="00" TAGREFS=""/>
            <SP HPOS="326" ID="SP_610.5.2.2" VPOS="950" WIDTH="13"/>
            <String CONTENT="the" HEIGHT="34" HPOS="339" ID="ST_610.5.2.3" STYLEREFS="Style_4" VPOS="950" WIDTH="59" WC="1.00" CC="000" TAGREFS=""/>
            <SP HPOS="398" ID="SP_610.5.2.4" VPOS="951" WIDTH="15"/>
            <String CONTENT="Guerra" HEIGHT="34" HPOS="413" ID="ST_610.5.2.5" STYLEREFS="Style_5" VPOS="951" WIDTH="135" WC="0.98" CC="000000" TAGREFS=""/>
            <SP HPOS="548" ID="SP_610.5.2.6" VPOS="950" WIDTH="12"/>
            <String CONTENT="opinion:" HEIGHT="44" HPOS="560" ID="ST_610.5.2.7" STYLEREFS="Style_4" VPOS="950" WIDTH="150" WC="0.87" CC="00000000" TAGREFS=""/>
            <SP HPOS="710" ID="SP_610.5.2.8" VPOS="949" WIDTH="14"/>
            <String CONTENT="the" HEIGHT="35" HPOS="724" ID="ST_610.5.2.9" STYLEREFS="Style_4" VPOS="949" WIDTH="59" WC="0.79" CC="000" TAGREFS=""/>
            <SP HPOS="783" ID="SP_610.5.2.10" VPOS="949" WIDTH="13"/>
            <String CONTENT="subject’s" HEIGHT="44" HPOS="796" ID="ST_610.5.2.11" STYLEREFS="Style_4" VPOS="949" WIDTH="163" WC="0.83" CC="000000090" TAGREFS=""/>
            <SP HPOS="959" ID="SP_610.5.2.12" VPOS="949" WIDTH="13"/>
            <String CONTENT="capacity" HEIGHT="44" HPOS="972" ID="ST_610.5.2.13" STYLEREFS="Style_4" VPOS="949" WIDTH="160" WC="0.99" CC="00000000" TAGREFS=""/>
            <SP HPOS="1132" ID="SP_610.5.2.14" VPOS="954" WIDTH="13"/>
            <String CONTENT="to" HEIGHT="29" HPOS="1145" ID="ST_610.5.2.15" STYLEREFS="Style_4" VPOS="954" WIDTH="35" WC="1.00" CC="00" TAGREFS=""/>
            <SP HPOS="1180" ID="SP_610.5.2.16" VPOS="948" WIDTH="9"/>
            <String CONTENT="judge" HEIGHT="44" HPOS="1189" ID="ST_610.5.2.17" STYLEREFS="Style_4" VPOS="948" WIDTH="109" WC="1.00" CC="00000" TAGREFS=""/>
            <SP HPOS="1298" ID="SP_610.5.2.18" VPOS="948" WIDTH="12"/>
            <String CONTENT="the" HEIGHT="35" HPOS="1310" ID="ST_610.5.2.19" STYLEREFS="Style_4" VPOS="948" WIDTH="60" WC="0.77" CC="000" TAGREFS=""/>
            <SP HPOS="1370" ID="SP_610.5.2.20" VPOS="948" WIDTH="13"/>
            <String CONTENT="reality" HEIGHT="44" HPOS="1383" ID="ST_610.5.2.21" STYLEREFS="Style_4" VPOS="948" WIDTH="122" WC="0.99" CC="0000000" TAGREFS=""/>
          </TextLine>
          <TextLine HEIGHT="44" HPOS="291" ID="TL_610.5.3" VPOS="999" WIDTH="1214">
            <String CONTENT="of" HEIGHT="34" HPOS="291" ID="ST_610.5.3.1" STYLEREFS="Style_4" VPOS="1000" WIDTH="40" WC="1.00" CC="00" TAGREFS=""/>
            <SP HPOS="331" ID="SP_610.5.3.2" VPOS="1000" WIDTH="10"/>
            <String CONTENT="his" HEIGHT="34" HPOS="341" ID="ST_610.5.3.3" STYLEREFS="Style_4" VPOS="1000" WIDTH="53" WC="0.92" CC="000" TAGREFS=""/>
            <SP HPOS="394" ID="SP_610.5.3.4" VPOS="1000" WIDTH="14"/>
            <String CONTENT="memories" HEIGHT="34" HPOS="408" ID="ST_610.5.3.5" STYLEREFS="Style_4" VPOS="1000" WIDTH="182" WC="1.00" CC="00000000" TAGREFS=""/>
            <SP HPOS="590" ID="SP_610.5.3.6" VPOS="1000" WIDTH="15"/>
            <String CONTENT="is" HEIGHT="34" HPOS="605" ID="ST_610.5.3.7" STYLEREFS="Style_4" VPOS="1000" WIDTH="28" WC="1.00" CC="00" TAGREFS=""/>
            <SP HPOS="633" ID="SP_610.5.3.8" VPOS="999" WIDTH="14"/>
            <String CONTENT="impaired;" HEIGHT="44" HPOS="647" ID="ST_610.5.3.9" STYLEREFS="Style_4" VPOS="999" WIDTH="180" WC="0.96" CC="000000000" TAGREFS=""/>
            <SP HPOS="827" ID="SP_610.5.3.10" VPOS="999" WIDTH="15"/>
            <String CONTENT="he" HEIGHT="35" HPOS="842" ID="ST_610.5.3.11" STYLEREFS="Style_4" VPOS="999" WIDTH="44" WC="0.76" CC="00" TAGREFS=""/>
            <SP HPOS="886" ID="SP_610.5.3.12" VPOS="1000" WIDTH="14"/>
            <String CONTENT="is" HEIGHT="33" HPOS="900" ID="ST_610.5.3.13" STYLEREFS="Style_4" VPOS="1000" WIDTH="27" WC="1.00" CC="00" TAGREFS=""/>
            <SP HPOS="927" ID="SP_610.5.3.14" VPOS="1004" WIDTH="14"/>
            <String CONTENT="apt" HEIGHT="39" HPOS="941" ID="ST_610.5.3.15" STYLEREFS="Style_4" VPOS="1004" WIDTH="60" WC="0.87" CC="000" TAGREFS=""/>
            <SP HPOS="1001" ID="SP_610.5.3.16" VPOS="1004" WIDTH="14"/>
            <String CONTENT="to" HEIGHT="29" HPOS="1015" ID="ST_610.5.3.17" STYLEREFS="Style_4" VPOS="1004" WIDTH="36" WC="1.00" CC="00" TAGREFS=""/>
            <SP HPOS="1051" ID="SP_610.5.3.18" VPOS="999" WIDTH="14"/>
            <String CONTENT="recall" HEIGHT="34" HPOS="1065" ID="ST_610.5.3.19" STYLEREFS="Style_4" VPOS="999" WIDTH="104" WC="1.00" CC="000000" TAGREFS=""/>
            <SP HPOS="1169" ID="SP_610.5.3.20" VPOS="999" WIDTH="15"/>
            <String CONTENT="“memories”" HEIGHT="34" HPOS="1184" ID="ST_610.5.3.21" STYLEREFS="Style_4" VPOS="999" WIDTH="229" WC="0.76" CC="9000000009" TAGREFS=""/>
            <SP HPOS="1413" ID="SP_610.5.3.22" VPOS="999" WIDTH="16"/>
            <String CONTENT="that" HEIGHT="34" HPOS="1429" ID="ST_610.5.3.23" STYLEREFS="Style_4" VPOS="999" WIDTH="76" WC="0.93" CC="0000" TAGREFS=""/>
          </TextLine>
          <TextLine HEIGHT="45" HPOS="291" ID="TL_610.5.4" VPOS="1048" WIDTH="1213">
            <String CONTENT="never" HEIGHT="23" HPOS="291" ID="ST_610.5.4.1" STYLEREFS="Style_4" VPOS="1061" WIDTH="102" WC="0.89" CC="00000" TAGREFS=""/>
            <SP HPOS="393" ID="SP_610.5.4.2" VPOS="1049" WIDTH="15"/>
            <String CONTENT="existed," HEIGHT="41" HPOS="408" ID="ST_610.5.4.3" STYLEREFS="Style_4" VPOS="1049" WIDTH="141" WC="0.95" CC="00000000" TAGREFS=""/>
            <SP HPOS="549" ID="SP_610.5.4.4" VPOS="1054" WIDTH="16"/>
            <String CONTENT="yet" HEIGHT="39" HPOS="565" ID="ST_610.5.4.5" STYLEREFS="Style_4" VPOS="1054" WIDTH="57" WC="0.93" CC="000" TAGREFS=""/>
            <SP HPOS="622" ID="SP_610.5.4.6" VPOS="1049" WIDTH="15"/>
            <String CONTENT="be" HEIGHT="35" HPOS="637" ID="ST_610.5.4.7" STYLEREFS="Style_4" VPOS="1049" WIDTH="43" WC="0.84" CC="00" TAGREFS=""/>
            <SP HPOS="680" ID="SP_610.5.4.8" VPOS="1049" WIDTH="14"/>
            <String CONTENT="convinced" HEIGHT="34" HPOS="694" ID="ST_610.5.4.9" STYLEREFS="Style_4" VPOS="1049" WIDTH="187" WC="0.98" CC="000000000" TAGREFS=""/>
            <SP HPOS="881" ID="SP_610.5.4.10" VPOS="1049" WIDTH="15"/>
            <String CONTENT="those" HEIGHT="34" HPOS="896" ID="ST_610.5.4.11" STYLEREFS="Style_4" VPOS="1049" WIDTH="98" WC="1.00" CC="00000" TAGREFS=""/>
            <SP HPOS="994" ID="SP_610.5.4.12" VPOS="1049" WIDTH="14"/>
            <String CONTENT="memories" HEIGHT="34" HPOS="1008" ID="ST_610.5.4.13" STYLEREFS="Style_4" VPOS="1049" WIDTH="183" WC="0.99" CC="00000000" TAGREFS=""/>
            <SP HPOS="1191" ID="SP_610.5.4.14" VPOS="1060" WIDTH="15"/>
            <String CONTENT="are" HEIGHT="23" HPOS="1206" ID="ST_610.5.4.15" STYLEREFS="Style_4" VPOS="1060" WIDTH="60" WC="0.93" CC="000" TAGREFS=""/>
            <SP HPOS="1266" ID="SP_610.5.4.16" VPOS="1048" WIDTH="14"/>
            <String CONTENT="real;" HEIGHT="41" HPOS="1280" ID="ST_610.5.4.17" STYLEREFS="Style_4" VPOS="1048" WIDTH="83" WC="0.89" CC="00000" TAGREFS=""/>
            <SP HPOS="1363" ID="SP_610.5.4.18" VPOS="1048" WIDTH="15"/>
            <String CONTENT="he" HEIGHT="35" HPOS="1378" ID="ST_610.5.4.19" STYLEREFS="Style_4" VPOS="1048" WIDTH="44" WC="0.77" CC="00" TAGREFS=""/>
            <SP HPOS="1422" ID="SP_610.5.4.20" VPOS="1048" WIDTH="14"/>
            <String CONTENT="will" HEIGHT="35" HPOS="1436" ID="ST_610.5.4.21" STYLEREFS="Style_4" VPOS="1048" WIDTH="68" WC="0.90" CC="0000" TAGREFS=""/>
          </TextLine>
          <TextLine HEIGHT="44" HPOS="291" ID="TL_610.5.5" VPOS="1098" WIDTH="1213">
            <String CONTENT="produce" HEIGHT="43" HPOS="291" ID="ST_610.5.5.1" STYLEREFS="Style_4" VPOS="1099" WIDTH="151" WC="1.00" CC="0000000" TAGREFS=""/>
            <SP HPOS="442" ID="SP_610.5.5.2" VPOS="1110" WIDTH="17"/>
            <String CONTENT="on" HEIGHT="23" HPOS="459" ID="ST_610.5.5.3" STYLEREFS="Style_4" VPOS="1110" WIDTH="44" WC="0.78" CC="00" TAGREFS=""/>
            <SP HPOS="503" ID="SP_610.5.5.4" VPOS="1098" WIDTH="17"/>
            <String CONTENT="demand" HEIGHT="35" HPOS="520" ID="ST_610.5.5.5" STYLEREFS="Style_4" VPOS="1098" WIDTH="151" WC="0.95" CC="000000" TAGREFS=""/>
            <SP HPOS="671" ID="SP_610.5.5.6" VPOS="1110" WIDTH="18"/>
            <String CONTENT="a" HEIGHT="23" HPOS="689" ID="ST_610.5.5.7" STYLEREFS="Style_4" VPOS="1110" WIDTH="20" WC="1.00" CC="0" TAGREFS=""/>
            <SP HPOS="709" ID="SP_610.5.5.8" VPOS="1099" WIDTH="19"/>
            <String CONTENT="recollection" HEIGHT="34" HPOS="728" ID="ST_610.5.5.9" STYLEREFS="Style_4" VPOS="1099" WIDTH="217" WC="0.93" CC="000000000000" TAGREFS=""/>
            <SP HPOS="945" ID="SP_610.5.5.10" VPOS="1098" WIDTH="18"/>
            <String CONTENT="of" HEIGHT="35" HPOS="963" ID="ST_610.5.5.11" STYLEREFS="Style_4" VPOS="1098" WIDTH="39" WC="1.00" CC="00" TAGREFS=""/>
            <SP HPOS="1002" ID="SP_610.5.5.12" VPOS="1109" WIDTH="14"/>
            <String CONTENT="an" HEIGHT="24" HPOS="1016" ID="ST_610.5.5.13" STYLEREFS="Style_4" VPOS="1109" WIDTH="45" WC="0.86" CC="00" TAGREFS=""/>
            <SP HPOS="1061" ID="SP_610.5.5.14" VPOS="1103" WIDTH="18"/>
            <String CONTENT="event" HEIGHT="30" HPOS="1079" ID="ST_610.5.5.15" STYLEREFS="Style_4" VPOS="1103" WIDTH="100" WC="1.00" CC="00000" TAGREFS=""/>
            <SP HPOS="1179" ID="SP_610.5.5.16" VPOS="1098" WIDTH="17"/>
            <String CONTENT="which" HEIGHT="34" HPOS="1196" ID="ST_610.5.5.17" STYLEREFS="Style_4" VPOS="1098" WIDTH="112" WC="0.90" CC="00000" TAGREFS=""/>
            <SP HPOS="1308" ID="SP_610.5.5.18" VPOS="1109" WIDTH="18"/>
            <String CONTENT="may" HEIGHT="32" HPOS="1326" ID="ST_610.5.5.19" STYLEREFS="Style_4" VPOS="1109" WIDTH="81" WC="1.00" CC="000" TAGREFS=""/>
            <SP HPOS="1407" ID="SP_610.5.5.20" VPOS="1098" WIDTH="17"/>
            <String CONTENT="be" HEIGHT="34" HPOS="1424" ID="ST_610.5.5.21" STYLEREFS="Style_4" VPOS="1098" WIDTH="43" WC="1.00" CC="00" TAGREFS=""/>
            <SP HPOS="1467" ID="SP_610.5.5.22" VPOS="1109" WIDTH="16"/>
            <String CONTENT="a" HEIGHT="23" HPOS="1483" ID="ST_610.5.5.23" STYLEREFS="Style_4" VPOS="1109" WIDTH="21" WC="1.00" CC="0" TAGREFS=""/>
          </TextLine>
          <TextLine HEIGHT="45" HPOS="291" ID="TL_610.5.6" VPOS="1147" WIDTH="1214">
            <String CONTENT="compound" HEIGHT="44" HPOS="291" ID="ST_610.5.6.1" STYLEREFS="Style_4" VPOS="1148" WIDTH="196" WC="1.00" CC="00000000" TAGREFS=""/>
            <SP HPOS="487" ID="SP_610.5.6.2" VPOS="1148" WIDTH="12"/>
            <String CONTENT="of" HEIGHT="34" HPOS="499" ID="ST_610.5.6.3" STYLEREFS="Style_4" VPOS="1148" WIDTH="39" WC="1.00" CC="00" TAGREFS=""/>
            <SP HPOS="538" ID="SP_610.5.6.4" VPOS="1148" WIDTH="9"/>
            <String CONTENT="actual" HEIGHT="34" HPOS="547" ID="ST_610.5.6.5" STYLEREFS="Style_4" VPOS="1148" WIDTH="116" WC="0.99" CC="000000" TAGREFS=""/>
            <SP HPOS="663" ID="SP_610.5.6.6" VPOS="1148" WIDTH="13"/>
            <String CONTENT="facts," HEIGHT="41" HPOS="676" ID="ST_610.5.6.7" STYLEREFS="Style_4" VPOS="1148" WIDTH="100" WC="1.00" CC="000000" TAGREFS=""/>
            <SP HPOS="776" ID="SP_610.5.6.8" VPOS="1148" WIDTH="13"/>
            <String CONTENT="irrelevant" HEIGHT="34" HPOS="789" ID="ST_610.5.6.9" STYLEREFS="Style_4" VPOS="1148" WIDTH="183" WC="0.91" CC="0000000000" TAGREFS=""/>
            <SP HPOS="972" ID="SP_610.5.6.10" VPOS="1153" WIDTH="12"/>
            <String CONTENT="matter" HEIGHT="29" HPOS="984" ID="ST_610.5.6.11" STYLEREFS="Style_4" VPOS="1153" WIDTH="127" WC="1.00" CC="000000" TAGREFS=""/>
            <SP HPOS="1111" ID="SP_610.5.6.12" VPOS="1147" WIDTH="13"/>
            <String CONTENT="and" HEIGHT="35" HPOS="1124" ID="ST_610.5.6.13" STYLEREFS="Style_4" VPOS="1147" WIDTH="68" WC="0.79" CC="000" TAGREFS=""/>
            <SP HPOS="1192" ID="SP_610.5.6.14" VPOS="1148" WIDTH="12"/>
            <String CONTENT="highly" HEIGHT="43" HPOS="1204" ID="ST_610.5.6.15" STYLEREFS="Style_4" VPOS="1148" WIDTH="119" WC="0.79" CC="000000" TAGREFS=""/>
            <SP HPOS="1323" ID="SP_610.5.6.16" VPOS="1147" WIDTH="13"/>
            <String CONTENT="plausible" HEIGHT="44" HPOS="1336" ID="ST_610.5.6.17" STYLEREFS="Style_4" VPOS="1147" WIDTH="169" WC="1.00" CC="000000000" TAGREFS=""/>
          </TextLine>
          <TextLine HEIGHT="44" HPOS="291" ID="TL_610.5.7" VPOS="1197" WIDTH="1213">
            <String CONTENT="“confabulations”;" HEIGHT="40" HPOS="291" ID="ST_610.5.7.1" STYLEREFS="Style_4" VPOS="1198" WIDTH="337" WC="0.87" CC="90000000000000000" TAGREFS=""/>
            <SP HPOS="628" ID="SP_610.5.7.2" VPOS="1198" WIDTH="26"/>
            <String CONTENT="hypnosis" HEIGHT="43" HPOS="654" ID="ST_610.5.7.3" STYLEREFS="Style_4" VPOS="1198" WIDTH="161" WC="0.97" CC="00000000" TAGREFS=""/>
            <SP HPOS="815" ID="SP_610.5.7.4" VPOS="1197" WIDTH="26"/>
            <String CONTENT="artificially" HEIGHT="43" HPOS="841" ID="ST_610.5.7.5" STYLEREFS="Style_4" VPOS="1197" WIDTH="195" WC="0.98" CC="000000000000" TAGREFS=""/>
            <SP HPOS="1036" ID="SP_610.5.7.6" VPOS="1197" WIDTH="26"/>
            <String CONTENT="increases" HEIGHT="34" HPOS="1062" ID="ST_610.5.7.7" STYLEREFS="Style_4" VPOS="1197" WIDTH="170" WC="0.97" CC="000000000" TAGREFS=""/>
            <SP HPOS="1232" ID="SP_610.5.7.8" VPOS="1197" WIDTH="25"/>
            <String CONTENT="the" HEIGHT="34" HPOS="1257" ID="ST_610.5.7.9" STYLEREFS="Style_4" VPOS="1197" WIDTH="60" WC="0.84" CC="000" TAGREFS=""/>
            <SP HPOS="1317" ID="SP_610.5.7.10" VPOS="1197" WIDTH="24"/>
            <String CONTENT="subject’s" HEIGHT="43" HPOS="1341" ID="ST_610.5.7.11" STYLEREFS="Style_4" VPOS="1197" WIDTH="163" WC="0.84" CC="000000090" TAGREFS=""/>
          </TextLine>
          <TextLine HEIGHT="43" HPOS="290" ID="TL_610.5.8" VPOS="1246" WIDTH="1215">
            <String CONTENT="confidence" HEIGHT="35" HPOS="290" ID="ST_610.5.8.1" STYLEREFS="Style_4" VPOS="1247" WIDTH="201" WC="0.99" CC="0000000000" TAGREFS=""/>
            <SP HPOS="491" ID="SP_610.5.8.2" VPOS="1247" WIDTH="21"/>
            <String CONTENT="in" HEIGHT="34" HPOS="512" ID="ST_610.5.8.3" STYLEREFS="Style_4" VPOS="1247" WIDTH="35" WC="0.92" CC="00" TAGREFS=""/>
            <SP HPOS="547" ID="SP_610.5.8.4" VPOS="1247" WIDTH="23"/>
            <String CONTENT="both" HEIGHT="34" HPOS="570" ID="ST_610.5.8.5" STYLEREFS="Style_4" VPOS="1247" WIDTH="83" WC="0.99" CC="0000" TAGREFS=""/>
            <SP HPOS="653" ID="SP_610.5.8.6" VPOS="1247" WIDTH="23"/>
            <String CONTENT="his" HEIGHT="34" HPOS="676" ID="ST_610.5.8.7" STYLEREFS="Style_4" VPOS="1247" WIDTH="52" WC="1.00" CC="000" TAGREFS=""/>
            <SP HPOS="728" ID="SP_610.5.8.8" VPOS="1252" WIDTH="24"/>
            <String CONTENT="true" HEIGHT="29" HPOS="752" ID="ST_610.5.8.9" STYLEREFS="Style_4" VPOS="1252" WIDTH="76" WC="1.00" CC="0000" TAGREFS=""/>
            <SP HPOS="828" ID="SP_610.5.8.10" VPOS="1247" WIDTH="22"/>
            <String CONTENT="and" HEIGHT="34" HPOS="850" ID="ST_610.5.8.11" STYLEREFS="Style_4" VPOS="1247" WIDTH="69" WC="1.00" CC="000" TAGREFS=""/>
            <SP HPOS="919" ID="SP_610.5.8.12" VPOS="1247" WIDTH="23"/>
            <String CONTENT="his" HEIGHT="34" HPOS="942" ID="ST_610.5.8.13" STYLEREFS="Style_4" VPOS="1247" WIDTH="52" WC="0.91" CC="000" TAGREFS=""/>
            <SP HPOS="994" ID="SP_610.5.8.14" VPOS="1246" WIDTH="22"/>
            <String CONTENT="false" HEIGHT="35" HPOS="1016" ID="ST_610.5.8.15" STYLEREFS="Style_4" VPOS="1246" WIDTH="88" WC="0.98" CC="00000" TAGREFS=""/>
            <SP HPOS="1104" ID="SP_610.5.8.16" VPOS="1246" WIDTH="22"/>
            <String CONTENT="memories" HEIGHT="35" HPOS="1126" ID="ST_610.5.8.17" STYLEREFS="Style_4" VPOS="1246" WIDTH="183" WC="0.94" CC="00000000" TAGREFS=""/>
            <SP HPOS="1309" ID="SP_610.5.8.18" VPOS="1246" WIDTH="23"/>
            <String CONTENT="and" HEIGHT="34" HPOS="1332" ID="ST_610.5.8.19" STYLEREFS="Style_4" VPOS="1246" WIDTH="68" WC="0.83" CC="000" TAGREFS=""/>
            <SP HPOS="1400" ID="SP_610.5.8.20" VPOS="1257" WIDTH="24"/>
            <String CONTENT="may" HEIGHT="32" HPOS="1424" ID="ST_610.5.8.21" STYLEREFS="Style_4" VPOS="1257" WIDTH="81" WC="0.97" CC="000" TAGREFS=""/>
          </TextLine>
          <TextLine HEIGHT="44" HPOS="291" ID="TL_610.5.9" VPOS="1296" WIDTH="1213">
            <String CONTENT="enhance" HEIGHT="34" HPOS="291" ID="ST_610.5.9.1" STYLEREFS="Style_4" VPOS="1297" WIDTH="155" WC="0.89" CC="0000000" TAGREFS=""/>
            <SP HPOS="446" ID="SP_610.5.9.2" VPOS="1297" WIDTH="12"/>
            <String CONTENT="his" HEIGHT="33" HPOS="458" ID="ST_610.5.9.3" STYLEREFS="Style_4" VPOS="1297" WIDTH="52" WC="1.00" CC="000" TAGREFS=""/>
            <SP HPOS="510" ID="SP_610.5.9.4" VPOS="1296" WIDTH="12"/>
            <String CONTENT="credibility" HEIGHT="44" HPOS="522" ID="ST_610.5.9.5" STYLEREFS="Style_4" VPOS="1296" WIDTH="194" WC="0.99" CC="00000000000" TAGREFS=""/>
            <SP HPOS="716" ID="SP_610.5.9.6" VPOS="1307" WIDTH="12"/>
            <String CONTENT="as" HEIGHT="23" HPOS="728" ID="ST_610.5.9.7" STYLEREFS="Style_4" VPOS="1307" WIDTH="37" WC="1.00" CC="00" TAGREFS=""/>
            <SP HPOS="765" ID="SP_610.5.9.8" VPOS="1307" WIDTH="12"/>
            <String CONTENT="a" HEIGHT="23" HPOS="777" ID="ST_610.5.9.9" STYLEREFS="Style_4" VPOS="1307" WIDTH="20" WC="1.00" CC="0" TAGREFS=""/>
            <SP HPOS="797" ID="SP_610.5.9.10" VPOS="1297" WIDTH="13"/>
            <String CONTENT="witness" HEIGHT="33" HPOS="810" ID="ST_610.5.9.11" STYLEREFS="Style_4" VPOS="1297" WIDTH="137" WC="0.92" CC="0000000" TAGREFS=""/>
            <SP HPOS="947" ID="SP_610.5.9.12" VPOS="1296" WIDTH="11"/>
            <String CONTENT="due" HEIGHT="34" HPOS="958" ID="ST_610.5.9.13" STYLEREFS="Style_4" VPOS="1296" WIDTH="69" WC="1.00" CC="000" TAGREFS=""/>
            <SP HPOS="1027" ID="SP_610.5.9.14" VPOS="1301" WIDTH="11"/>
            <String CONTENT="to" HEIGHT="29" HPOS="1038" ID="ST_610.5.9.15" STYLEREFS="Style_4" VPOS="1301" WIDTH="35" WC="1.00" CC="00" TAGREFS=""/>
            <SP HPOS="1073" ID="SP_610.5.9.16" VPOS="1307" WIDTH="12"/>
            <String CONTENT="an" HEIGHT="23" HPOS="1085" ID="ST_610.5.9.17" STYLEREFS="Style_4" VPOS="1307" WIDTH="44" WC="0.86" CC="00" TAGREFS=""/>
            <SP HPOS="1129" ID="SP_610.5.9.18" VPOS="1296" WIDTH="13"/>
            <String CONTENT="attendant" HEIGHT="34" HPOS="1142" ID="ST_610.5.9.19" STYLEREFS="Style_4" VPOS="1296" WIDTH="182" WC="0.92" CC="000000000" TAGREFS=""/>
            <SP HPOS="1324" ID="SP_610.5.9.20" VPOS="1296" WIDTH="12"/>
            <String CONTENT="ability" HEIGHT="43" HPOS="1336" ID="ST_610.5.9.21" STYLEREFS="Style_4" VPOS="1296" WIDTH="121" WC="0.96" CC="0000000" TAGREFS=""/>
            <SP HPOS="1457" ID="SP_610.5.9.22" VPOS="1301" WIDTH="12"/>
            <String CONTENT="to" HEIGHT="29" HPOS="1469" ID="ST_610.5.9.23" STYLEREFS="Style_4" VPOS="1301" WIDTH="35" WC="0.97" CC="00" TAGREFS=""/>
          </TextLine>
          <TextLine HEIGHT="44" HPOS="291" ID="TL_610.5.10" VPOS="1345" WIDTH="1213">
            <String CONTENT="increase" HEIGHT="34" HPOS="291" ID="ST_610.5.10.1" STYLEREFS="Style_4" VPOS="1346" WIDTH="154" WC="0.98" CC="00000000" TAGREFS=""/>
            <SP HPOS="445" ID="SP_610.5.10.2" VPOS="1346" WIDTH="14"/>
            <String CONTENT="dramatically" HEIGHT="43" HPOS="459" ID="ST_610.5.10.3" STYLEREFS="Style_4" VPOS="1346" WIDTH="243" WC="1.00" CC="000000000000" TAGREFS=""/>
            <SP HPOS="702" ID="SP_610.5.10.4" VPOS="1346" WIDTH="14"/>
            <String CONTENT="the" HEIGHT="34" HPOS="716" ID="ST_610.5.10.5" STYLEREFS="Style_4" VPOS="1346" WIDTH="59" WC="0.99" CC="000" TAGREFS=""/>
            <SP HPOS="775" ID="SP_610.5.10.6" VPOS="1351" WIDTH="14"/>
            <String CONTENT="amount" HEIGHT="29" HPOS="789" ID="ST_610.5.10.7" STYLEREFS="Style_4" VPOS="1351" WIDTH="144" WC="0.97" CC="000000" TAGREFS=""/>
            <SP HPOS="933" ID="SP_610.5.10.8" VPOS="1345" WIDTH="14"/>
            <String CONTENT="of" HEIGHT="35" HPOS="947" ID="ST_610.5.10.9" STYLEREFS="Style_4" VPOS="1345" WIDTH="39" WC="1.00" CC="00" TAGREFS=""/>
            <SP HPOS="986" ID="SP_610.5.10.10" VPOS="1345" WIDTH="12"/>
            <String CONTENT="detail," HEIGHT="41" HPOS="998" ID="ST_610.5.10.11" STYLEREFS="Style_4" VPOS="1345" WIDTH="117" WC="0.99" CC="0000000" TAGREFS=""/>
            <SP HPOS="1115" ID="SP_610.5.10.12" VPOS="1356" WIDTH="15"/>
            <String CONTENT="or" HEIGHT="23" HPOS="1130" ID="ST_610.5.10.13" STYLEREFS="Style_4" VPOS="1356" WIDTH="38" WC="1.00" CC="00" TAGREFS=""/>
            <SP HPOS="1168" ID="SP_610.5.10.14" VPOS="1345" WIDTH="14"/>
            <String CONTENT="the" HEIGHT="34" HPOS="1182" ID="ST_610.5.10.15" STYLEREFS="Style_4" VPOS="1345" WIDTH="60" WC="1.00" CC="000" TAGREFS=""/>
            <SP HPOS="1242" ID="SP_610.5.10.16" VPOS="1345" WIDTH="13"/>
            <String CONTENT="emotion" HEIGHT="34" HPOS="1255" ID="ST_610.5.10.17" STYLEREFS="Style_4" VPOS="1345" WIDTH="152" WC="0.91" CC="0000000" TAGREFS=""/>
            <SP HPOS="1407" ID="SP_610.5.10.18" VPOS="1345" WIDTH="14"/>
            <String CONTENT="with" HEIGHT="34" HPOS="1421" ID="ST_610.5.10.19" STYLEREFS="Style_4" VPOS="1345" WIDTH="83" WC="0.98" CC="0000" TAGREFS=""/>
          </TextLine>
          <TextLine HEIGHT="44" HPOS="290" ID="TL_610.5.11" VPOS="1394" WIDTH="1214">
            <String CONTENT="which" HEIGHT="34" HPOS="290" ID="ST_610.5.11.1" STYLEREFS="Style_4" VPOS="1395" WIDTH="113" WC="1.00" CC="00000" TAGREFS=""/>
            <SP HPOS="403" ID="SP_610.5.11.2" VPOS="1395" WIDTH="21"/>
            <String CONTENT="those" HEIGHT="34" HPOS="424" ID="ST_610.5.11.3" STYLEREFS="Style_4" VPOS="1395" WIDTH="98" WC="0.99" CC="00000" TAGREFS=""/>
            <SP HPOS="522" ID="SP_610.5.11.4" VPOS="1395" WIDTH="19"/>
            <String CONTENT="details" HEIGHT="34" HPOS="541" ID="ST_610.5.11.5" STYLEREFS="Style_4" VPOS="1395" WIDTH="124" WC="1.00" CC="0000000" TAGREFS=""/>
            <SP HPOS="665" ID="SP_610.5.11.6" VPOS="1406" WIDTH="21"/>
            <String CONTENT="are" HEIGHT="23" HPOS="686" ID="ST_610.5.11.7" STYLEREFS="Style_4" VPOS="1406" WIDTH="60" WC="1.00" CC="000" TAGREFS=""/>
            <SP HPOS="746" ID="SP_610.5.11.8" VPOS="1395" WIDTH="21"/>
            <String CONTENT="reported," HEIGHT="43" HPOS="767" ID="ST_610.5.11.9" STYLEREFS="Style_4" VPOS="1395" WIDTH="170" WC="0.97" CC="000000000" TAGREFS=""/>
            <SP HPOS="937" ID="SP_610.5.11.10" VPOS="1395" WIDTH="22"/>
            <String CONTENT="though" HEIGHT="42" HPOS="959" ID="ST_610.5.11.11" STYLEREFS="Style_4" VPOS="1395" WIDTH="132" WC="0.91" CC="000000" TAGREFS=""/>
            <SP HPOS="1091" ID="SP_610.5.11.12" VPOS="1395" WIDTH="21"/>
            <String CONTENT="they" HEIGHT="43" HPOS="1112" ID="ST_610.5.11.13" STYLEREFS="Style_4" VPOS="1395" WIDTH="81" WC="0.83" CC="0000" TAGREFS=""/>
            <SP HPOS="1193" ID="SP_610.5.11.14" VPOS="1405" WIDTH="21"/>
            <String CONTENT="may" HEIGHT="33" HPOS="1214" ID="ST_610.5.11.15" STYLEREFS="Style_4" VPOS="1405" WIDTH="81" WC="1.00" CC="000" TAGREFS=""/>
            <SP HPOS="1295" ID="SP_610.5.11.16" VPOS="1395" WIDTH="21"/>
            <String CONTENT="be" HEIGHT="33" HPOS="1316" ID="ST_610.5.11.17" STYLEREFS="Style_4" VPOS="1395" WIDTH="43" WC="1.00" CC="00" TAGREFS=""/>
            <SP HPOS="1359" ID="SP_610.5.11.18" VPOS="1394" WIDTH="20"/>
            <String CONTENT="simply" HEIGHT="44" HPOS="1379" ID="ST_610.5.11.19" STYLEREFS="Style_4" VPOS="1394" WIDTH="125" WC="1.00" CC="000000" TAGREFS=""/>
          </TextLine>
          <TextLine HEIGHT="45" HPOS="291" ID="TL_610.5.12" VPOS="1443" WIDTH="1212">
            <String CONTENT="“artifacts" HEIGHT="35" HPOS="291" ID="ST_610.5.12.1" STYLEREFS="Style_4" VPOS="1444" WIDTH="181" WC="1.00" CC="0000000000" TAGREFS=""/>
            <SP HPOS="472" ID="SP_610.5.12.2" VPOS="1444" WIDTH="16"/>
            <String CONTENT="of" HEIGHT="35" HPOS="488" ID="ST_610.5.12.3" STYLEREFS="Style_4" VPOS="1444" WIDTH="40" WC="1.00" CC="00" TAGREFS=""/>
            <SP HPOS="528" ID="SP_610.5.12.4" VPOS="1444" WIDTH="13"/>
            <String CONTENT="the" HEIGHT="35" HPOS="541" ID="ST_610.5.12.5" STYLEREFS="Style_4" VPOS="1444" WIDTH="59" WC="0.83" CC="000" TAGREFS=""/>
            <SP HPOS="600" ID="SP_610.5.12.6" VPOS="1444" WIDTH="16"/>
            <String CONTENT="hypnotic" HEIGHT="44" HPOS="616" ID="ST_610.5.12.7" STYLEREFS="Style_4" VPOS="1444" WIDTH="165" WC="0.89" CC="00000000" TAGREFS=""/>
            <SP HPOS="781" ID="SP_610.5.12.8" VPOS="1444" WIDTH="16"/>
            <String CONTENT="process.”" HEIGHT="44" HPOS="797" ID="ST_610.5.12.9" STYLEREFS="Style_4" VPOS="1444" WIDTH="171" WC="0.89" CC="000000009" TAGREFS=""/>
            <SP HPOS="968" ID="SP_610.5.12.10" VPOS="1445" WIDTH="17"/>
            <String CONTENT="Too," HEIGHT="40" HPOS="985" ID="ST_610.5.12.11" STYLEREFS="Style_4" VPOS="1445" WIDTH="83" WC="0.98" CC="0000" TAGREFS=""/>
            <SP HPOS="1068" ID="SP_610.5.12.12" VPOS="1444" WIDTH="18"/>
            <String CONTENT="there" HEIGHT="35" HPOS="1086" ID="ST_610.5.12.13" STYLEREFS="Style_4" VPOS="1444" WIDTH="97" WC="0.96" CC="00000" TAGREFS=""/>
            <SP HPOS="1183" ID="SP_610.5.12.14" VPOS="1444" WIDTH="16"/>
            <String CONTENT="is" HEIGHT="34" HPOS="1199" ID="ST_610.5.12.15" STYLEREFS="Style_4" VPOS="1444" WIDTH="28" WC="1.00" CC="00" TAGREFS=""/>
            <SP HPOS="1227" ID="SP_610.5.12.16" VPOS="1444" WIDTH="17"/>
            <String CONTENT="the" HEIGHT="35" HPOS="1244" ID="ST_610.5.12.17" STYLEREFS="Style_4" VPOS="1444" WIDTH="59" WC="0.91" CC="000" TAGREFS=""/>
            <SP HPOS="1303" ID="SP_610.5.12.18" VPOS="1443" WIDTH="16"/>
            <String CONTENT="likelihood" HEIGHT="35" HPOS="1319" ID="ST_610.5.12.19" STYLEREFS="Style_4" VPOS="1443" WIDTH="184" WC="1.00" CC="0000000000" TAGREFS=""/>
          </TextLine>
          <TextLine HEIGHT="45" HPOS="290" ID="TL_610.5.13" VPOS="1493" WIDTH="1214">
            <String CONTENT="that" HEIGHT="34" HPOS="290" ID="ST_610.5.13.1" STYLEREFS="Style_4" VPOS="1495" WIDTH="77" WC="1.00" CC="0000" TAGREFS=""/>
            <SP HPOS="367" ID="SP_610.5.13.2" VPOS="1495" WIDTH="7"/>
            <String CONTENT="juries" HEIGHT="43" HPOS="374" ID="ST_610.5.13.3" STYLEREFS="Style_4" VPOS="1495" WIDTH="108" WC="0.97" CC="000000" TAGREFS=""/>
            <SP HPOS="482" ID="SP_610.5.13.4" VPOS="1494" WIDTH="12"/>
            <String CONTENT="will" HEIGHT="35" HPOS="494" ID="ST_610.5.13.5" STYLEREFS="Style_4" VPOS="1494" WIDTH="68" WC="0.78" CC="0000" TAGREFS=""/>
            <SP HPOS="562" ID="SP_610.5.13.6" VPOS="1495" WIDTH="12"/>
            <String CONTENT="place" HEIGHT="43" HPOS="574" ID="ST_610.5.13.7" STYLEREFS="Style_4" VPOS="1495" WIDTH="99" WC="1.00" CC="00000" TAGREFS=""/>
            <SP HPOS="673" ID="SP_610.5.13.8" VPOS="1500" WIDTH="12"/>
            <String CONTENT="greater" HEIGHT="38" HPOS="685" ID="ST_610.5.13.9" STYLEREFS="Style_4" VPOS="1500" WIDTH="136" WC="1.00" CC="0000000" TAGREFS=""/>
            <SP HPOS="821" ID="SP_610.5.13.10" VPOS="1494" WIDTH="12"/>
            <String CONTENT="emphasis" HEIGHT="44" HPOS="833" ID="ST_610.5.13.11" STYLEREFS="Style_4" VPOS="1494" WIDTH="173" WC="0.92" CC="00000000" TAGREFS=""/>
            <SP HPOS="1006" ID="SP_610.5.13.12" VPOS="1505" WIDTH="12"/>
            <String CONTENT="on" HEIGHT="24" HPOS="1018" ID="ST_610.5.13.13" STYLEREFS="Style_4" VPOS="1505" WIDTH="44" WC="0.79" CC="00" TAGREFS=""/>
            <SP HPOS="1062" ID="SP_610.5.13.14" VPOS="1494" WIDTH="13"/>
            <String CONTENT="testimony" HEIGHT="44" HPOS="1075" ID="ST_610.5.13.15" STYLEREFS="Style_4" VPOS="1494" WIDTH="186" WC="0.89" CC="000000000" TAGREFS=""/>
            <SP HPOS="1261" ID="SP_610.5.13.16" VPOS="1493" WIDTH="11"/>
            <String CONTENT="produced" HEIGHT="45" HPOS="1272" ID="ST_610.5.13.17" STYLEREFS="Style_4" VPOS="1493" WIDTH="175" WC="0.95" CC="00000000" TAGREFS=""/>
            <SP HPOS="1447" ID="SP_610.5.13.18" VPOS="1494" WIDTH="12"/>
            <String CONTENT="by" HEIGHT="44" HPOS="1459" ID="ST_610.5.13.19" STYLEREFS="Style_4" VPOS="1494" WIDTH="45" WC="0.96" CC="00" TAGREFS=""/>
          </TextLine>
          <TextLine HEIGHT="45" HPOS="290" ID="TL_610.5.14" VPOS="1544" WIDTH="804">
            <String CONTENT="hypnosis." HEIGHT="44" HPOS="290" ID="ST_610.5.14.1" STYLEREFS="Style_4" VPOS="1545" WIDTH="172" WC="0.95" CC="000000000" TAGREFS=""/>
            <SP HPOS="462" ID="SP_610.5.14.2" VPOS="1545" WIDTH="22"/>
            <String CONTENT="See" HEIGHT="34" HPOS="484" ID="ST_610.5.14.3" STYLEREFS="Style_4" VPOS="1545" WIDTH="67" WC="1.00" CC="000" TAGREFS=""/>
            <SP HPOS="551" ID="SP_610.5.14.4" VPOS="1544" WIDTH="21"/>
            <String CONTENT="Collins" HEIGHT="36" HPOS="572" ID="ST_610.5.14.5" STYLEREFS="Style_5" VPOS="1544" WIDTH="136" WC="0.96" CC="0000000" TAGREFS=""/>
            <SP HPOS="708" ID="SP_610.5.14.6" VPOS="1556" WIDTH="19"/>
            <String CONTENT="v." HEIGHT="23" HPOS="727" ID="ST_610.5.14.7" STYLEREFS="Style_4" VPOS="1556" WIDTH="30" WC="1.00" CC="00" TAGREFS=""/>
            <SP HPOS="757" ID="SP_610.5.14.8" VPOS="1545" WIDTH="21"/>
            <String CONTENT="Sup." HEIGHT="44" HPOS="778" ID="ST_610.5.14.9" STYLEREFS="Style_5" VPOS="1545" WIDTH="86" WC="1.00" CC="0000" TAGREFS=""/>
            <SP HPOS="864" ID="SP_610.5.14.10" VPOS="1545" WIDTH="25"/>
            <String CONTENT="Ct.," HEIGHT="40" HPOS="889" ID="ST_610.5.14.11" STYLEREFS="Style_5" VPOS="1545" WIDTH="66" WC="0.97" CC="0099" TAGREFS=""/>
            <SP HPOS="955" ID="SP_610.5.14.12" VPOS="1555" WIDTH="20"/>
            <String CONTENT="supra." HEIGHT="33" HPOS="975" ID="ST_610.5.14.13" STYLEREFS="Style_5" VPOS="1555" WIDTH="119" WC="0.86" CC="000000" TAGREFS=""/>
          </TextLine>
        </TextBlock>
        <TextBlock HEIGHT="291.0" HPOS="290.0" ID="BL_610.6" TAGREFS="b610-8" VPOS="1622.0" WIDTH="1214.0">
          <TextLine HEIGHT="44" HPOS="381" ID="TL_610.6.1" VPOS="1622" WIDTH="1122">
            <String CONTENT="Courts" HEIGHT="34" HPOS="381" ID="ST_610.6.1.1" STYLEREFS="Style_4" VPOS="1622" WIDTH="127" WC="0.94" CC="000000" TAGREFS=""/>
            <SP HPOS="508" ID="SP_610.6.1.2" VPOS="1622" WIDTH="11"/>
            <String CONTENT="rejecting" HEIGHT="43" HPOS="519" ID="ST_610.6.1.3" STYLEREFS="Style_4" VPOS="1622" WIDTH="165" WC="1.00" CC="000000000" TAGREFS=""/>
            <SP HPOS="684" ID="SP_610.6.1.4" VPOS="1622" WIDTH="11"/>
            <String CONTENT="hypnotically" HEIGHT="44" HPOS="695" ID="ST_610.6.1.5" STYLEREFS="Style_4" VPOS="1622" WIDTH="234" WC="0.91" CC="000000000000" TAGREFS=""/>
            <SP HPOS="929" ID="SP_610.6.1.6" VPOS="1622" WIDTH="10"/>
            <String CONTENT="refreshed" HEIGHT="34" HPOS="939" ID="ST_610.6.1.7" STYLEREFS="Style_4" VPOS="1622" WIDTH="176" WC="1.00" CC="000000000" TAGREFS=""/>
            <SP HPOS="1115" ID="SP_610.6.1.8" VPOS="1622" WIDTH="10"/>
            <String CONTENT="testimony" HEIGHT="43" HPOS="1125" ID="ST_610.6.1.9" STYLEREFS="Style_4" VPOS="1622" WIDTH="186" WC="0.91" CC="000000000" TAGREFS=""/>
            <SP HPOS="1311" ID="SP_610.6.1.10" VPOS="1622" WIDTH="9"/>
            <String CONTENT="have" HEIGHT="34" HPOS="1320" ID="ST_610.6.1.11" STYLEREFS="Style_4" VPOS="1622" WIDTH="88" WC="0.88" CC="0000" TAGREFS=""/>
            <SP HPOS="1408" ID="SP_610.6.1.12" VPOS="1622" WIDTH="9"/>
            <String CONTENT="been" HEIGHT="34" HPOS="1417" ID="ST_610.6.1.13" STYLEREFS="Style_4" VPOS="1622" WIDTH="86" WC="0.86" CC="0000" TAGREFS=""/>
          </TextLine>
          <TextLine HEIGHT="43" HPOS="290" ID="TL_610.6.2" VPOS="1672" WIDTH="1214">
            <String CONTENT="equally" HEIGHT="43" HPOS="290" ID="ST_610.6.2.1" STYLEREFS="Style_4" VPOS="1672" WIDTH="138" WC="0.98" CC="0000000" TAGREFS=""/>
            <SP HPOS="428" ID="SP_610.6.2.2" VPOS="1672" WIDTH="15"/>
            <String CONTENT="concerned" HEIGHT="34" HPOS="443" ID="ST_610.6.2.3" STYLEREFS="Style_4" VPOS="1672" WIDTH="191" WC="0.87" CC="000000000" TAGREFS=""/>
            <SP HPOS="634" ID="SP_610.6.2.4" VPOS="1672" WIDTH="15"/>
            <String CONTENT="with" HEIGHT="34" HPOS="649" ID="ST_610.6.2.5" STYLEREFS="Style_4" VPOS="1672" WIDTH="83" WC="0.96" CC="0000" TAGREFS=""/>
            <SP HPOS="732" ID="SP_610.6.2.6" VPOS="1672" WIDTH="16"/>
            <String CONTENT="the" HEIGHT="34" HPOS="748" ID="ST_610.6.2.7" STYLEREFS="Style_4" VPOS="1672" WIDTH="59" WC="0.84" CC="000" TAGREFS=""/>
            <SP HPOS="807" ID="SP_610.6.2.8" VPOS="1672" WIDTH="15"/>
            <String CONTENT="effects" HEIGHT="34" HPOS="822" ID="ST_610.6.2.9" STYLEREFS="Style_4" VPOS="1672" WIDTH="121" WC="0.75" CC="0000000" TAGREFS=""/>
            <SP HPOS="943" ID="SP_610.6.2.10" VPOS="1682" WIDTH="15"/>
            <String CONTENT="on" HEIGHT="24" HPOS="958" ID="ST_610.6.2.11" STYLEREFS="Style_4" VPOS="1682" WIDTH="44" WC="0.99" CC="00" TAGREFS=""/>
            <SP HPOS="1002" ID="SP_610.6.2.12" VPOS="1672" WIDTH="16"/>
            <String CONTENT="cross-examination," HEIGHT="40" HPOS="1018" ID="ST_610.6.2.13" STYLEREFS="Style_4" VPOS="1672" WIDTH="356" WC="0.94" CC="000000000000000000" TAGREFS=""/>
            <SP HPOS="1374" ID="SP_610.6.2.14" VPOS="1672" WIDTH="16"/>
            <String CONTENT="where" HEIGHT="34" HPOS="1390" ID="ST_610.6.2.15" STYLEREFS="Style_4" VPOS="1672" WIDTH="114" WC="0.95" CC="00000" TAGREFS=""/>
          </TextLine>
          <TextLine HEIGHT="44" HPOS="290" ID="TL_610.6.3" VPOS="1721" WIDTH="1212">
            <String CONTENT="the" HEIGHT="34" HPOS="290" ID="ST_610.6.3.1" STYLEREFS="Style_4" VPOS="1721" WIDTH="59" WC="1.00" CC="000" TAGREFS=""/>
            <SP HPOS="349" ID="SP_610.6.3.2" VPOS="1721" WIDTH="22"/>
            <String CONTENT="difficulties" HEIGHT="35" HPOS="371" ID="ST_610.6.3.3" STYLEREFS="Style_4" VPOS="1721" WIDTH="195" WC="0.85" CC="000000000000" TAGREFS=""/>
            <SP HPOS="566" ID="SP_610.6.3.4" VPOS="1721" WIDTH="23"/>
            <String CONTENT="in" HEIGHT="34" HPOS="589" ID="ST_610.6.3.5" STYLEREFS="Style_4" VPOS="1721" WIDTH="34" WC="1.00" CC="00" TAGREFS=""/>
            <SP HPOS="623" ID="SP_610.6.3.6" VPOS="1732" WIDTH="24"/>
            <String CONTENT="memory" HEIGHT="33" HPOS="647" ID="ST_610.6.3.7" STYLEREFS="Style_4" VPOS="1732" WIDTH="155" WC="0.99" CC="000000" TAGREFS=""/>
            <SP HPOS="802" ID="SP_610.6.3.8" VPOS="1721" WIDTH="22"/>
            <String CONTENT="retrieval" HEIGHT="35" HPOS="824" ID="ST_610.6.3.9" STYLEREFS="Style_4" VPOS="1721" WIDTH="159" WC="0.98" CC="000000000" TAGREFS=""/>
            <SP HPOS="983" ID="SP_610.6.3.10" VPOS="1721" WIDTH="23"/>
            <String CONTENT="and" HEIGHT="34" HPOS="1006" ID="ST_610.6.3.11" STYLEREFS="Style_4" VPOS="1721" WIDTH="68" WC="0.94" CC="000" TAGREFS=""/>
            <SP HPOS="1074" ID="SP_610.6.3.12" VPOS="1721" WIDTH="23"/>
            <String CONTENT="fabrication" HEIGHT="34" HPOS="1097" ID="ST_610.6.3.13" STYLEREFS="Style_4" VPOS="1721" WIDTH="209" WC="0.98" CC="00000000000" TAGREFS=""/>
            <SP HPOS="1306" ID="SP_610.6.3.14" VPOS="1732" WIDTH="23"/>
            <String CONTENT="are" HEIGHT="23" HPOS="1329" ID="ST_610.6.3.15" STYLEREFS="Style_4" VPOS="1732" WIDTH="59" WC="1.00" CC="000" TAGREFS=""/>
            <SP HPOS="1388" ID="SP_610.6.3.16" VPOS="1732" WIDTH="22"/>
            <String CONTENT="com-" HEIGHT="24" HPOS="1410" ID="ST_610.6.3.17" STYLEREFS="Style_4" VPOS="1732" WIDTH="92" WC="1.00" CC="0000" TAGREFS=""/>
          </TextLine>
          <TextLine HEIGHT="45" HPOS="290" ID="TL_610.6.4" VPOS="1770" WIDTH="1212">
            <String CONTENT="pounded." HEIGHT="43" HPOS="290" ID="ST_610.6.4.1" STYLEREFS="Style_4" VPOS="1771" WIDTH="171" WC="0.96" CC="00000000" TAGREFS=""/>
            <SP HPOS="461" ID="SP_610.6.4.2" VPOS="1771" WIDTH="11"/>
            <String CONTENT="The" HEIGHT="35" HPOS="472" ID="ST_610.6.4.3" STYLEREFS="Style_4" VPOS="1771" WIDTH="74" WC="0.82" CC="000" TAGREFS=""/>
            <SP HPOS="546" ID="SP_610.6.4.4" VPOS="1771" WIDTH="8"/>
            <String CONTENT="conviction" HEIGHT="35" HPOS="554" ID="ST_610.6.4.5" STYLEREFS="Style_4" VPOS="1771" WIDTH="192" WC="0.94" CC="0000000000" TAGREFS=""/>
            <SP HPOS="746" ID="SP_610.6.4.6" VPOS="1781" WIDTH="9"/>
            <String CONTENT="on" HEIGHT="24" HPOS="755" ID="ST_610.6.4.7" STYLEREFS="Style_4" VPOS="1781" WIDTH="44" WC="0.81" CC="00" TAGREFS=""/>
            <SP HPOS="799" ID="SP_610.6.4.8" VPOS="1771" WIDTH="10"/>
            <String CONTENT="the" HEIGHT="34" HPOS="809" ID="ST_610.6.4.9" STYLEREFS="Style_4" VPOS="1771" WIDTH="59" WC="0.95" CC="000" TAGREFS=""/>
            <SP HPOS="868" ID="SP_610.6.4.10" VPOS="1776" WIDTH="9"/>
            <String CONTENT="part" HEIGHT="39" HPOS="877" ID="ST_610.6.4.11" STYLEREFS="Style_4" VPOS="1776" WIDTH="78" WC="1.00" CC="0000" TAGREFS=""/>
            <SP HPOS="955" ID="SP_610.6.4.12" VPOS="1770" WIDTH="9"/>
            <String CONTENT="of" HEIGHT="35" HPOS="964" ID="ST_610.6.4.13" STYLEREFS="Style_4" VPOS="1770" WIDTH="39" WC="0.99" CC="00" TAGREFS=""/>
            <SP HPOS="1003" ID="SP_610.6.4.14" VPOS="1771" WIDTH="6"/>
            <String CONTENT="the" HEIGHT="34" HPOS="1009" ID="ST_610.6.4.15" STYLEREFS="Style_4" VPOS="1771" WIDTH="59" WC="1.00" CC="000" TAGREFS=""/>
            <SP HPOS="1068" ID="SP_610.6.4.16" VPOS="1771" WIDTH="9"/>
            <String CONTENT="subject" HEIGHT="43" HPOS="1077" ID="ST_610.6.4.17" STYLEREFS="Style_4" VPOS="1771" WIDTH="135" WC="0.96" CC="0000000" TAGREFS=""/>
            <SP HPOS="1212" ID="SP_610.6.4.18" VPOS="1770" WIDTH="8"/>
            <String CONTENT="that" HEIGHT="35" HPOS="1220" ID="ST_610.6.4.19" STYLEREFS="Style_4" VPOS="1770" WIDTH="77" WC="1.00" CC="0000" TAGREFS=""/>
            <SP HPOS="1297" ID="SP_610.6.4.20" VPOS="1771" WIDTH="9"/>
            <String CONTENT="he" HEIGHT="34" HPOS="1306" ID="ST_610.6.4.21" STYLEREFS="Style_4" VPOS="1771" WIDTH="44" WC="0.94" CC="00" TAGREFS=""/>
            <SP HPOS="1350" ID="SP_610.6.4.22" VPOS="1781" WIDTH="8"/>
            <String CONTENT="or" HEIGHT="24" HPOS="1358" ID="ST_610.6.4.23" STYLEREFS="Style_4" VPOS="1781" WIDTH="38" WC="1.00" CC="00" TAGREFS=""/>
            <SP HPOS="1396" ID="SP_610.6.4.24" VPOS="1771" WIDTH="9"/>
            <String CONTENT="she" HEIGHT="34" HPOS="1405" ID="ST_610.6.4.25" STYLEREFS="Style_4" VPOS="1771" WIDTH="61" WC="0.88" CC="000" TAGREFS=""/>
            <SP HPOS="1466" ID="SP_610.6.4.26" VPOS="1771" WIDTH="8"/>
            <String CONTENT="is" HEIGHT="34" HPOS="1474" ID="ST_610.6.4.27" STYLEREFS="Style_4" VPOS="1771" WIDTH="28" WC="0.93" CC="00" TAGREFS=""/>
          </TextLine>
          <TextLine HEIGHT="44" HPOS="290" ID="TL_610.6.5" VPOS="1820" WIDTH="1212">
            <String CONTENT="stating" HEIGHT="43" HPOS="290" ID="ST_610.6.5.1" STYLEREFS="Style_4" VPOS="1821" WIDTH="129" WC="0.97" CC="0000000" TAGREFS=""/>
            <SP HPOS="419" ID="SP_610.6.5.2" VPOS="1821" WIDTH="19"/>
            <String CONTENT="the" HEIGHT="34" HPOS="438" ID="ST_610.6.5.3" STYLEREFS="Style_4" VPOS="1821" WIDTH="59" WC="0.98" CC="000" TAGREFS=""/>
            <SP HPOS="497" ID="SP_610.6.5.4" VPOS="1821" WIDTH="17"/>
            <String CONTENT="truth" HEIGHT="34" HPOS="514" ID="ST_610.6.5.5" STYLEREFS="Style_4" VPOS="1821" WIDTH="95" WC="0.92" CC="00000" TAGREFS=""/>
            <SP HPOS="609" ID="SP_610.6.5.6" VPOS="1821" WIDTH="19"/>
            <String CONTENT="affects" HEIGHT="34" HPOS="628" ID="ST_610.6.5.7" STYLEREFS="Style_4" VPOS="1821" WIDTH="123" WC="0.80" CC="0000000" TAGREFS=""/>
            <SP HPOS="751" ID="SP_610.6.5.8" VPOS="1821" WIDTH="18"/>
            <String CONTENT="the" HEIGHT="34" HPOS="769" ID="ST_610.6.5.9" STYLEREFS="Style_4" VPOS="1821" WIDTH="60" WC="0.93" CC="000" TAGREFS=""/>
            <SP HPOS="829" ID="SP_610.6.5.10" VPOS="1821" WIDTH="18"/>
            <String CONTENT="truth" HEIGHT="34" HPOS="847" ID="ST_610.6.5.11" STYLEREFS="Style_4" VPOS="1821" WIDTH="96" WC="0.99" CC="00000" TAGREFS=""/>
            <SP HPOS="943" ID="SP_610.6.5.12" VPOS="1820" WIDTH="18"/>
            <String CONTENT="finding" HEIGHT="44" HPOS="961" ID="ST_610.6.5.13" STYLEREFS="Style_4" VPOS="1820" WIDTH="132" WC="0.90" CC="0000000" TAGREFS=""/>
            <SP HPOS="1093" ID="SP_610.6.5.14" VPOS="1831" WIDTH="19"/>
            <String CONTENT="process" HEIGHT="33" HPOS="1112" ID="ST_610.6.5.15" STYLEREFS="Style_4" VPOS="1831" WIDTH="136" WC="0.99" CC="0000000" TAGREFS=""/>
            <SP HPOS="1248" ID="SP_610.6.5.16" VPOS="1820" WIDTH="19"/>
            <String CONTENT="traditionally" HEIGHT="44" HPOS="1267" ID="ST_610.6.5.17" STYLEREFS="Style_4" VPOS="1820" WIDTH="235" WC="0.93" CC="0000000000000" TAGREFS=""/>
          </TextLine>
          <TextLine HEIGHT="43" HPOS="290" ID="TL_610.6.6" VPOS="1870" WIDTH="551">
            <String CONTENT="tested" HEIGHT="34" HPOS="290" ID="ST_610.6.6.1" STYLEREFS="Style_4" VPOS="1870" WIDTH="110" WC="0.99" CC="000000" TAGREFS=""/>
            <SP HPOS="400" ID="SP_610.6.6.2" VPOS="1870" WIDTH="21"/>
            <String CONTENT="by" HEIGHT="43" HPOS="421" ID="ST_610.6.6.3" STYLEREFS="Style_4" VPOS="1870" WIDTH="45" WC="0.94" CC="00" TAGREFS=""/>
            <SP HPOS="466" ID="SP_610.6.6.4" VPOS="1870" WIDTH="19"/>
            <String CONTENT="cross-examination." HEIGHT="34" HPOS="485" ID="ST_610.6.6.5" STYLEREFS="Style_4" VPOS="1870" WIDTH="356" WC="0.96" CC="000000000000000000" TAGREFS=""/>
          </TextLine>
        </TextBlock>
        <TextBlock HEIGHT="490.0" HPOS="412.0" ID="BL_610.7" TAGREFS="b610-9" VPOS="1946.0" WIDTH="1090.0">
          <TextLine HEIGHT="44" HPOS="412" ID="TL_610.7.1" VPOS="1946" WIDTH="1090">
            <String CONTENT="The" HEIGHT="35" HPOS="412" ID="ST_610.7.1.1" STYLEREFS="Style_4" VPOS="1946" WIDTH="75" WC="0.94" CC="000" TAGREFS=""/>
            <SP HPOS="487" ID="SP_610.7.1.2" VPOS="1957" WIDTH="11"/>
            <String CONTENT="concern" HEIGHT="24" HPOS="498" ID="ST_610.7.1.3" STYLEREFS="Style_4" VPOS="1957" WIDTH="147" WC="0.90" CC="0000000" TAGREFS=""/>
            <SP HPOS="645" ID="SP_610.7.1.4" VPOS="1946" WIDTH="13"/>
            <String CONTENT="in" HEIGHT="35" HPOS="658" ID="ST_610.7.1.5" STYLEREFS="Style_4" VPOS="1946" WIDTH="34" WC="0.68" CC="00" TAGREFS=""/>
            <SP HPOS="692" ID="SP_610.7.1.6" VPOS="1947" WIDTH="13"/>
            <String CONTENT="the" HEIGHT="34" HPOS="705" ID="ST_610.7.1.7" STYLEREFS="Style_4" VPOS="1947" WIDTH="59" WC="0.95" CC="000" TAGREFS=""/>
            <SP HPOS="764" ID="SP_610.7.1.8" VPOS="1957" WIDTH="12"/>
            <String CONTENT="area" HEIGHT="24" HPOS="776" ID="ST_610.7.1.9" STYLEREFS="Style_4" VPOS="1957" WIDTH="81" WC="0.92" CC="0000" TAGREFS=""/>
            <SP HPOS="857" ID="SP_610.7.1.10" VPOS="1946" WIDTH="13"/>
            <String CONTENT="of" HEIGHT="35" HPOS="870" ID="ST_610.7.1.11" STYLEREFS="Style_4" VPOS="1946" WIDTH="40" WC="1.00" CC="00" TAGREFS=""/>
            <SP HPOS="910" ID="SP_610.7.1.12" VPOS="1947" WIDTH="9"/>
            <String CONTENT="post-hypnotic" HEIGHT="43" HPOS="919" ID="ST_610.7.1.13" STYLEREFS="Style_4" VPOS="1947" WIDTH="258" WC="0.93" CC="0000000000000" TAGREFS=""/>
            <SP HPOS="1177" ID="SP_610.7.1.14" VPOS="1947" WIDTH="11"/>
            <String CONTENT="testimony" HEIGHT="43" HPOS="1188" ID="ST_610.7.1.15" STYLEREFS="Style_4" VPOS="1947" WIDTH="186" WC="0.91" CC="000000000" TAGREFS=""/>
            <SP HPOS="1374" ID="SP_610.7.1.16" VPOS="1947" WIDTH="12"/>
            <String CONTENT="is" HEIGHT="34" HPOS="1386" ID="ST_610.7.1.17" STYLEREFS="Style_4" VPOS="1947" WIDTH="27" WC="1.00" CC="00" TAGREFS=""/>
            <SP HPOS="1413" ID="SP_610.7.1.18" VPOS="1947" WIDTH="13"/>
            <String CONTENT="that" HEIGHT="34" HPOS="1426" ID="ST_610.7.1.19" STYLEREFS="Style_4" VPOS="1947" WIDTH="76" WC="0.91" CC="0000" TAGREFS=""/>
          </TextLine>
          <TextLine HEIGHT="44" HPOS="413" ID="TL_610.7.2" VPOS="1996" WIDTH="1089">
            <String CONTENT="post-hypnotic" HEIGHT="44" HPOS="413" ID="ST_610.7.2.1" STYLEREFS="Style_4" VPOS="1996" WIDTH="257" WC="0.95" CC="0000000000000" TAGREFS=""/>
            <SP HPOS="670" ID="SP_610.7.2.2" VPOS="2007" WIDTH="11"/>
            <String CONTENT="memory" HEIGHT="32" HPOS="681" ID="ST_610.7.2.3" STYLEREFS="Style_4" VPOS="2007" WIDTH="156" WC="1.00" CC="000000" TAGREFS=""/>
            <SP HPOS="837" ID="SP_610.7.2.4" VPOS="2007" WIDTH="10"/>
            <String CONTENT="may" HEIGHT="32" HPOS="847" ID="ST_610.7.2.5" STYLEREFS="Style_4" VPOS="2007" WIDTH="82" WC="1.00" CC="000" TAGREFS=""/>
            <SP HPOS="929" ID="SP_610.7.2.6" VPOS="1996" WIDTH="10"/>
            <String CONTENT="be" HEIGHT="34" HPOS="939" ID="ST_610.7.2.7" STYLEREFS="Style_4" VPOS="1996" WIDTH="43" WC="1.00" CC="00" TAGREFS=""/>
            <SP HPOS="982" ID="SP_610.7.2.8" VPOS="1996" WIDTH="11"/>
            <String CONTENT="different" HEIGHT="34" HPOS="993" ID="ST_610.7.2.9" STYLEREFS="Style_4" VPOS="1996" WIDTH="162" WC="0.94" CC="000090000" TAGREFS=""/>
            <SP HPOS="1155" ID="SP_610.7.2.10" VPOS="1996" WIDTH="11"/>
            <String CONTENT="than" HEIGHT="34" HPOS="1166" ID="ST_610.7.2.11" STYLEREFS="Style_4" VPOS="1996" WIDTH="85" WC="0.84" CC="0000" TAGREFS=""/>
            <SP HPOS="1251" ID="SP_610.7.2.12" VPOS="1996" WIDTH="10"/>
            <String CONTENT="pre-hypnotic" HEIGHT="43" HPOS="1261" ID="ST_610.7.2.13" STYLEREFS="Style_4" VPOS="1996" WIDTH="241" WC="0.85" CC="000000000000" TAGREFS=""/>
          </TextLine>
          <TextLine HEIGHT="43" HPOS="413" ID="TL_610.7.3" VPOS="2045" WIDTH="1088">
            <String CONTENT="memory." HEIGHT="32" HPOS="413" ID="ST_610.7.3.1" STYLEREFS="Style_4" VPOS="2056" WIDTH="165" WC="0.96" CC="0000000" TAGREFS=""/>
            <SP HPOS="578" ID="SP_610.7.3.2" VPOS="2045" WIDTH="21"/>
            <String CONTENT="This" HEIGHT="34" HPOS="599" ID="ST_610.7.3.3" STYLEREFS="Style_4" VPOS="2045" WIDTH="83" WC="0.98" CC="0000" TAGREFS=""/>
            <SP HPOS="682" ID="SP_610.7.3.4" VPOS="2056" WIDTH="22"/>
            <String CONTENT="memory" HEIGHT="32" HPOS="704" ID="ST_610.7.3.5" STYLEREFS="Style_4" VPOS="2056" WIDTH="155" WC="0.97" CC="000000" TAGREFS=""/>
            <SP HPOS="859" ID="SP_610.7.3.6" VPOS="2045" WIDTH="20"/>
            <String CONTENT="alteration" HEIGHT="34" HPOS="879" ID="ST_610.7.3.7" STYLEREFS="Style_4" VPOS="2045" WIDTH="184" WC="0.97" CC="0000000000" TAGREFS=""/>
            <SP HPOS="1063" ID="SP_610.7.3.8" VPOS="2056" WIDTH="21"/>
            <String CONTENT="may" HEIGHT="32" HPOS="1084" ID="ST_610.7.3.9" STYLEREFS="Style_4" VPOS="2056" WIDTH="82" WC="1.00" CC="000" TAGREFS=""/>
            <SP HPOS="1166" ID="SP_610.7.3.10" VPOS="2045" WIDTH="20"/>
            <String CONTENT="result" HEIGHT="34" HPOS="1186" ID="ST_610.7.3.11" STYLEREFS="Style_4" VPOS="2045" WIDTH="106" WC="1.00" CC="000000" TAGREFS=""/>
            <SP HPOS="1292" ID="SP_610.7.3.12" VPOS="2045" WIDTH="20"/>
            <String CONTENT="from" HEIGHT="34" HPOS="1312" ID="ST_610.7.3.13" STYLEREFS="Style_4" VPOS="2045" WIDTH="91" WC="1.00" CC="0000" TAGREFS=""/>
            <SP HPOS="1403" ID="SP_610.7.3.14" VPOS="2055" WIDTH="20"/>
            <String CONTENT="pur-" HEIGHT="33" HPOS="1423" ID="ST_610.7.3.15" STYLEREFS="Style_4" VPOS="2055" WIDTH="78" WC="0.96" CC="0000" TAGREFS=""/>
          </TextLine>
          <TextLine HEIGHT="44" HPOS="412" ID="TL_610.7.4" VPOS="2094" WIDTH="1090">
            <String CONTENT="poseful" HEIGHT="44" HPOS="412" ID="ST_610.7.4.1" STYLEREFS="Style_4" VPOS="2094" WIDTH="134" WC="0.88" CC="0000000" TAGREFS=""/>
            <SP HPOS="546" ID="SP_610.7.4.2" VPOS="2105" WIDTH="26"/>
            <String CONTENT="or" HEIGHT="24" HPOS="572" ID="ST_610.7.4.3" STYLEREFS="Style_4" VPOS="2105" WIDTH="38" WC="0.93" CC="00" TAGREFS=""/>
            <SP HPOS="610" ID="SP_610.7.4.4" VPOS="2095" WIDTH="26"/>
            <String CONTENT="unwitting" HEIGHT="42" HPOS="636" ID="ST_610.7.4.5" STYLEREFS="Style_4" VPOS="2095" WIDTH="182" WC="0.86" CC="000000000" TAGREFS=""/>
            <SP HPOS="818" ID="SP_610.7.4.6" VPOS="2105" WIDTH="26"/>
            <String CONTENT="cues" HEIGHT="24" HPOS="844" ID="ST_610.7.4.7" STYLEREFS="Style_4" VPOS="2105" WIDTH="80" WC="0.93" CC="0000" TAGREFS=""/>
            <SP HPOS="924" ID="SP_610.7.4.8" VPOS="2095" WIDTH="26"/>
            <String CONTENT="given" HEIGHT="43" HPOS="950" ID="ST_610.7.4.9" STYLEREFS="Style_4" VPOS="2095" WIDTH="100" WC="1.00" CC="00000" TAGREFS=""/>
            <SP HPOS="1050" ID="SP_610.7.4.10" VPOS="2094" WIDTH="26"/>
            <String CONTENT="by" HEIGHT="44" HPOS="1076" ID="ST_610.7.4.11" STYLEREFS="Style_4" VPOS="2094" WIDTH="45" WC="0.89" CC="00" TAGREFS=""/>
            <SP HPOS="1121" ID="SP_610.7.4.12" VPOS="2094" WIDTH="26"/>
            <String CONTENT="the" HEIGHT="35" HPOS="1147" ID="ST_610.7.4.13" STYLEREFS="Style_4" VPOS="2094" WIDTH="59" WC="0.99" CC="000" TAGREFS=""/>
            <SP HPOS="1206" ID="SP_610.7.4.14" VPOS="2094" WIDTH="25"/>
            <String CONTENT="hypnotist," HEIGHT="44" HPOS="1231" ID="ST_610.7.4.15" STYLEREFS="Style_4" VPOS="2094" WIDTH="186" WC="0.98" CC="0000000000" TAGREFS=""/>
            <SP HPOS="1417" ID="SP_610.7.4.16" VPOS="2094" WIDTH="26"/>
            <String CONTENT="the" HEIGHT="34" HPOS="1443" ID="ST_610.7.4.17" STYLEREFS="Style_4" VPOS="2094" WIDTH="59" WC="1.00" CC="000" TAGREFS=""/>
          </TextLine>
          <TextLine HEIGHT="44" HPOS="413" ID="TL_610.7.5" VPOS="2143" WIDTH="1089">
            <String CONTENT="phenomenon" HEIGHT="43" HPOS="413" ID="ST_610.7.5.1" STYLEREFS="Style_4" VPOS="2144" WIDTH="239" WC="0.93" CC="0000000000" TAGREFS=""/>
            <SP HPOS="652" ID="SP_610.7.5.2" VPOS="2143" WIDTH="10"/>
            <String CONTENT="of" HEIGHT="35" HPOS="662" ID="ST_610.7.5.3" STYLEREFS="Style_4" VPOS="2143" WIDTH="40" WC="1.00" CC="00" TAGREFS=""/>
            <SP HPOS="702" ID="SP_610.7.5.4" VPOS="2144" WIDTH="6"/>
            <String CONTENT="confabulation," HEIGHT="41" HPOS="708" ID="ST_610.7.5.5" STYLEREFS="Style_4" VPOS="2144" WIDTH="273" WC="0.97" CC="00000000000000" TAGREFS=""/>
            <SP HPOS="981" ID="SP_610.7.5.6" VPOS="2144" WIDTH="11"/>
            <String CONTENT="and" HEIGHT="34" HPOS="992" ID="ST_610.7.5.7" STYLEREFS="Style_4" VPOS="2144" WIDTH="69" WC="1.00" CC="000" TAGREFS=""/>
            <SP HPOS="1061" ID="SP_610.7.5.8" VPOS="2144" WIDTH="10"/>
            <String CONTENT="the" HEIGHT="35" HPOS="1071" ID="ST_610.7.5.9" STYLEREFS="Style_4" VPOS="2144" WIDTH="59" WC="1.00" CC="000" TAGREFS=""/>
            <SP HPOS="1130" ID="SP_610.7.5.10" VPOS="2144" WIDTH="10"/>
            <String CONTENT="need" HEIGHT="34" HPOS="1140" ID="ST_610.7.5.11" STYLEREFS="Style_4" VPOS="2144" WIDTH="87" WC="1.00" CC="0000" TAGREFS=""/>
            <SP HPOS="1227" ID="SP_610.7.5.12" VPOS="2144" WIDTH="10"/>
            <String CONTENT="for" HEIGHT="34" HPOS="1237" ID="ST_610.7.5.13" STYLEREFS="Style_4" VPOS="2144" WIDTH="53" WC="1.00" CC="000" TAGREFS=""/>
            <SP HPOS="1290" ID="SP_610.7.5.14" VPOS="2144" WIDTH="10"/>
            <String CONTENT="the" HEIGHT="34" HPOS="1300" ID="ST_610.7.5.15" STYLEREFS="Style_4" VPOS="2144" WIDTH="59" WC="1.00" CC="000" TAGREFS=""/>
            <SP HPOS="1359" ID="SP_610.7.5.16" VPOS="2144" WIDTH="9"/>
            <String CONTENT="subject" HEIGHT="43" HPOS="1368" ID="ST_610.7.5.17" STYLEREFS="Style_4" VPOS="2144" WIDTH="134" WC="1.00" CC="0000000" TAGREFS=""/>
          </TextLine>
          <TextLine HEIGHT="43" HPOS="412" ID="TL_610.7.6" VPOS="2194" WIDTH="1090">
            <String CONTENT="to" HEIGHT="29" HPOS="412" ID="ST_610.7.6.1" STYLEREFS="Style_4" VPOS="2199" WIDTH="36" WC="1.00" CC="00" TAGREFS=""/>
            <SP HPOS="448" ID="SP_610.7.6.2" VPOS="2194" WIDTH="17"/>
            <String CONTENT="achieve" HEIGHT="34" HPOS="465" ID="ST_610.7.6.3" STYLEREFS="Style_4" VPOS="2194" WIDTH="141" WC="0.96" CC="0000000" TAGREFS=""/>
            <SP HPOS="606" ID="SP_610.7.6.4" VPOS="2205" WIDTH="16"/>
            <String CONTENT="some" HEIGHT="23" HPOS="622" ID="ST_610.7.6.5" STYLEREFS="Style_4" VPOS="2205" WIDTH="96" WC="1.00" CC="0000" TAGREFS=""/>
            <SP HPOS="718" ID="SP_610.7.6.6" VPOS="2205" WIDTH="16"/>
            <String CONTENT="sense" HEIGHT="23" HPOS="734" ID="ST_610.7.6.7" STYLEREFS="Style_4" VPOS="2205" WIDTH="98" WC="0.91" CC="00000" TAGREFS=""/>
            <SP HPOS="832" ID="SP_610.7.6.8" VPOS="2194" WIDTH="16"/>
            <String CONTENT="of" HEIGHT="34" HPOS="848" ID="ST_610.7.6.9" STYLEREFS="Style_4" VPOS="2194" WIDTH="40" WC="1.00" CC="00" TAGREFS=""/>
            <SP HPOS="888" ID="SP_610.7.6.10" VPOS="2194" WIDTH="13"/>
            <String CONTENT="certainty" HEIGHT="43" HPOS="901" ID="ST_610.7.6.11" STYLEREFS="Style_4" VPOS="2194" WIDTH="171" WC="0.93" CC="000000000" TAGREFS=""/>
            <SP HPOS="1072" ID="SP_610.7.6.12" VPOS="2194" WIDTH="16"/>
            <String CONTENT="within" HEIGHT="34" HPOS="1088" ID="ST_610.7.6.13" STYLEREFS="Style_4" VPOS="2194" WIDTH="120" WC="0.90" CC="000000" TAGREFS=""/>
            <SP HPOS="1208" ID="SP_610.7.6.14" VPOS="2194" WIDTH="16"/>
            <String CONTENT="his" HEIGHT="34" HPOS="1224" ID="ST_610.7.6.15" STYLEREFS="Style_4" VPOS="2194" WIDTH="53" WC="0.91" CC="000" TAGREFS=""/>
            <SP HPOS="1277" ID="SP_610.7.6.16" VPOS="2204" WIDTH="17"/>
            <String CONTENT="or" HEIGHT="24" HPOS="1294" ID="ST_610.7.6.17" STYLEREFS="Style_4" VPOS="2204" WIDTH="38" WC="1.00" CC="00" TAGREFS=""/>
            <SP HPOS="1332" ID="SP_610.7.6.18" VPOS="2194" WIDTH="17"/>
            <String CONTENT="her" HEIGHT="34" HPOS="1349" ID="ST_610.7.6.19" STYLEREFS="Style_4" VPOS="2194" WIDTH="61" WC="1.00" CC="000" TAGREFS=""/>
            <SP HPOS="1410" ID="SP_610.7.6.20" VPOS="2204" WIDTH="16"/>
            <String CONTENT="own" HEIGHT="24" HPOS="1426" ID="ST_610.7.6.21" STYLEREFS="Style_4" VPOS="2204" WIDTH="76" WC="0.78" CC="000" TAGREFS=""/>
          </TextLine>
          <TextLine HEIGHT="45" HPOS="413" ID="TL_610.7.7" VPOS="2243" WIDTH="1089">
            <String CONTENT="mind." HEIGHT="35" HPOS="413" ID="ST_610.7.7.1" STYLEREFS="Style_4" VPOS="2243" WIDTH="105" WC="0.92" CC="00000" TAGREFS=""/>
            <SP HPOS="518" ID="SP_610.7.7.2" VPOS="2244" WIDTH="24"/>
            <String CONTENT="The" HEIGHT="34" HPOS="542" ID="ST_610.7.7.3" STYLEREFS="Style_4" VPOS="2244" WIDTH="75" WC="0.84" CC="000" TAGREFS=""/>
            <SP HPOS="617" ID="SP_610.7.7.4" VPOS="2243" WIDTH="22"/>
            <String CONTENT="basic" HEIGHT="35" HPOS="639" ID="ST_610.7.7.5" STYLEREFS="Style_4" VPOS="2243" WIDTH="96" WC="0.91" CC="00000" TAGREFS=""/>
            <SP HPOS="735" ID="SP_610.7.7.6" VPOS="2244" WIDTH="21"/>
            <String CONTENT="problem" HEIGHT="44" HPOS="756" ID="ST_610.7.7.7" STYLEREFS="Style_4" VPOS="2244" WIDTH="156" WC="0.95" CC="0000000" TAGREFS=""/>
            <SP HPOS="912" ID="SP_610.7.7.8" VPOS="2244" WIDTH="23"/>
            <String CONTENT="is" HEIGHT="34" HPOS="935" ID="ST_610.7.7.9" STYLEREFS="Style_4" VPOS="2244" WIDTH="27" WC="1.00" CC="00" TAGREFS=""/>
            <SP HPOS="962" ID="SP_610.7.7.10" VPOS="2244" WIDTH="23"/>
            <String CONTENT="that" HEIGHT="34" HPOS="985" ID="ST_610.7.7.11" STYLEREFS="Style_4" VPOS="2244" WIDTH="77" WC="0.92" CC="0000" TAGREFS=""/>
            <SP HPOS="1062" ID="SP_610.7.7.12" VPOS="2243" WIDTH="22"/>
            <String CONTENT="if" HEIGHT="35" HPOS="1084" ID="ST_610.7.7.13" STYLEREFS="Style_4" VPOS="2243" WIDTH="30" WC="1.00" CC="00" TAGREFS=""/>
            <SP HPOS="1114" ID="SP_610.7.7.14" VPOS="2255" WIDTH="19"/>
            <String CONTENT="a" HEIGHT="23" HPOS="1133" ID="ST_610.7.7.15" STYLEREFS="Style_4" VPOS="2255" WIDTH="20" WC="1.00" CC="0" TAGREFS=""/>
            <SP HPOS="1153" ID="SP_610.7.7.16" VPOS="2244" WIDTH="22"/>
            <String CONTENT="witness" HEIGHT="34" HPOS="1175" ID="ST_610.7.7.17" STYLEREFS="Style_4" VPOS="2244" WIDTH="138" WC="0.95" CC="0000000" TAGREFS=""/>
            <SP HPOS="1313" ID="SP_610.7.7.18" VPOS="2243" WIDTH="23"/>
            <String CONTENT="sincerely" HEIGHT="44" HPOS="1336" ID="ST_610.7.7.19" STYLEREFS="Style_4" VPOS="2243" WIDTH="166" WC="0.89" CC="000000000" TAGREFS=""/>
          </TextLine>
          <TextLine HEIGHT="43" HPOS="413" ID="TL_610.7.8" VPOS="2293" WIDTH="1089">
            <String CONTENT="believes" HEIGHT="35" HPOS="413" ID="ST_610.7.8.1" STYLEREFS="Style_4" VPOS="2293" WIDTH="146" WC="0.97" CC="00000000" TAGREFS=""/>
            <SP HPOS="559" ID="SP_610.7.8.2" VPOS="2294" WIDTH="18"/>
            <String CONTENT="that" HEIGHT="34" HPOS="577" ID="ST_610.7.8.3" STYLEREFS="Style_4" VPOS="2294" WIDTH="76" WC="0.93" CC="0000" TAGREFS=""/>
            <SP HPOS="653" ID="SP_610.7.8.4" VPOS="2293" WIDTH="17"/>
            <String CONTENT="what" HEIGHT="35" HPOS="670" ID="ST_610.7.8.5" STYLEREFS="Style_4" VPOS="2293" WIDTH="94" WC="1.00" CC="0000" TAGREFS=""/>
            <SP HPOS="764" ID="SP_610.7.8.6" VPOS="2293" WIDTH="17"/>
            <String CONTENT="he" HEIGHT="35" HPOS="781" ID="ST_610.7.8.7" STYLEREFS="Style_4" VPOS="2293" WIDTH="44" WC="0.92" CC="00" TAGREFS=""/>
            <SP HPOS="825" ID="SP_610.7.8.8" VPOS="2304" WIDTH="16"/>
            <String CONTENT="or" HEIGHT="24" HPOS="841" ID="ST_610.7.8.9" STYLEREFS="Style_4" VPOS="2304" WIDTH="38" WC="1.00" CC="00" TAGREFS=""/>
            <SP HPOS="879" ID="SP_610.7.8.10" VPOS="2294" WIDTH="18"/>
            <String CONTENT="she" HEIGHT="34" HPOS="897" ID="ST_610.7.8.11" STYLEREFS="Style_4" VPOS="2294" WIDTH="61" WC="0.84" CC="000" TAGREFS=""/>
            <SP HPOS="958" ID="SP_610.7.8.12" VPOS="2293" WIDTH="17"/>
            <String CONTENT="is" HEIGHT="34" HPOS="975" ID="ST_610.7.8.13" STYLEREFS="Style_4" VPOS="2293" WIDTH="28" WC="0.91" CC="00" TAGREFS=""/>
            <SP HPOS="1003" ID="SP_610.7.8.14" VPOS="2294" WIDTH="18"/>
            <String CONTENT="relating" HEIGHT="42" HPOS="1021" ID="ST_610.7.8.15" STYLEREFS="Style_4" VPOS="2294" WIDTH="147" WC="0.94" CC="00000000" TAGREFS=""/>
            <SP HPOS="1168" ID="SP_610.7.8.16" VPOS="2294" WIDTH="18"/>
            <String CONTENT="is" HEIGHT="34" HPOS="1186" ID="ST_610.7.8.17" STYLEREFS="Style_4" VPOS="2294" WIDTH="27" WC="1.00" CC="00" TAGREFS=""/>
            <SP HPOS="1213" ID="SP_610.7.8.18" VPOS="2293" WIDTH="18"/>
            <String CONTENT="the" HEIGHT="35" HPOS="1231" ID="ST_610.7.8.19" STYLEREFS="Style_4" VPOS="2293" WIDTH="60" WC="0.83" CC="000" TAGREFS=""/>
            <SP HPOS="1291" ID="SP_610.7.8.20" VPOS="2293" WIDTH="17"/>
            <String CONTENT="truth" HEIGHT="35" HPOS="1308" ID="ST_610.7.8.21" STYLEREFS="Style_4" VPOS="2293" WIDTH="95" WC="0.92" CC="00000" TAGREFS=""/>
            <SP HPOS="1403" ID="SP_610.7.8.22" VPOS="2293" WIDTH="17"/>
            <String CONTENT="they" HEIGHT="43" HPOS="1420" ID="ST_610.7.8.23" STYLEREFS="Style_4" VPOS="2293" WIDTH="82" WC="1.00" CC="0000" TAGREFS=""/>
          </TextLine>
          <TextLine HEIGHT="35" HPOS="412" ID="TL_610.7.9" VPOS="2343" WIDTH="1090">
            <String CONTENT="become" HEIGHT="34" HPOS="412" ID="ST_610.7.9.1" STYLEREFS="Style_4" VPOS="2343" WIDTH="143" WC="1.00" CC="000000" TAGREFS=""/>
            <SP HPOS="555" ID="SP_610.7.9.2" VPOS="2343" WIDTH="24"/>
            <String CONTENT="resistant" HEIGHT="34" HPOS="579" ID="ST_610.7.9.3" STYLEREFS="Style_4" VPOS="2343" WIDTH="161" WC="1.00" CC="000000000" TAGREFS=""/>
            <SP HPOS="740" ID="SP_610.7.9.4" VPOS="2348" WIDTH="25"/>
            <String CONTENT="to" HEIGHT="30" HPOS="765" ID="ST_610.7.9.5" STYLEREFS="Style_4" VPOS="2348" WIDTH="36" WC="1.00" CC="00" TAGREFS=""/>
            <SP HPOS="801" ID="SP_610.7.9.6" VPOS="2343" WIDTH="23"/>
            <String CONTENT="cross-examination" HEIGHT="34" HPOS="824" ID="ST_610.7.9.7" STYLEREFS="Style_4" VPOS="2343" WIDTH="346" WC="0.99" CC="00000000000000000" TAGREFS=""/>
            <SP HPOS="1170" ID="SP_610.7.9.8" VPOS="2343" WIDTH="25"/>
            <String CONTENT="and" HEIGHT="34" HPOS="1195" ID="ST_610.7.9.9" STYLEREFS="Style_4" VPOS="2343" WIDTH="68" WC="0.85" CC="000" TAGREFS=""/>
            <SP HPOS="1263" ID="SP_610.7.9.10" VPOS="2343" WIDTH="25"/>
            <String CONTENT="immune" HEIGHT="34" HPOS="1288" ID="ST_610.7.9.11" STYLEREFS="Style_4" VPOS="2343" WIDTH="155" WC="0.98" CC="000000" TAGREFS=""/>
            <SP HPOS="1443" ID="SP_610.7.9.12" VPOS="2348" WIDTH="23"/>
            <String CONTENT="to" HEIGHT="29" HPOS="1466" ID="ST_610.7.9.13" STYLEREFS="Style_4" VPOS="2348" WIDTH="36" WC="1.00" CC="00" TAGREFS=""/>
          </TextLine>
          <TextLine HEIGHT="44" HPOS="412" ID="TL_610.7.10" VPOS="2392" WIDTH="1088">
            <String CONTENT="effective" HEIGHT="35" HPOS="412" ID="ST_610.7.10.1" STYLEREFS="Style_4" VPOS="2392" WIDTH="158" WC="1.00" CC="000000000" TAGREFS=""/>
            <SP HPOS="570" ID="SP_610.7.10.2" VPOS="2393" WIDTH="19"/>
            <String CONTENT="impeachment" HEIGHT="43" HPOS="589" ID="ST_610.7.10.3" STYLEREFS="Style_4" VPOS="2393" WIDTH="258" WC="0.92" CC="00000000000" TAGREFS=""/>
            <SP HPOS="847" ID="SP_610.7.10.4" VPOS="2398" WIDTH="18"/>
            <String CONTENT="to" HEIGHT="29" HPOS="865" ID="ST_610.7.10.5" STYLEREFS="Style_4" VPOS="2398" WIDTH="36" WC="0.93" CC="00" TAGREFS=""/>
            <SP HPOS="901" ID="SP_610.7.10.6" VPOS="2393" WIDTH="19"/>
            <String CONTENT="ascertain" HEIGHT="34" HPOS="920" ID="ST_610.7.10.7" STYLEREFS="Style_4" VPOS="2393" WIDTH="172" WC="0.95" CC="000000000" TAGREFS=""/>
            <SP HPOS="1092" ID="SP_610.7.10.8" VPOS="2393" WIDTH="19"/>
            <String CONTENT="the" HEIGHT="34" HPOS="1111" ID="ST_610.7.10.9" STYLEREFS="Style_4" VPOS="2393" WIDTH="59" WC="0.94" CC="000" TAGREFS=""/>
            <SP HPOS="1170" ID="SP_610.7.10.10" VPOS="2393" WIDTH="18"/>
            <String CONTENT="truth." HEIGHT="34" HPOS="1188" ID="ST_610.7.10.11" STYLEREFS="Style_4" VPOS="2393" WIDTH="107" WC="0.95" CC="000000" TAGREFS=""/>
            <SP HPOS="1295" ID="SP_610.7.10.12" VPOS="2392" WIDTH="22"/>
            <String CONTENT="Collins" HEIGHT="35" HPOS="1317" ID="ST_610.7.10.13" STYLEREFS="Style_5" VPOS="2392" WIDTH="136" WC="0.88" CC="0000000" TAGREFS=""/>
            <SP HPOS="1453" ID="SP_610.7.10.14" VPOS="2403" WIDTH="17"/>
            <String CONTENT="v." HEIGHT="23" HPOS="1470" ID="ST_610.7.10.15" STYLEREFS="Style_4" VPOS="2403" WIDTH="30" WC="1.00" CC="00" TAGREFS=""/>
          </TextLine>
        </TextBlock>
      </PrintSpace>
    </Page>
  </Layout>
</alto>
