<?xml version='1.0' encoding='utf-8'?>
<alto xmlns="http://www.loc.gov/standards/alto/ns-v3#">
  <!--Created by Innodata R.E.D. RLI tool: 2017-04-25 06:27:30.870030-->
  <Description>
    <MeasurementUnit>pixel</MeasurementUnit>
    <sourceImageInformation>
      <fileName>32044078577194_00217_1.tif</fileName>
    </sourceImageInformation>
    <OCRProcessing ID="OP_1">
      <ocrProcessingStep>
        <processingStepDescription>Alto coordinates refer to the deskewed TIFF file. 
		To convert point (x, y) to original image (TIFF or JP2) apply transformation matrix T=(m00, m01, m10, m11, b0, b1) using the rule:
			T * (x,y) = (m00 * x + m01 * y + b0), (m10 * x + m11 * y + b1)</processingStepDescription>
        <processingStepSettings>RED.transform=(1.0, -0.0, 0.0, 1.0, 0.0, -0.0)</processingStepSettings>
      </ocrProcessingStep>
    </OCRProcessing>
  </Description>
  <Styles>
    <TextStyle FONTFAMILY="Times New Roman" FONTSIZE="10.50" FONTSTYLE="bold smallcaps" FONTTYPE="serif" FONTWIDTH="proportional" ID="Style_2"/>
    <TextStyle FONTFAMILY="Times New Roman" FONTSIZE="11.00" FONTTYPE="serif" FONTWIDTH="proportional" ID="Style_3"/>
    <TextStyle FONTFAMILY="Times New Roman" FONTSIZE="11.00" FONTSTYLE="italics" FONTTYPE="serif" FONTWIDTH="proportional" ID="Style_4"/>
  </Styles>
  <Tags>
    <StructureTag ID="b434-1" LABEL="pagelabel"/>
    <StructureTag ID="b434-6" LABEL="attorneys"/>
    <StructureTag ID="b434-7" LABEL="attorneys"/>
    <StructureTag ID="b434-8" LABEL="author"/>
    <StructureTag ID="Ayke" LABEL="p"/>
    <StructureTag ID="b434-9" LABEL="p"/>
    <StructureTag ID="b434-10" LABEL="p"/>
    <StructureTag ID="b434-11" LABEL="p"/>
  </Tags>
  <Layout>
    <Page HEIGHT="2680" ID="PG_434" PHYSICAL_IMG_NR="434" WIDTH="1648">
      <PrintSpace HEIGHT="2680" HPOS="0" ID="PS_434" VPOS="0" WIDTH="1648">
        <TextBlock HEIGHT="33.0" HPOS="300.0" ID="BL_434.1" TAGREFS="b434-1" VPOS="253.0" WIDTH="69.0">
          <TextLine HEIGHT="33" HPOS="300" ID="TL_434.1.1" VPOS="253" WIDTH="69">
            <String CONTENT="400" HEIGHT="33" HPOS="300" ID="ST_434.1.1.1" STYLEREFS="Style_3" VPOS="253" WIDTH="69" WC="0.90" CC="000" TAGREFS=""/>
          </TextLine>
        </TextBlock>
        <TextBlock HEIGHT="97.0" HPOS="301.0" ID="BL_434.4" TAGREFS="b434-6" VPOS="464.0" WIDTH="1212.0">
          <TextLine HEIGHT="46" HPOS="393" ID="TL_434.4.1" VPOS="464" WIDTH="1120">
            <String CONTENT="Gary" HEIGHT="42" HPOS="393" ID="ST_434.4.1.1" STYLEREFS="Style_4" VPOS="468" WIDTH="94" WC="0.95" CC="0000" TAGREFS=""/>
            <SP HPOS="487" ID="SP_434.4.1.2" VPOS="467" WIDTH="9"/>
            <String CONTENT="Eubanks" HEIGHT="34" HPOS="496" ID="ST_434.4.1.3" STYLEREFS="Style_4" VPOS="467" WIDTH="171" WC="0.96" CC="0000000" TAGREFS=""/>
            <SP HPOS="667" ID="SP_434.4.1.4" VPOS="468" WIDTH="12"/>
            <String CONTENT="&amp;" HEIGHT="33" HPOS="679" ID="ST_434.4.1.5" STYLEREFS="Style_4" VPOS="468" WIDTH="31" WC="1.00" CC="0" TAGREFS=""/>
            <SP HPOS="710" ID="SP_434.4.1.6" VPOS="468" WIDTH="10"/>
            <String CONTENT="Associates," HEIGHT="38" HPOS="720" ID="ST_434.4.1.7" STYLEREFS="Style_4" VPOS="468" WIDTH="215" WC="0.86" CC="00000000000" TAGREFS=""/>
            <SP HPOS="935" ID="SP_434.4.1.8" VPOS="466" WIDTH="10"/>
            <String CONTENT="by:" HEIGHT="43" HPOS="945" ID="ST_434.4.1.9" STYLEREFS="Style_3" VPOS="466" WIDTH="55" WC="1.00" CC="000" TAGREFS=""/>
            <SP HPOS="1000" ID="SP_434.4.1.10" VPOS="467" WIDTH="11"/>
            <String CONTENT="James" HEIGHT="33" HPOS="1011" ID="ST_434.4.1.11" STYLEREFS="Style_4" VPOS="467" WIDTH="122" WC="0.97" CC="00000" TAGREFS=""/>
            <SP HPOS="1133" ID="SP_434.4.1.12" VPOS="464" WIDTH="10"/>
            <String CONTENT="Gerard" HEIGHT="35" HPOS="1143" ID="ST_434.4.1.13" STYLEREFS="Style_4" VPOS="464" WIDTH="137" WC="1.00" CC="000000" TAGREFS=""/>
            <SP HPOS="1280" ID="SP_434.4.1.14" VPOS="464" WIDTH="6"/>
            <String CONTENT="Schulze," HEIGHT="41" HPOS="1286" ID="ST_434.4.1.15" STYLEREFS="Style_4" VPOS="464" WIDTH="163" WC="0.98" CC="00000000" TAGREFS=""/>
            <SP HPOS="1449" ID="SP_434.4.1.16" VPOS="464" WIDTH="11"/>
            <String CONTENT="for" HEIGHT="34" HPOS="1460" ID="ST_434.4.1.17" STYLEREFS="Style_3" VPOS="464" WIDTH="53" WC="0.84" CC="000" TAGREFS=""/>
          </TextLine>
          <TextLine HEIGHT="44" HPOS="301" ID="TL_434.4.2" VPOS="517" WIDTH="186">
            <String CONTENT="appellant." HEIGHT="44" HPOS="301" ID="ST_434.4.2.1" STYLEREFS="Style_3" VPOS="517" WIDTH="186" WC="0.90" CC="0000000000" TAGREFS=""/>
          </TextLine>
        </TextBlock>
        <TextBlock HEIGHT="45.0" HPOS="392.0" ID="BL_434.5" TAGREFS="b434-7" VPOS="592.0" WIDTH="550.0">
          <TextLine HEIGHT="45" HPOS="392" ID="TL_434.5.1" VPOS="592" WIDTH="550">
            <String CONTENT="David" HEIGHT="35" HPOS="392" ID="ST_434.5.1.1" STYLEREFS="Style_4" VPOS="593" WIDTH="116" WC="0.91" CC="00000" TAGREFS=""/>
            <SP HPOS="508" ID="SP_434.5.1.2" VPOS="592" WIDTH="18"/>
            <String CONTENT="Hodges," HEIGHT="45" HPOS="526" ID="ST_434.5.1.3" STYLEREFS="Style_4" VPOS="592" WIDTH="156" WC="0.87" CC="0000000" TAGREFS=""/>
            <SP HPOS="682" ID="SP_434.5.1.4" VPOS="592" WIDTH="21"/>
            <String CONTENT="for" HEIGHT="35" HPOS="703" ID="ST_434.5.1.5" STYLEREFS="Style_3" VPOS="592" WIDTH="54" WC="1.00" CC="000" TAGREFS=""/>
            <SP HPOS="757" ID="SP_434.5.1.6" VPOS="592" WIDTH="20"/>
            <String CONTENT="appellee." HEIGHT="45" HPOS="777" ID="ST_434.5.1.7" STYLEREFS="Style_3" VPOS="592" WIDTH="165" WC="1.00" CC="000000000" TAGREFS=""/>
          </TextLine>
        </TextBlock>
        <TextBlock HEIGHT="41.0" HPOS="393.0" ID="BL_434.6" TAGREFS="b434-8" VPOS="669.0" WIDTH="582.0">
          <TextLine HEIGHT="41" HPOS="393" ID="TL_434.6.1" VPOS="669" WIDTH="582">
            <String CONTENT="David" HEIGHT="37" HPOS="393" ID="ST_434.6.1.1" STYLEREFS="Style_2" VPOS="671" WIDTH="125" WC="0.76" CC="00000" TAGREFS=""/>
            <SP HPOS="518" ID="SP_434.6.1.2" VPOS="670" WIDTH="53"/>
            <String CONTENT="Newbern," HEIGHT="40" HPOS="571" ID="ST_434.6.1.3" STYLEREFS="Style_2" VPOS="670" WIDTH="208" WC="0.97" CC="00000000" TAGREFS=""/>
            <SP HPOS="779" ID="SP_434.6.1.4" VPOS="669" WIDTH="55"/>
            <String CONTENT="Justice." HEIGHT="34" HPOS="834" ID="ST_434.6.1.5" STYLEREFS="Style_3" VPOS="669" WIDTH="141" WC="0.98" CC="00000000" TAGREFS=""/>
          </TextLine>
        </TextBlock>
        <TextBlock HEIGHT="44.0" HPOS="1029.0" ID="BL_434.7" TAGREFS="Ayke" VPOS="668.0" WIDTH="484.0">
          <TextLine HEIGHT="44" HPOS="1029" ID="TL_434.7.1" VPOS="668" WIDTH="484">
            <String CONTENT="The" HEIGHT="35" HPOS="1029" ID="ST_434.7.1.1" STYLEREFS="Style_3" VPOS="668" WIDTH="74" WC="0.84" CC="000" TAGREFS=""/>
            <SP HPOS="1103" ID="SP_434.7.1.2" VPOS="668" WIDTH="53"/>
            <String CONTENT="appellant," HEIGHT="44" HPOS="1156" ID="ST_434.7.1.3" STYLEREFS="Style_3" VPOS="668" WIDTH="187" WC="0.92" CC="0000000000" TAGREFS=""/>
            <SP HPOS="1343" ID="SP_434.7.1.4" VPOS="668" WIDTH="54"/>
            <String CONTENT="Karen" HEIGHT="34" HPOS="1397" ID="ST_434.7.1.5" STYLEREFS="Style_3" VPOS="668" WIDTH="116" WC="0.94" CC="00000" TAGREFS=""/>
          </TextLine>
        </TextBlock>
        <TextBlock HEIGHT="243.0" HPOS="301.0" ID="BL_434.8" TAGREFS="Ayke" VPOS="717.0" WIDTH="1213.0">
          <TextLine HEIGHT="45" HPOS="302" ID="TL_434.8.1" VPOS="717" WIDTH="1212">
            <String CONTENT="Carnathan," HEIGHT="40" HPOS="302" ID="ST_434.8.1.1" STYLEREFS="Style_3" VPOS="720" WIDTH="215" WC="0.94" CC="0000000000" TAGREFS=""/>
            <SP HPOS="517" ID="SP_434.8.1.2" VPOS="730" WIDTH="14"/>
            <String CONTENT="was" HEIGHT="24" HPOS="531" ID="ST_434.8.1.3" STYLEREFS="Style_3" VPOS="730" WIDTH="70" WC="0.90" CC="000" TAGREFS=""/>
            <SP HPOS="601" ID="SP_434.8.1.4" VPOS="719" WIDTH="13"/>
            <String CONTENT="injured" HEIGHT="43" HPOS="614" ID="ST_434.8.1.5" STYLEREFS="Style_3" VPOS="719" WIDTH="135" WC="0.98" CC="0000000" TAGREFS=""/>
            <SP HPOS="749" ID="SP_434.8.1.6" VPOS="719" WIDTH="14"/>
            <String CONTENT="in" HEIGHT="34" HPOS="763" ID="ST_434.8.1.7" STYLEREFS="Style_3" VPOS="719" WIDTH="33" WC="0.84" CC="00" TAGREFS=""/>
            <SP HPOS="796" ID="SP_434.8.1.8" VPOS="730" WIDTH="14"/>
            <String CONTENT="an" HEIGHT="23" HPOS="810" ID="ST_434.8.1.9" STYLEREFS="Style_3" VPOS="730" WIDTH="44" WC="0.86" CC="00" TAGREFS=""/>
            <SP HPOS="854" ID="SP_434.8.1.10" VPOS="718" WIDTH="14"/>
            <String CONTENT="automobile" HEIGHT="35" HPOS="868" ID="ST_434.8.1.11" STYLEREFS="Style_3" VPOS="718" WIDTH="212" WC="0.87" CC="0000000000" TAGREFS=""/>
            <SP HPOS="1080" ID="SP_434.8.1.12" VPOS="718" WIDTH="13"/>
            <String CONTENT="accident." HEIGHT="35" HPOS="1093" ID="ST_434.8.1.13" STYLEREFS="Style_3" VPOS="718" WIDTH="168" WC="0.95" CC="000000000" TAGREFS=""/>
            <SP HPOS="1261" ID="SP_434.8.1.14" VPOS="718" WIDTH="14"/>
            <String CONTENT="She" HEIGHT="34" HPOS="1275" ID="ST_434.8.1.15" STYLEREFS="Style_3" VPOS="718" WIDTH="72" WC="0.83" CC="000" TAGREFS=""/>
            <SP HPOS="1347" ID="SP_434.8.1.16" VPOS="717" WIDTH="12"/>
            <String CONTENT="sued" HEIGHT="37" HPOS="1359" ID="ST_434.8.1.17" STYLEREFS="Style_3" VPOS="717" WIDTH="83" WC="0.83" CC="0000" TAGREFS=""/>
            <SP HPOS="1442" ID="SP_434.8.1.18" VPOS="717" WIDTH="13"/>
            <String CONTENT="the" HEIGHT="34" HPOS="1455" ID="ST_434.8.1.19" STYLEREFS="Style_3" VPOS="717" WIDTH="59" WC="0.89" CC="000" TAGREFS=""/>
          </TextLine>
          <TextLine HEIGHT="43" HPOS="301" ID="TL_434.8.2" VPOS="767" WIDTH="1213">
            <String CONTENT="driver" HEIGHT="34" HPOS="301" ID="ST_434.8.2.1" STYLEREFS="Style_3" VPOS="770" WIDTH="112" WC="0.96" CC="000000" TAGREFS=""/>
            <SP HPOS="413" ID="SP_434.8.2.2" VPOS="769" WIDTH="11"/>
            <String CONTENT="of" HEIGHT="34" HPOS="424" ID="ST_434.8.2.3" STYLEREFS="Style_3" VPOS="769" WIDTH="39" WC="1.00" CC="00" TAGREFS=""/>
            <SP HPOS="463" ID="SP_434.8.2.4" VPOS="769" WIDTH="8"/>
            <String CONTENT="the" HEIGHT="34" HPOS="471" ID="ST_434.8.2.5" STYLEREFS="Style_3" VPOS="769" WIDTH="59" WC="1.00" CC="000" TAGREFS=""/>
            <SP HPOS="530" ID="SP_434.8.2.6" VPOS="769" WIDTH="10"/>
            <String CONTENT="other" HEIGHT="34" HPOS="540" ID="ST_434.8.2.7" STYLEREFS="Style_3" VPOS="769" WIDTH="98" WC="0.89" CC="00000" TAGREFS=""/>
            <SP HPOS="638" ID="SP_434.8.2.8" VPOS="769" WIDTH="11"/>
            <String CONTENT="vehicle" HEIGHT="34" HPOS="649" ID="ST_434.8.2.9" STYLEREFS="Style_3" VPOS="769" WIDTH="132" WC="0.90" CC="0000000" TAGREFS=""/>
            <SP HPOS="781" ID="SP_434.8.2.10" VPOS="768" WIDTH="11"/>
            <String CONTENT="involved" HEIGHT="35" HPOS="792" ID="ST_434.8.2.11" STYLEREFS="Style_3" VPOS="768" WIDTH="155" WC="0.90" CC="00000000" TAGREFS=""/>
            <SP HPOS="947" ID="SP_434.8.2.12" VPOS="768" WIDTH="11"/>
            <String CONTENT="in" HEIGHT="34" HPOS="958" ID="ST_434.8.2.13" STYLEREFS="Style_3" VPOS="768" WIDTH="35" WC="0.89" CC="00" TAGREFS=""/>
            <SP HPOS="993" ID="SP_434.8.2.14" VPOS="768" WIDTH="11"/>
            <String CONTENT="the" HEIGHT="34" HPOS="1004" ID="ST_434.8.2.15" STYLEREFS="Style_3" VPOS="768" WIDTH="60" WC="0.97" CC="000" TAGREFS=""/>
            <SP HPOS="1064" ID="SP_434.8.2.16" VPOS="767" WIDTH="10"/>
            <String CONTENT="collision" HEIGHT="35" HPOS="1074" ID="ST_434.8.2.17" STYLEREFS="Style_3" VPOS="767" WIDTH="154" WC="0.93" CC="000000000" TAGREFS=""/>
            <SP HPOS="1228" ID="SP_434.8.2.18" VPOS="767" WIDTH="11"/>
            <String CONTENT="and" HEIGHT="34" HPOS="1239" ID="ST_434.8.2.19" STYLEREFS="Style_3" VPOS="767" WIDTH="69" WC="0.90" CC="000" TAGREFS=""/>
            <SP HPOS="1308" ID="SP_434.8.2.20" VPOS="767" WIDTH="11"/>
            <String CONTENT="ultimately" HEIGHT="43" HPOS="1319" ID="ST_434.8.2.21" STYLEREFS="Style_3" VPOS="767" WIDTH="195" WC="0.96" CC="0000000000" TAGREFS=""/>
          </TextLine>
          <TextLine HEIGHT="44" HPOS="301" ID="TL_434.8.3" VPOS="816" WIDTH="1212">
            <String CONTENT="settled" HEIGHT="35" HPOS="301" ID="ST_434.8.3.1" STYLEREFS="Style_3" VPOS="818" WIDTH="124" WC="1.00" CC="0000000" TAGREFS=""/>
            <SP HPOS="425" ID="SP_434.8.3.2" VPOS="818" WIDTH="27"/>
            <String CONTENT="for" HEIGHT="34" HPOS="452" ID="ST_434.8.3.3" STYLEREFS="Style_3" VPOS="818" WIDTH="54" WC="1.00" CC="000" TAGREFS=""/>
            <SP HPOS="506" ID="SP_434.8.3.4" VPOS="819" WIDTH="28"/>
            <String CONTENT="$25,000." HEIGHT="39" HPOS="534" ID="ST_434.8.3.5" STYLEREFS="Style_3" VPOS="819" WIDTH="161" WC="0.90" CC="00000000" TAGREFS=""/>
            <SP HPOS="695" ID="SP_434.8.3.6" VPOS="818" WIDTH="29"/>
            <String CONTENT="Ms." HEIGHT="33" HPOS="724" ID="ST_434.8.3.7" STYLEREFS="Style_3" VPOS="818" WIDTH="69" WC="0.92" CC="000" TAGREFS=""/>
            <SP HPOS="793" ID="SP_434.8.3.8" VPOS="817" WIDTH="30"/>
            <String CONTENT="Carnathan" HEIGHT="34" HPOS="823" ID="ST_434.8.3.9" STYLEREFS="Style_3" VPOS="817" WIDTH="204" WC="0.95" CC="000000000" TAGREFS=""/>
            <SP HPOS="1027" ID="SP_434.8.3.10" VPOS="828" WIDTH="27"/>
            <String CONTENT="was" HEIGHT="23" HPOS="1054" ID="ST_434.8.3.11" STYLEREFS="Style_3" VPOS="828" WIDTH="70" WC="0.92" CC="000" TAGREFS=""/>
            <SP HPOS="1124" ID="SP_434.8.3.12" VPOS="816" WIDTH="27"/>
            <String CONTENT="represented" HEIGHT="44" HPOS="1151" ID="ST_434.8.3.13" STYLEREFS="Style_3" VPOS="816" WIDTH="220" WC="0.96" CC="00000000000" TAGREFS=""/>
            <SP HPOS="1371" ID="SP_434.8.3.14" VPOS="816" WIDTH="27"/>
            <String CONTENT="by" HEIGHT="43" HPOS="1398" ID="ST_434.8.3.15" STYLEREFS="Style_3" VPOS="816" WIDTH="45" WC="0.95" CC="00" TAGREFS=""/>
            <SP HPOS="1443" ID="SP_434.8.3.16" VPOS="827" WIDTH="26"/>
            <String CONTENT="an" HEIGHT="23" HPOS="1469" ID="ST_434.8.3.17" STYLEREFS="Style_3" VPOS="827" WIDTH="44" WC="0.71" CC="00" TAGREFS=""/>
          </TextLine>
          <TextLine HEIGHT="46" HPOS="302" ID="TL_434.8.4" VPOS="865" WIDTH="1212">
            <String CONTENT="attorney" HEIGHT="38" HPOS="302" ID="ST_434.8.4.1" STYLEREFS="Style_3" VPOS="873" WIDTH="158" WC="1.00" CC="00000000" TAGREFS=""/>
            <SP HPOS="460" ID="SP_434.8.4.2" VPOS="872" WIDTH="14"/>
            <String CONTENT="to" HEIGHT="29" HPOS="474" ID="ST_434.8.4.3" STYLEREFS="Style_3" VPOS="872" WIDTH="36" WC="1.00" CC="00" TAGREFS=""/>
            <SP HPOS="510" ID="SP_434.8.4.4" VPOS="867" WIDTH="13"/>
            <String CONTENT="whom" HEIGHT="36" HPOS="523" ID="ST_434.8.4.5" STYLEREFS="Style_3" VPOS="867" WIDTH="114" WC="0.84" CC="0000" TAGREFS=""/>
            <SP HPOS="637" ID="SP_434.8.4.6" VPOS="867" WIDTH="14"/>
            <String CONTENT="she" HEIGHT="34" HPOS="651" ID="ST_434.8.4.7" STYLEREFS="Style_3" VPOS="867" WIDTH="61" WC="1.00" CC="000" TAGREFS=""/>
            <SP HPOS="712" ID="SP_434.8.4.8" VPOS="866" WIDTH="13"/>
            <String CONTENT="paid" HEIGHT="44" HPOS="725" ID="ST_434.8.4.9" STYLEREFS="Style_3" VPOS="866" WIDTH="81" WC="1.00" CC="0000" TAGREFS=""/>
            <SP HPOS="806" ID="SP_434.8.4.10" VPOS="878" WIDTH="15"/>
            <String CONTENT="a" HEIGHT="23" HPOS="821" ID="ST_434.8.4.11" STYLEREFS="Style_3" VPOS="878" WIDTH="20" WC="1.00" CC="0" TAGREFS=""/>
            <SP HPOS="841" ID="SP_434.8.4.12" VPOS="866" WIDTH="14"/>
            <String CONTENT="contingency" HEIGHT="43" HPOS="855" ID="ST_434.8.4.13" STYLEREFS="Style_3" VPOS="866" WIDTH="228" WC="1.00" CC="00000000000" TAGREFS=""/>
            <SP HPOS="1083" ID="SP_434.8.4.14" VPOS="866" WIDTH="14"/>
            <String CONTENT="fee" HEIGHT="34" HPOS="1097" ID="ST_434.8.4.15" STYLEREFS="Style_3" VPOS="866" WIDTH="56" WC="1.00" CC="000" TAGREFS=""/>
            <SP HPOS="1153" ID="SP_434.8.4.16" VPOS="866" WIDTH="13"/>
            <String CONTENT="of" HEIGHT="34" HPOS="1166" ID="ST_434.8.4.17" STYLEREFS="Style_3" VPOS="866" WIDTH="39" WC="1.00" CC="00" TAGREFS=""/>
            <SP HPOS="1205" ID="SP_434.8.4.18" VPOS="865" WIDTH="10"/>
            <String CONTENT="one-third" HEIGHT="35" HPOS="1215" ID="ST_434.8.4.19" STYLEREFS="Style_3" VPOS="865" WIDTH="175" WC="0.97" CC="000000000" TAGREFS=""/>
            <SP HPOS="1390" ID="SP_434.8.4.20" VPOS="865" WIDTH="14"/>
            <String CONTENT="of" HEIGHT="34" HPOS="1404" ID="ST_434.8.4.21" STYLEREFS="Style_3" VPOS="865" WIDTH="39" WC="1.00" CC="00" TAGREFS=""/>
            <SP HPOS="1443" ID="SP_434.8.4.22" VPOS="865" WIDTH="11"/>
            <String CONTENT="her" HEIGHT="34" HPOS="1454" ID="ST_434.8.4.23" STYLEREFS="Style_3" VPOS="865" WIDTH="60" WC="0.94" CC="000" TAGREFS=""/>
          </TextLine>
          <TextLine HEIGHT="32" HPOS="302" ID="TL_434.8.5" VPOS="928" WIDTH="170">
            <String CONTENT="recovery." HEIGHT="32" HPOS="302" ID="ST_434.8.5.1" STYLEREFS="Style_3" VPOS="928" WIDTH="170" WC="1.00" CC="000000000" TAGREFS=""/>
          </TextLine>
        </TextBlock>
        <TextBlock HEIGHT="391.0" HPOS="301.0" ID="BL_434.9" TAGREFS="b434-9" VPOS="990.0" WIDTH="1214.0">
          <TextLine HEIGHT="45" HPOS="393" ID="TL_434.9.1" VPOS="990" WIDTH="1121">
            <String CONTENT="During" HEIGHT="43" HPOS="393" ID="ST_434.9.1.1" STYLEREFS="Style_3" VPOS="992" WIDTH="134" WC="0.93" CC="000000" TAGREFS=""/>
            <SP HPOS="527" ID="SP_434.9.1.2" VPOS="992" WIDTH="10"/>
            <String CONTENT="the" HEIGHT="34" HPOS="537" ID="ST_434.9.1.3" STYLEREFS="Style_3" VPOS="992" WIDTH="59" WC="1.00" CC="000" TAGREFS=""/>
            <SP HPOS="596" ID="SP_434.9.1.4" VPOS="992" WIDTH="9"/>
            <String CONTENT="settlement" HEIGHT="34" HPOS="605" ID="ST_434.9.1.5" STYLEREFS="Style_3" VPOS="992" WIDTH="197" WC="0.95" CC="0000000000" TAGREFS=""/>
            <SP HPOS="802" ID="SP_434.9.1.6" VPOS="992" WIDTH="9"/>
            <String CONTENT="negotiations" HEIGHT="42" HPOS="811" ID="ST_434.9.1.7" STYLEREFS="Style_3" VPOS="992" WIDTH="229" WC="0.95" CC="000000000000" TAGREFS=""/>
            <SP HPOS="1040" ID="SP_434.9.1.8" VPOS="1002" WIDTH="10"/>
            <String CONTENT="some" HEIGHT="23" HPOS="1050" ID="ST_434.9.1.9" STYLEREFS="Style_3" VPOS="1002" WIDTH="95" WC="1.00" CC="0000" TAGREFS=""/>
            <SP HPOS="1145" ID="SP_434.9.1.10" VPOS="991" WIDTH="9"/>
            <String CONTENT="of" HEIGHT="34" HPOS="1154" ID="ST_434.9.1.11" STYLEREFS="Style_3" VPOS="991" WIDTH="39" WC="1.00" CC="00" TAGREFS=""/>
            <SP HPOS="1193" ID="SP_434.9.1.12" VPOS="992" WIDTH="7"/>
            <String CONTENT="Ms." HEIGHT="33" HPOS="1200" ID="ST_434.9.1.13" STYLEREFS="Style_3" VPOS="992" WIDTH="70" WC="1.00" CC="000" TAGREFS=""/>
            <SP HPOS="1270" ID="SP_434.9.1.14" VPOS="990" WIDTH="11"/>
            <String CONTENT="Carnathanâ€™s" HEIGHT="35" HPOS="1281" ID="ST_434.9.1.15" STYLEREFS="Style_3" VPOS="990" WIDTH="233" WC="0.81" CC="00000000090" TAGREFS=""/>
          </TextLine>
          <TextLine HEIGHT="45" HPOS="302" ID="TL_434.9.2" VPOS="1040" WIDTH="1213">
            <String CONTENT="medical" HEIGHT="34" HPOS="302" ID="ST_434.9.2.1" STYLEREFS="Style_3" VPOS="1042" WIDTH="147" WC="1.00" CC="0000000" TAGREFS=""/>
            <SP HPOS="449" ID="SP_434.9.2.2" VPOS="1052" WIDTH="18"/>
            <String CONTENT="expenses" HEIGHT="33" HPOS="467" ID="ST_434.9.2.3" STYLEREFS="Style_3" VPOS="1052" WIDTH="164" WC="0.98" CC="00000000" TAGREFS=""/>
            <SP HPOS="631" ID="SP_434.9.2.4" VPOS="1052" WIDTH="17"/>
            <String CONTENT="were" HEIGHT="23" HPOS="648" ID="ST_434.9.2.5" STYLEREFS="Style_3" VPOS="1052" WIDTH="89" WC="1.00" CC="0000" TAGREFS=""/>
            <SP HPOS="737" ID="SP_434.9.2.6" VPOS="1041" WIDTH="17"/>
            <String CONTENT="paid" HEIGHT="44" HPOS="754" ID="ST_434.9.2.7" STYLEREFS="Style_3" VPOS="1041" WIDTH="80" WC="1.00" CC="0000" TAGREFS=""/>
            <SP HPOS="834" ID="SP_434.9.2.8" VPOS="1041" WIDTH="17"/>
            <String CONTENT="by" HEIGHT="43" HPOS="851" ID="ST_434.9.2.9" STYLEREFS="Style_3" VPOS="1041" WIDTH="45" WC="1.00" CC="00" TAGREFS=""/>
            <SP HPOS="896" ID="SP_434.9.2.10" VPOS="1041" WIDTH="17"/>
            <String CONTENT="her" HEIGHT="34" HPOS="913" ID="ST_434.9.2.11" STYLEREFS="Style_3" VPOS="1041" WIDTH="61" WC="0.96" CC="000" TAGREFS=""/>
            <SP HPOS="974" ID="SP_434.9.2.12" VPOS="1041" WIDTH="16"/>
            <String CONTENT="insurer," HEIGHT="40" HPOS="990" ID="ST_434.9.2.13" STYLEREFS="Style_3" VPOS="1041" WIDTH="144" WC="0.90" CC="00000000" TAGREFS=""/>
            <SP HPOS="1134" ID="SP_434.9.2.14" VPOS="1040" WIDTH="18"/>
            <String CONTENT="the" HEIGHT="35" HPOS="1152" ID="ST_434.9.2.15" STYLEREFS="Style_3" VPOS="1040" WIDTH="59" WC="0.87" CC="000" TAGREFS=""/>
            <SP HPOS="1211" ID="SP_434.9.2.16" VPOS="1040" WIDTH="16"/>
            <String CONTENT="appellee," HEIGHT="44" HPOS="1227" ID="ST_434.9.2.17" STYLEREFS="Style_3" VPOS="1040" WIDTH="165" WC="0.97" CC="000000000" TAGREFS=""/>
            <SP HPOS="1392" ID="SP_434.9.2.18" VPOS="1040" WIDTH="20"/>
            <String CONTENT="Farm" HEIGHT="34" HPOS="1412" ID="ST_434.9.2.19" STYLEREFS="Style_3" VPOS="1040" WIDTH="103" WC="0.94" CC="0000" TAGREFS=""/>
          </TextLine>
          <TextLine HEIGHT="45" HPOS="303" ID="TL_434.9.3" VPOS="1089" WIDTH="1212">
            <String CONTENT="Bureau" HEIGHT="33" HPOS="303" ID="ST_434.9.3.1" STYLEREFS="Style_3" VPOS="1092" WIDTH="137" WC="0.93" CC="000000" TAGREFS=""/>
            <SP HPOS="440" ID="SP_434.9.3.2" VPOS="1092" WIDTH="20"/>
            <String CONTENT="Insurance" HEIGHT="33" HPOS="460" ID="ST_434.9.3.3" STYLEREFS="Style_3" VPOS="1092" WIDTH="187" WC="0.91" CC="000000000" TAGREFS=""/>
            <SP HPOS="647" ID="SP_434.9.3.4" VPOS="1091" WIDTH="18"/>
            <String CONTENT="Company," HEIGHT="43" HPOS="665" ID="ST_434.9.3.5" STYLEREFS="Style_3" VPOS="1091" WIDTH="193" WC="0.89" CC="00000000" TAGREFS=""/>
            <SP HPOS="858" ID="SP_434.9.3.6" VPOS="1090" WIDTH="20"/>
            <String CONTENT="in" HEIGHT="34" HPOS="878" ID="ST_434.9.3.7" STYLEREFS="Style_3" VPOS="1090" WIDTH="34" WC="0.76" CC="00" TAGREFS=""/>
            <SP HPOS="912" ID="SP_434.9.3.8" VPOS="1090" WIDTH="19"/>
            <String CONTENT="the" HEIGHT="34" HPOS="931" ID="ST_434.9.3.9" STYLEREFS="Style_3" VPOS="1090" WIDTH="59" WC="0.93" CC="000" TAGREFS=""/>
            <SP HPOS="990" ID="SP_434.9.3.10" VPOS="1095" WIDTH="17"/>
            <String CONTENT="amount" HEIGHT="29" HPOS="1007" ID="ST_434.9.3.11" STYLEREFS="Style_3" VPOS="1095" WIDTH="145" WC="0.94" CC="000000" TAGREFS=""/>
            <SP HPOS="1152" ID="SP_434.9.3.12" VPOS="1089" WIDTH="18"/>
            <String CONTENT="of" HEIGHT="35" HPOS="1170" ID="ST_434.9.3.13" STYLEREFS="Style_3" VPOS="1089" WIDTH="39" WC="1.00" CC="00" TAGREFS=""/>
            <SP HPOS="1209" ID="SP_434.9.3.14" VPOS="1090" WIDTH="16"/>
            <String CONTENT="$2,402.59." HEIGHT="40" HPOS="1225" ID="ST_434.9.3.15" STYLEREFS="Style_3" VPOS="1090" WIDTH="196" WC="0.94" CC="0000000000" TAGREFS=""/>
            <SP HPOS="1421" ID="SP_434.9.3.16" VPOS="1089" WIDTH="20"/>
            <String CONTENT="The" HEIGHT="34" HPOS="1441" ID="ST_434.9.3.17" STYLEREFS="Style_3" VPOS="1089" WIDTH="74" WC="0.91" CC="000" TAGREFS=""/>
          </TextLine>
          <TextLine HEIGHT="42" HPOS="302" ID="TL_434.9.4" VPOS="1138" WIDTH="1213">
            <String CONTENT="accident" HEIGHT="35" HPOS="302" ID="ST_434.9.4.1" STYLEREFS="Style_3" VPOS="1140" WIDTH="158" WC="0.96" CC="00000000" TAGREFS=""/>
            <SP HPOS="460" ID="SP_434.9.4.2" VPOS="1140" WIDTH="10"/>
            <String CONTENT="occurred" HEIGHT="35" HPOS="470" ID="ST_434.9.4.3" STYLEREFS="Style_3" VPOS="1140" WIDTH="165" WC="1.00" CC="00000000" TAGREFS=""/>
            <SP HPOS="635" ID="SP_434.9.4.4" VPOS="1151" WIDTH="9"/>
            <String CONTENT="on" HEIGHT="24" HPOS="644" ID="ST_434.9.4.5" STYLEREFS="Style_3" VPOS="1151" WIDTH="44" WC="1.00" CC="00" TAGREFS=""/>
            <SP HPOS="688" ID="SP_434.9.4.6" VPOS="1140" WIDTH="11"/>
            <String CONTENT="December" HEIGHT="34" HPOS="699" ID="ST_434.9.4.7" STYLEREFS="Style_3" VPOS="1140" WIDTH="193" WC="0.90" CC="00000000" TAGREFS=""/>
            <SP HPOS="892" ID="SP_434.9.4.8" VPOS="1140" WIDTH="10"/>
            <String CONTENT="24,1980." HEIGHT="40" HPOS="902" ID="ST_434.9.4.9" STYLEREFS="Style_3" VPOS="1140" WIDTH="169" WC="0.91" CC="00999000" TAGREFS=""/>
            <SP HPOS="1071" ID="SP_434.9.4.10" VPOS="1140" WIDTH="12"/>
            <String CONTENT="Farm" HEIGHT="33" HPOS="1083" ID="ST_434.9.4.11" STYLEREFS="Style_3" VPOS="1140" WIDTH="104" WC="1.00" CC="0000" TAGREFS=""/>
            <SP HPOS="1187" ID="SP_434.9.4.12" VPOS="1140" WIDTH="10"/>
            <String CONTENT="Bureau" HEIGHT="33" HPOS="1197" ID="ST_434.9.4.13" STYLEREFS="Style_3" VPOS="1140" WIDTH="137" WC="0.82" CC="000000" TAGREFS=""/>
            <SP HPOS="1334" ID="SP_434.9.4.14" VPOS="1138" WIDTH="10"/>
            <String CONTENT="made" HEIGHT="36" HPOS="1344" ID="ST_434.9.4.15" STYLEREFS="Style_3" VPOS="1138" WIDTH="103" WC="0.86" CC="0000" TAGREFS=""/>
            <SP HPOS="1447" ID="SP_434.9.4.16" VPOS="1139" WIDTH="9"/>
            <String CONTENT="the" HEIGHT="33" HPOS="1456" ID="ST_434.9.4.17" STYLEREFS="Style_3" VPOS="1139" WIDTH="59" WC="0.96" CC="000" TAGREFS=""/>
          </TextLine>
          <TextLine HEIGHT="45" HPOS="302" ID="TL_434.9.5" VPOS="1189" WIDTH="1211">
            <String CONTENT="payment" HEIGHT="39" HPOS="302" ID="ST_434.9.5.1" STYLEREFS="Style_3" VPOS="1195" WIDTH="164" WC="0.87" CC="0000000" TAGREFS=""/>
            <SP HPOS="466" ID="SP_434.9.5.2" VPOS="1196" WIDTH="15"/>
            <String CONTENT="to" HEIGHT="29" HPOS="481" ID="ST_434.9.5.3" STYLEREFS="Style_3" VPOS="1196" WIDTH="36" WC="1.00" CC="00" TAGREFS=""/>
            <SP HPOS="517" ID="SP_434.9.5.4" VPOS="1191" WIDTH="16"/>
            <String CONTENT="Ms." HEIGHT="33" HPOS="533" ID="ST_434.9.5.5" STYLEREFS="Style_3" VPOS="1191" WIDTH="70" WC="0.87" CC="000" TAGREFS=""/>
            <SP HPOS="603" ID="SP_434.9.5.6" VPOS="1190" WIDTH="17"/>
            <String CONTENT="Carnathan" HEIGHT="34" HPOS="620" ID="ST_434.9.5.7" STYLEREFS="Style_3" VPOS="1190" WIDTH="204" WC="0.96" CC="000000000" TAGREFS=""/>
            <SP HPOS="824" ID="SP_434.9.5.8" VPOS="1189" WIDTH="16"/>
            <String CONTENT="and" HEIGHT="35" HPOS="840" ID="ST_434.9.5.9" STYLEREFS="Style_3" VPOS="1189" WIDTH="69" WC="0.74" CC="000" TAGREFS=""/>
            <SP HPOS="909" ID="SP_434.9.5.10" VPOS="1189" WIDTH="15"/>
            <String CONTENT="her" HEIGHT="35" HPOS="924" ID="ST_434.9.5.11" STYLEREFS="Style_3" VPOS="1189" WIDTH="61" WC="0.74" CC="000" TAGREFS=""/>
            <SP HPOS="985" ID="SP_434.9.5.12" VPOS="1194" WIDTH="16"/>
            <String CONTENT="attorney" HEIGHT="38" HPOS="1001" ID="ST_434.9.5.13" STYLEREFS="Style_3" VPOS="1194" WIDTH="158" WC="0.94" CC="00000000" TAGREFS=""/>
            <SP HPOS="1159" ID="SP_434.9.5.14" VPOS="1199" WIDTH="15"/>
            <String CONTENT="on" HEIGHT="24" HPOS="1174" ID="ST_434.9.5.15" STYLEREFS="Style_3" VPOS="1199" WIDTH="44" WC="0.69" CC="00" TAGREFS=""/>
            <SP HPOS="1218" ID="SP_434.9.5.16" VPOS="1189" WIDTH="16"/>
            <String CONTENT="June" HEIGHT="34" HPOS="1234" ID="ST_434.9.5.17" STYLEREFS="Style_3" VPOS="1189" WIDTH="89" WC="0.74" CC="0000" TAGREFS=""/>
            <SP HPOS="1323" ID="SP_434.9.5.18" VPOS="1189" WIDTH="19"/>
            <String CONTENT="14," HEIGHT="40" HPOS="1342" ID="ST_434.9.5.19" STYLEREFS="Style_3" VPOS="1189" WIDTH="52" WC="0.91" CC="000" TAGREFS=""/>
            <SP HPOS="1394" ID="SP_434.9.5.20" VPOS="1189" WIDTH="20"/>
            <String CONTENT="1983." HEIGHT="34" HPOS="1414" ID="ST_434.9.5.21" STYLEREFS="Style_3" VPOS="1189" WIDTH="99" WC="0.86" CC="00000" TAGREFS=""/>
          </TextLine>
          <TextLine HEIGHT="44" HPOS="301" ID="TL_434.9.6" VPOS="1238" WIDTH="1213">
            <String CONTENT="The" HEIGHT="35" HPOS="301" ID="ST_434.9.6.1" STYLEREFS="Style_3" VPOS="1240" WIDTH="75" WC="0.94" CC="000" TAGREFS=""/>
            <SP HPOS="376" ID="SP_434.9.6.2" VPOS="1240" WIDTH="22"/>
            <String CONTENT="settlement" HEIGHT="35" HPOS="398" ID="ST_434.9.6.3" STYLEREFS="Style_3" VPOS="1240" WIDTH="197" WC="0.96" CC="0000000000" TAGREFS=""/>
            <SP HPOS="595" ID="SP_434.9.6.4" VPOS="1251" WIDTH="23"/>
            <String CONTENT="was" HEIGHT="23" HPOS="618" ID="ST_434.9.6.5" STYLEREFS="Style_3" VPOS="1251" WIDTH="70" WC="1.00" CC="000" TAGREFS=""/>
            <SP HPOS="688" ID="SP_434.9.6.6" VPOS="1239" WIDTH="23"/>
            <String CONTENT="reached" HEIGHT="35" HPOS="711" ID="ST_434.9.6.7" STYLEREFS="Style_3" VPOS="1239" WIDTH="148" WC="0.96" CC="0000000" TAGREFS=""/>
            <SP HPOS="859" ID="SP_434.9.6.8" VPOS="1239" WIDTH="23"/>
            <String CONTENT="and" HEIGHT="35" HPOS="882" ID="ST_434.9.6.9" STYLEREFS="Style_3" VPOS="1239" WIDTH="69" WC="1.00" CC="000" TAGREFS=""/>
            <SP HPOS="951" ID="SP_434.9.6.10" VPOS="1239" WIDTH="23"/>
            <String CONTENT="the" HEIGHT="34" HPOS="974" ID="ST_434.9.6.11" STYLEREFS="Style_3" VPOS="1239" WIDTH="59" WC="1.00" CC="000" TAGREFS=""/>
            <SP HPOS="1033" ID="SP_434.9.6.12" VPOS="1239" WIDTH="23"/>
            <String CONTENT="suit" HEIGHT="34" HPOS="1056" ID="ST_434.9.6.13" STYLEREFS="Style_3" VPOS="1239" WIDTH="68" WC="0.95" CC="0000" TAGREFS=""/>
            <SP HPOS="1124" ID="SP_434.9.6.14" VPOS="1239" WIDTH="23"/>
            <String CONTENT="by" HEIGHT="43" HPOS="1147" ID="ST_434.9.6.15" STYLEREFS="Style_3" VPOS="1239" WIDTH="45" WC="0.97" CC="00" TAGREFS=""/>
            <SP HPOS="1192" ID="SP_434.9.6.16" VPOS="1239" WIDTH="23"/>
            <String CONTENT="Ms." HEIGHT="34" HPOS="1215" ID="ST_434.9.6.17" STYLEREFS="Style_3" VPOS="1239" WIDTH="70" WC="1.00" CC="000" TAGREFS=""/>
            <SP HPOS="1285" ID="SP_434.9.6.18" VPOS="1238" WIDTH="25"/>
            <String CONTENT="Carnathan" HEIGHT="35" HPOS="1310" ID="ST_434.9.6.19" STYLEREFS="Style_3" VPOS="1238" WIDTH="204" WC="0.92" CC="000000000" TAGREFS=""/>
          </TextLine>
          <TextLine HEIGHT="46" HPOS="302" ID="TL_434.9.7" VPOS="1288" WIDTH="1212">
            <String CONTENT="against" HEIGHT="44" HPOS="302" ID="ST_434.9.7.1" STYLEREFS="Style_3" VPOS="1290" WIDTH="136" WC="0.90" CC="0000000" TAGREFS=""/>
            <SP HPOS="438" ID="SP_434.9.7.2" VPOS="1290" WIDTH="14"/>
            <String CONTENT="the" HEIGHT="35" HPOS="452" ID="ST_434.9.7.3" STYLEREFS="Style_3" VPOS="1290" WIDTH="59" WC="0.87" CC="000" TAGREFS=""/>
            <SP HPOS="511" ID="SP_434.9.7.4" VPOS="1290" WIDTH="13"/>
            <String CONTENT="other" HEIGHT="35" HPOS="524" ID="ST_434.9.7.5" STYLEREFS="Style_3" VPOS="1290" WIDTH="99" WC="0.88" CC="00000" TAGREFS=""/>
            <SP HPOS="623" ID="SP_434.9.7.6" VPOS="1289" WIDTH="14"/>
            <String CONTENT="driver" HEIGHT="36" HPOS="637" ID="ST_434.9.7.7" STYLEREFS="Style_3" VPOS="1289" WIDTH="112" WC="1.00" CC="000000" TAGREFS=""/>
            <SP HPOS="749" ID="SP_434.9.7.8" VPOS="1300" WIDTH="13"/>
            <String CONTENT="was" HEIGHT="24" HPOS="762" ID="ST_434.9.7.9" STYLEREFS="Style_3" VPOS="1300" WIDTH="70" WC="0.92" CC="000" TAGREFS=""/>
            <SP HPOS="832" ID="SP_434.9.7.10" VPOS="1289" WIDTH="14"/>
            <String CONTENT="dismissed" HEIGHT="35" HPOS="846" ID="ST_434.9.7.11" STYLEREFS="Style_3" VPOS="1289" WIDTH="182" WC="0.97" CC="000000000" TAGREFS=""/>
            <SP HPOS="1028" ID="SP_434.9.7.12" VPOS="1289" WIDTH="14"/>
            <String CONTENT="with" HEIGHT="34" HPOS="1042" ID="ST_434.9.7.13" STYLEREFS="Style_3" VPOS="1289" WIDTH="82" WC="0.93" CC="0000" TAGREFS=""/>
            <SP HPOS="1124" ID="SP_434.9.7.14" VPOS="1288" WIDTH="15"/>
            <String CONTENT="prejudice" HEIGHT="45" HPOS="1139" ID="ST_434.9.7.15" STYLEREFS="Style_3" VPOS="1288" WIDTH="176" WC="0.96" CC="000000000" TAGREFS=""/>
            <SP HPOS="1315" ID="SP_434.9.7.16" VPOS="1299" WIDTH="13"/>
            <String CONTENT="on" HEIGHT="24" HPOS="1328" ID="ST_434.9.7.17" STYLEREFS="Style_3" VPOS="1299" WIDTH="44" WC="0.92" CC="00" TAGREFS=""/>
            <SP HPOS="1372" ID="SP_434.9.7.18" VPOS="1288" WIDTH="15"/>
            <String CONTENT="March" HEIGHT="35" HPOS="1387" ID="ST_434.9.7.19" STYLEREFS="Style_3" VPOS="1288" WIDTH="127" WC="0.91" CC="00000" TAGREFS=""/>
          </TextLine>
          <TextLine HEIGHT="40" HPOS="303" ID="TL_434.9.8" VPOS="1341" WIDTH="179">
            <String CONTENT="21," HEIGHT="39" HPOS="303" ID="ST_434.9.8.1" STYLEREFS="Style_3" VPOS="1342" WIDTH="55" WC="0.70" CC="000" TAGREFS=""/>
            <SP HPOS="358" ID="SP_434.9.8.2" VPOS="1341" WIDTH="26"/>
            <String CONTENT="1984." HEIGHT="34" HPOS="384" ID="ST_434.9.8.3" STYLEREFS="Style_3" VPOS="1341" WIDTH="98" WC="0.81" CC="00000" TAGREFS=""/>
          </TextLine>
        </TextBlock>
        <TextBlock HEIGHT="690.0" HPOS="301.0" ID="BL_434.10" TAGREFS="b434-10" VPOS="1416.0" WIDTH="1217.0">
          <TextLine HEIGHT="43" HPOS="393" ID="TL_434.10.1" VPOS="1416" WIDTH="1121">
            <String CONTENT="On" HEIGHT="34" HPOS="393" ID="ST_434.10.1.1" STYLEREFS="Style_3" VPOS="1417" WIDTH="56" WC="0.76" CC="00" TAGREFS=""/>
            <SP HPOS="449" ID="SP_434.10.1.2" VPOS="1417" WIDTH="12"/>
            <String CONTENT="June" HEIGHT="34" HPOS="461" ID="ST_434.10.1.3" STYLEREFS="Style_3" VPOS="1417" WIDTH="89" WC="0.89" CC="0000" TAGREFS=""/>
            <SP HPOS="550" ID="SP_434.10.1.4" VPOS="1417" WIDTH="12"/>
            <String CONTENT="5,1984," HEIGHT="40" HPOS="562" ID="ST_434.10.1.5" STYLEREFS="Style_3" VPOS="1417" WIDTH="147" WC="0.99" CC="0999000" TAGREFS=""/>
            <SP HPOS="709" ID="SP_434.10.1.6" VPOS="1427" WIDTH="12"/>
            <String CONTENT="a" HEIGHT="24" HPOS="721" ID="ST_434.10.1.7" STYLEREFS="Style_3" VPOS="1427" WIDTH="21" WC="1.00" CC="0" TAGREFS=""/>
            <SP HPOS="742" ID="SP_434.10.1.8" VPOS="1416" WIDTH="11"/>
            <String CONTENT="hearing" HEIGHT="43" HPOS="753" ID="ST_434.10.1.9" STYLEREFS="Style_3" VPOS="1416" WIDTH="143" WC="0.90" CC="0000000" TAGREFS=""/>
            <SP HPOS="896" ID="SP_434.10.1.10" VPOS="1427" WIDTH="11"/>
            <String CONTENT="was" HEIGHT="23" HPOS="907" ID="ST_434.10.1.11" STYLEREFS="Style_3" VPOS="1427" WIDTH="70" WC="0.94" CC="000" TAGREFS=""/>
            <SP HPOS="977" ID="SP_434.10.1.12" VPOS="1416" WIDTH="12"/>
            <String CONTENT="held" HEIGHT="34" HPOS="989" ID="ST_434.10.1.13" STYLEREFS="Style_3" VPOS="1416" WIDTH="80" WC="1.00" CC="0000" TAGREFS=""/>
            <SP HPOS="1069" ID="SP_434.10.1.14" VPOS="1416" WIDTH="11"/>
            <String CONTENT="in" HEIGHT="34" HPOS="1080" ID="ST_434.10.1.15" STYLEREFS="Style_3" VPOS="1416" WIDTH="34" WC="0.92" CC="00" TAGREFS=""/>
            <SP HPOS="1114" ID="SP_434.10.1.16" VPOS="1416" WIDTH="11"/>
            <String CONTENT="which" HEIGHT="34" HPOS="1125" ID="ST_434.10.1.17" STYLEREFS="Style_3" VPOS="1416" WIDTH="113" WC="0.80" CC="00000" TAGREFS=""/>
            <SP HPOS="1238" ID="SP_434.10.1.18" VPOS="1416" WIDTH="13"/>
            <String CONTENT="Farm" HEIGHT="34" HPOS="1251" ID="ST_434.10.1.19" STYLEREFS="Style_3" VPOS="1416" WIDTH="103" WC="0.85" CC="0000" TAGREFS=""/>
            <SP HPOS="1354" ID="SP_434.10.1.20" VPOS="1416" WIDTH="11"/>
            <String CONTENT="Bureau," HEIGHT="40" HPOS="1365" ID="ST_434.10.1.21" STYLEREFS="Style_3" VPOS="1416" WIDTH="149" WC="0.89" CC="0000000" TAGREFS=""/>
          </TextLine>
          <TextLine HEIGHT="46" HPOS="302" ID="TL_434.10.2" VPOS="1464" WIDTH="1212">
            <String CONTENT="which" HEIGHT="35" HPOS="302" ID="ST_434.10.2.1" STYLEREFS="Style_3" VPOS="1466" WIDTH="112" WC="0.83" CC="00000" TAGREFS=""/>
            <SP HPOS="414" ID="SP_434.10.2.2" VPOS="1466" WIDTH="11"/>
            <String CONTENT="had" HEIGHT="35" HPOS="425" ID="ST_434.10.2.3" STYLEREFS="Style_3" VPOS="1466" WIDTH="68" WC="0.82" CC="000" TAGREFS=""/>
            <SP HPOS="493" ID="SP_434.10.2.4" VPOS="1472" WIDTH="12"/>
            <String CONTENT="not" HEIGHT="28" HPOS="505" ID="ST_434.10.2.5" STYLEREFS="Style_3" VPOS="1472" WIDTH="59" WC="0.98" CC="000" TAGREFS=""/>
            <SP HPOS="564" ID="SP_434.10.2.6" VPOS="1466" WIDTH="10"/>
            <String CONTENT="been" HEIGHT="34" HPOS="574" ID="ST_434.10.2.7" STYLEREFS="Style_3" VPOS="1466" WIDTH="87" WC="0.96" CC="0000" TAGREFS=""/>
            <SP HPOS="661" ID="SP_434.10.2.8" VPOS="1477" WIDTH="10"/>
            <String CONTENT="a" HEIGHT="23" HPOS="671" ID="ST_434.10.2.9" STYLEREFS="Style_3" VPOS="1477" WIDTH="20" WC="1.00" CC="0" TAGREFS=""/>
            <SP HPOS="691" ID="SP_434.10.2.10" VPOS="1471" WIDTH="12"/>
            <String CONTENT="party" HEIGHT="39" HPOS="703" ID="ST_434.10.2.11" STYLEREFS="Style_3" VPOS="1471" WIDTH="100" WC="0.99" CC="00000" TAGREFS=""/>
            <SP HPOS="803" ID="SP_434.10.2.12" VPOS="1471" WIDTH="10"/>
            <String CONTENT="to" HEIGHT="29" HPOS="813" ID="ST_434.10.2.13" STYLEREFS="Style_3" VPOS="1471" WIDTH="35" WC="1.00" CC="00" TAGREFS=""/>
            <SP HPOS="848" ID="SP_434.10.2.14" VPOS="1466" WIDTH="10"/>
            <String CONTENT="the" HEIGHT="34" HPOS="858" ID="ST_434.10.2.15" STYLEREFS="Style_3" VPOS="1466" WIDTH="59" WC="1.00" CC="000" TAGREFS=""/>
            <SP HPOS="917" ID="SP_434.10.2.16" VPOS="1466" WIDTH="10"/>
            <String CONTENT="litigation," HEIGHT="43" HPOS="927" ID="ST_434.10.2.17" STYLEREFS="Style_3" VPOS="1466" WIDTH="183" WC="0.88" CC="00000000000" TAGREFS=""/>
            <SP HPOS="1110" ID="SP_434.10.2.18" VPOS="1465" WIDTH="11"/>
            <String CONTENT="appeared" HEIGHT="44" HPOS="1121" ID="ST_434.10.2.19" STYLEREFS="Style_3" VPOS="1465" WIDTH="174" WC="1.00" CC="00000000" TAGREFS=""/>
            <SP HPOS="1295" ID="SP_434.10.2.20" VPOS="1465" WIDTH="10"/>
            <String CONTENT="and" HEIGHT="35" HPOS="1305" ID="ST_434.10.2.21" STYLEREFS="Style_3" VPOS="1465" WIDTH="69" WC="0.95" CC="000" TAGREFS=""/>
            <SP HPOS="1374" ID="SP_434.10.2.22" VPOS="1464" WIDTH="10"/>
            <String CONTENT="argued" HEIGHT="44" HPOS="1384" ID="ST_434.10.2.23" STYLEREFS="Style_3" VPOS="1464" WIDTH="130" WC="0.95" CC="000000" TAGREFS=""/>
          </TextLine>
          <TextLine HEIGHT="45" HPOS="302" ID="TL_434.10.3" VPOS="1514" WIDTH="1211">
            <String CONTENT="its" HEIGHT="34" HPOS="302" ID="ST_434.10.3.1" STYLEREFS="Style_3" VPOS="1516" WIDTH="43" WC="1.00" CC="000" TAGREFS=""/>
            <SP HPOS="345" ID="SP_434.10.3.2" VPOS="1516" WIDTH="18"/>
            <String CONTENT="subrogation" HEIGHT="43" HPOS="363" ID="ST_434.10.3.3" STYLEREFS="Style_3" VPOS="1516" WIDTH="223" WC="0.91" CC="00000000000" TAGREFS=""/>
            <SP HPOS="586" ID="SP_434.10.3.4" VPOS="1516" WIDTH="18"/>
            <String CONTENT="claim" HEIGHT="34" HPOS="604" ID="ST_434.10.3.5" STYLEREFS="Style_3" VPOS="1516" WIDTH="104" WC="1.00" CC="00000" TAGREFS=""/>
            <SP HPOS="708" ID="SP_434.10.3.6" VPOS="1515" WIDTH="17"/>
            <String CONTENT="against" HEIGHT="43" HPOS="725" ID="ST_434.10.3.7" STYLEREFS="Style_3" VPOS="1515" WIDTH="136" WC="0.81" CC="0000000" TAGREFS=""/>
            <SP HPOS="861" ID="SP_434.10.3.8" VPOS="1516" WIDTH="18"/>
            <String CONTENT="Ms." HEIGHT="33" HPOS="879" ID="ST_434.10.3.9" STYLEREFS="Style_3" VPOS="1516" WIDTH="70" WC="1.00" CC="000" TAGREFS=""/>
            <SP HPOS="949" ID="SP_434.10.3.10" VPOS="1515" WIDTH="20"/>
            <String CONTENT="Carnathan." HEIGHT="34" HPOS="969" ID="ST_434.10.3.11" STYLEREFS="Style_3" VPOS="1515" WIDTH="215" WC="0.94" CC="0000000000" TAGREFS=""/>
            <SP HPOS="1184" ID="SP_434.10.3.12" VPOS="1515" WIDTH="19"/>
            <String CONTENT="Counsel" HEIGHT="34" HPOS="1203" ID="ST_434.10.3.13" STYLEREFS="Style_3" VPOS="1515" WIDTH="152" WC="0.92" CC="0000000" TAGREFS=""/>
            <SP HPOS="1355" ID="SP_434.10.3.14" VPOS="1514" WIDTH="18"/>
            <String CONTENT="for" HEIGHT="35" HPOS="1373" ID="ST_434.10.3.15" STYLEREFS="Style_3" VPOS="1514" WIDTH="53" WC="1.00" CC="000" TAGREFS=""/>
            <SP HPOS="1426" ID="SP_434.10.3.16" VPOS="1515" WIDTH="17"/>
            <String CONTENT="Ms." HEIGHT="34" HPOS="1443" ID="ST_434.10.3.17" STYLEREFS="Style_3" VPOS="1515" WIDTH="70" WC="1.00" CC="000" TAGREFS=""/>
          </TextLine>
          <TextLine HEIGHT="44" HPOS="302" ID="TL_434.10.4" VPOS="1564" WIDTH="1212">
            <String CONTENT="Carnathan" HEIGHT="34" HPOS="302" ID="ST_434.10.4.1" STYLEREFS="Style_3" VPOS="1566" WIDTH="205" WC="0.94" CC="000000000" TAGREFS=""/>
            <SP HPOS="507" ID="SP_434.10.4.2" VPOS="1565" WIDTH="10"/>
            <String CONTENT="argued" HEIGHT="43" HPOS="517" ID="ST_434.10.4.3" STYLEREFS="Style_3" VPOS="1565" WIDTH="131" WC="0.93" CC="000000" TAGREFS=""/>
            <SP HPOS="648" ID="SP_434.10.4.4" VPOS="1565" WIDTH="10"/>
            <String CONTENT="she" HEIGHT="34" HPOS="658" ID="ST_434.10.4.5" STYLEREFS="Style_3" VPOS="1565" WIDTH="61" WC="1.00" CC="000" TAGREFS=""/>
            <SP HPOS="719" ID="SP_434.10.4.6" VPOS="1576" WIDTH="9"/>
            <String CONTENT="was" HEIGHT="23" HPOS="728" ID="ST_434.10.4.7" STYLEREFS="Style_3" VPOS="1576" WIDTH="70" WC="0.98" CC="000" TAGREFS=""/>
            <SP HPOS="798" ID="SP_434.10.4.8" VPOS="1565" WIDTH="10"/>
            <String CONTENT="willing" HEIGHT="43" HPOS="808" ID="ST_434.10.4.9" STYLEREFS="Style_3" VPOS="1565" WIDTH="128" WC="0.97" CC="0000000" TAGREFS=""/>
            <SP HPOS="936" ID="SP_434.10.4.10" VPOS="1570" WIDTH="10"/>
            <String CONTENT="to" HEIGHT="29" HPOS="946" ID="ST_434.10.4.11" STYLEREFS="Style_3" VPOS="1570" WIDTH="36" WC="1.00" CC="00" TAGREFS=""/>
            <SP HPOS="982" ID="SP_434.10.4.12" VPOS="1575" WIDTH="10"/>
            <String CONTENT="pay" HEIGHT="33" HPOS="992" ID="ST_434.10.4.13" STYLEREFS="Style_3" VPOS="1575" WIDTH="67" WC="0.90" CC="000" TAGREFS=""/>
            <SP HPOS="1059" ID="SP_434.10.4.14" VPOS="1565" WIDTH="10"/>
            <String CONTENT="the" HEIGHT="34" HPOS="1069" ID="ST_434.10.4.15" STYLEREFS="Style_3" VPOS="1565" WIDTH="60" WC="0.98" CC="000" TAGREFS=""/>
            <SP HPOS="1129" ID="SP_434.10.4.16" VPOS="1564" WIDTH="9"/>
            <String CONTENT="claim" HEIGHT="34" HPOS="1138" ID="ST_434.10.4.17" STYLEREFS="Style_3" VPOS="1564" WIDTH="104" WC="1.00" CC="00000" TAGREFS=""/>
            <SP HPOS="1242" ID="SP_434.10.4.18" VPOS="1564" WIDTH="10"/>
            <String CONTENT="but" HEIGHT="34" HPOS="1252" ID="ST_434.10.4.19" STYLEREFS="Style_3" VPOS="1564" WIDTH="62" WC="1.00" CC="000" TAGREFS=""/>
            <SP HPOS="1314" ID="SP_434.10.4.20" VPOS="1564" WIDTH="10"/>
            <String CONTENT="that" HEIGHT="34" HPOS="1324" ID="ST_434.10.4.21" STYLEREFS="Style_3" VPOS="1564" WIDTH="77" WC="0.99" CC="0000" TAGREFS=""/>
            <SP HPOS="1401" ID="SP_434.10.4.22" VPOS="1565" WIDTH="10"/>
            <String CONTENT="Farm" HEIGHT="33" HPOS="1411" ID="ST_434.10.4.23" STYLEREFS="Style_3" VPOS="1565" WIDTH="103" WC="0.91" CC="0000" TAGREFS=""/>
          </TextLine>
          <TextLine HEIGHT="45" HPOS="303" ID="TL_434.10.5" VPOS="1613" WIDTH="1215">
            <String CONTENT="Bureau" HEIGHT="34" HPOS="303" ID="ST_434.10.5.1" STYLEREFS="Style_3" VPOS="1616" WIDTH="137" WC="0.82" CC="000000" TAGREFS=""/>
            <SP HPOS="440" ID="SP_434.10.5.2" VPOS="1626" WIDTH="10"/>
            <String CONTENT="was" HEIGHT="24" HPOS="450" ID="ST_434.10.5.3" STYLEREFS="Style_3" VPOS="1626" WIDTH="70" WC="1.00" CC="000" TAGREFS=""/>
            <SP HPOS="520" ID="SP_434.10.5.4" VPOS="1615" WIDTH="11"/>
            <String CONTENT="entitled" HEIGHT="35" HPOS="531" ID="ST_434.10.5.5" STYLEREFS="Style_3" VPOS="1615" WIDTH="143" WC="1.00" CC="00000000" TAGREFS=""/>
            <SP HPOS="674" ID="SP_434.10.5.6" VPOS="1615" WIDTH="10"/>
            <String CONTENT="only" HEIGHT="43" HPOS="684" ID="ST_434.10.5.7" STYLEREFS="Style_3" VPOS="1615" WIDTH="80" WC="1.00" CC="0000" TAGREFS=""/>
            <SP HPOS="764" ID="SP_434.10.5.8" VPOS="1620" WIDTH="10"/>
            <String CONTENT="to" HEIGHT="31" HPOS="774" ID="ST_434.10.5.9" STYLEREFS="Style_3" VPOS="1620" WIDTH="35" WC="0.87" CC="00" TAGREFS=""/>
            <SP HPOS="809" ID="SP_434.10.5.10" VPOS="1615" WIDTH="11"/>
            <String CONTENT="the" HEIGHT="34" HPOS="820" ID="ST_434.10.5.11" STYLEREFS="Style_3" VPOS="1615" WIDTH="59" WC="0.91" CC="000" TAGREFS=""/>
            <SP HPOS="879" ID="SP_434.10.5.12" VPOS="1619" WIDTH="10"/>
            <String CONTENT="amount" HEIGHT="30" HPOS="889" ID="ST_434.10.5.13" STYLEREFS="Style_3" VPOS="1619" WIDTH="144" WC="0.93" CC="000000" TAGREFS=""/>
            <SP HPOS="1033" ID="SP_434.10.5.14" VPOS="1614" WIDTH="10"/>
            <String CONTENT="it" HEIGHT="35" HPOS="1043" ID="ST_434.10.5.15" STYLEREFS="Style_3" VPOS="1614" WIDTH="27" WC="0.98" CC="00" TAGREFS=""/>
            <SP HPOS="1070" ID="SP_434.10.5.16" VPOS="1614" WIDTH="10"/>
            <String CONTENT="had" HEIGHT="34" HPOS="1080" ID="ST_434.10.5.17" STYLEREFS="Style_3" VPOS="1614" WIDTH="69" WC="0.94" CC="000" TAGREFS=""/>
            <SP HPOS="1149" ID="SP_434.10.5.18" VPOS="1613" WIDTH="11"/>
            <String CONTENT="paid" HEIGHT="44" HPOS="1160" ID="ST_434.10.5.19" STYLEREFS="Style_3" VPOS="1613" WIDTH="81" WC="1.00" CC="0000" TAGREFS=""/>
            <SP HPOS="1241" ID="SP_434.10.5.20" VPOS="1614" WIDTH="11"/>
            <String CONTENT="less" HEIGHT="34" HPOS="1252" ID="ST_434.10.5.21" STYLEREFS="Style_3" VPOS="1614" WIDTH="65" WC="0.91" CC="0000" TAGREFS=""/>
            <SP HPOS="1317" ID="SP_434.10.5.22" VPOS="1613" WIDTH="10"/>
            <String CONTENT="the" HEIGHT="35" HPOS="1327" ID="ST_434.10.5.23" STYLEREFS="Style_3" VPOS="1613" WIDTH="59" WC="1.00" CC="000" TAGREFS=""/>
            <SP HPOS="1386" ID="SP_434.10.5.24" VPOS="1619" WIDTH="10"/>
            <String CONTENT="cost" HEIGHT="29" HPOS="1396" ID="ST_434.10.5.25" STYLEREFS="Style_3" VPOS="1619" WIDTH="73" WC="0.93" CC="0000" TAGREFS=""/>
            <SP HPOS="1469" ID="SP_434.10.5.26" VPOS="1613" WIDTH="10"/>
            <String CONTENT="of" HEIGHT="35" HPOS="1479" ID="ST_434.10.5.27" STYLEREFS="Style_3" VPOS="1613" WIDTH="39" WC="1.00" CC="00" TAGREFS=""/>
          </TextLine>
          <TextLine HEIGHT="44" HPOS="301" ID="TL_434.10.6" VPOS="1663" WIDTH="1212">
            <String CONTENT="collection" HEIGHT="35" HPOS="301" ID="ST_434.10.6.1" STYLEREFS="Style_3" VPOS="1665" WIDTH="181" WC="1.00" CC="0000000000" TAGREFS=""/>
            <SP HPOS="482" ID="SP_434.10.6.2" VPOS="1665" WIDTH="31"/>
            <String CONTENT="which," HEIGHT="42" HPOS="513" ID="ST_434.10.6.3" STYLEREFS="Style_3" VPOS="1665" WIDTH="123" WC="0.93" CC="000000" TAGREFS=""/>
            <SP HPOS="636" ID="SP_434.10.6.4" VPOS="1665" WIDTH="33"/>
            <String CONTENT="in" HEIGHT="34" HPOS="669" ID="ST_434.10.6.5" STYLEREFS="Style_3" VPOS="1665" WIDTH="35" WC="0.81" CC="00" TAGREFS=""/>
            <SP HPOS="704" ID="SP_434.10.6.6" VPOS="1664" WIDTH="31"/>
            <String CONTENT="this" HEIGHT="35" HPOS="735" ID="ST_434.10.6.7" STYLEREFS="Style_3" VPOS="1664" WIDTH="67" WC="0.92" CC="0000" TAGREFS=""/>
            <SP HPOS="802" ID="SP_434.10.6.8" VPOS="1675" WIDTH="32"/>
            <String CONTENT="case," HEIGHT="30" HPOS="834" ID="ST_434.10.6.9" STYLEREFS="Style_3" VPOS="1675" WIDTH="90" WC="1.00" CC="00000" TAGREFS=""/>
            <SP HPOS="924" ID="SP_434.10.6.10" VPOS="1675" WIDTH="32"/>
            <String CONTENT="was" HEIGHT="23" HPOS="956" ID="ST_434.10.6.11" STYLEREFS="Style_3" VPOS="1675" WIDTH="70" WC="1.00" CC="000" TAGREFS=""/>
            <SP HPOS="1026" ID="SP_434.10.6.12" VPOS="1663" WIDTH="32"/>
            <String CONTENT="one-third" HEIGHT="35" HPOS="1058" ID="ST_434.10.6.13" STYLEREFS="Style_3" VPOS="1663" WIDTH="175" WC="0.86" CC="000000000" TAGREFS=""/>
            <SP HPOS="1233" ID="SP_434.10.6.14" VPOS="1664" WIDTH="31"/>
            <String CONTENT="because" HEIGHT="34" HPOS="1264" ID="ST_434.10.6.15" STYLEREFS="Style_3" VPOS="1664" WIDTH="148" WC="0.88" CC="0000000" TAGREFS=""/>
            <SP HPOS="1412" ID="SP_434.10.6.16" VPOS="1664" WIDTH="32"/>
            <String CONTENT="Ms." HEIGHT="33" HPOS="1444" ID="ST_434.10.6.17" STYLEREFS="Style_3" VPOS="1664" WIDTH="69" WC="1.00" CC="000" TAGREFS=""/>
          </TextLine>
          <TextLine HEIGHT="45" HPOS="302" ID="TL_434.10.7" VPOS="1713" WIDTH="1212">
            <String CONTENT="Carnathan" HEIGHT="34" HPOS="302" ID="ST_434.10.7.1" STYLEREFS="Style_3" VPOS="1715" WIDTH="205" WC="0.94" CC="000000000" TAGREFS=""/>
            <SP HPOS="507" ID="SP_434.10.7.2" VPOS="1714" WIDTH="27"/>
            <String CONTENT="had" HEIGHT="34" HPOS="534" ID="ST_434.10.7.3" STYLEREFS="Style_3" VPOS="1714" WIDTH="69" WC="0.89" CC="000" TAGREFS=""/>
            <SP HPOS="603" ID="SP_434.10.7.4" VPOS="1714" WIDTH="27"/>
            <String CONTENT="paid" HEIGHT="44" HPOS="630" ID="ST_434.10.7.5" STYLEREFS="Style_3" VPOS="1714" WIDTH="81" WC="0.96" CC="0000" TAGREFS=""/>
            <SP HPOS="711" ID="SP_434.10.7.6" VPOS="1713" WIDTH="27"/>
            <String CONTENT="one-third" HEIGHT="35" HPOS="738" ID="ST_434.10.7.7" STYLEREFS="Style_3" VPOS="1713" WIDTH="175" WC="1.00" CC="000000000" TAGREFS=""/>
            <SP HPOS="913" ID="SP_434.10.7.8" VPOS="1713" WIDTH="28"/>
            <String CONTENT="of" HEIGHT="35" HPOS="941" ID="ST_434.10.7.9" STYLEREFS="Style_3" VPOS="1713" WIDTH="39" WC="1.00" CC="00" TAGREFS=""/>
            <SP HPOS="980" ID="SP_434.10.7.10" VPOS="1714" WIDTH="23"/>
            <String CONTENT="her" HEIGHT="34" HPOS="1003" ID="ST_434.10.7.11" STYLEREFS="Style_3" VPOS="1714" WIDTH="62" WC="0.89" CC="000" TAGREFS=""/>
            <SP HPOS="1065" ID="SP_434.10.7.12" VPOS="1713" WIDTH="26"/>
            <String CONTENT="total" HEIGHT="35" HPOS="1091" ID="ST_434.10.7.13" STYLEREFS="Style_3" VPOS="1713" WIDTH="87" WC="1.00" CC="00000" TAGREFS=""/>
            <SP HPOS="1178" ID="SP_434.10.7.14" VPOS="1724" WIDTH="27"/>
            <String CONTENT="recovery" HEIGHT="32" HPOS="1205" ID="ST_434.10.7.15" STYLEREFS="Style_3" VPOS="1724" WIDTH="160" WC="0.94" CC="00000000" TAGREFS=""/>
            <SP HPOS="1365" ID="SP_434.10.7.16" VPOS="1718" WIDTH="26"/>
            <String CONTENT="to" HEIGHT="29" HPOS="1391" ID="ST_434.10.7.17" STYLEREFS="Style_3" VPOS="1718" WIDTH="36" WC="1.00" CC="00" TAGREFS=""/>
            <SP HPOS="1427" ID="SP_434.10.7.18" VPOS="1713" WIDTH="26"/>
            <String CONTENT="her" HEIGHT="34" HPOS="1453" ID="ST_434.10.7.19" STYLEREFS="Style_3" VPOS="1713" WIDTH="61" WC="0.95" CC="000" TAGREFS=""/>
          </TextLine>
          <TextLine HEIGHT="44" HPOS="302" ID="TL_434.10.8" VPOS="1763" WIDTH="1212">
            <String CONTENT="attorneys." HEIGHT="38" HPOS="302" ID="ST_434.10.8.1" STYLEREFS="Style_3" VPOS="1769" WIDTH="185" WC="0.96" CC="0000000000" TAGREFS=""/>
            <SP HPOS="487" ID="SP_434.10.8.2" VPOS="1765" WIDTH="14"/>
            <String CONTENT="Ms." HEIGHT="33" HPOS="501" ID="ST_434.10.8.3" STYLEREFS="Style_3" VPOS="1765" WIDTH="70" WC="1.00" CC="000" TAGREFS=""/>
            <SP HPOS="571" ID="SP_434.10.8.4" VPOS="1764" WIDTH="13"/>
            <String CONTENT="Carnathanâ€™s" HEIGHT="34" HPOS="584" ID="ST_434.10.8.5" STYLEREFS="Style_3" VPOS="1764" WIDTH="233" WC="0.82" CC="00000000090" TAGREFS=""/>
            <SP HPOS="817" ID="SP_434.10.8.6" VPOS="1764" WIDTH="12"/>
            <String CONTENT="lawyer" HEIGHT="42" HPOS="829" ID="ST_434.10.8.7" STYLEREFS="Style_3" VPOS="1764" WIDTH="126" WC="0.96" CC="000000" TAGREFS=""/>
            <SP HPOS="955" ID="SP_434.10.8.8" VPOS="1763" WIDTH="12"/>
            <String CONTENT="agreed" HEIGHT="43" HPOS="967" ID="ST_434.10.8.9" STYLEREFS="Style_3" VPOS="1763" WIDTH="126" WC="0.99" CC="000000" TAGREFS=""/>
            <SP HPOS="1093" ID="SP_434.10.8.10" VPOS="1768" WIDTH="11"/>
            <String CONTENT="to" HEIGHT="29" HPOS="1104" ID="ST_434.10.8.11" STYLEREFS="Style_3" VPOS="1768" WIDTH="36" WC="1.00" CC="00" TAGREFS=""/>
            <SP HPOS="1140" ID="SP_434.10.8.12" VPOS="1763" WIDTH="11"/>
            <String CONTENT="allow" HEIGHT="34" HPOS="1151" ID="ST_434.10.8.13" STYLEREFS="Style_3" VPOS="1763" WIDTH="99" WC="1.00" CC="00000" TAGREFS=""/>
            <SP HPOS="1250" ID="SP_434.10.8.14" VPOS="1763" WIDTH="12"/>
            <String CONTENT="Farm" HEIGHT="34" HPOS="1262" ID="ST_434.10.8.15" STYLEREFS="Style_3" VPOS="1763" WIDTH="104" WC="0.91" CC="0000" TAGREFS=""/>
            <SP HPOS="1366" ID="SP_434.10.8.16" VPOS="1763" WIDTH="11"/>
            <String CONTENT="Bureau" HEIGHT="33" HPOS="1377" ID="ST_434.10.8.17" STYLEREFS="Style_3" VPOS="1763" WIDTH="137" WC="0.93" CC="000000" TAGREFS=""/>
          </TextLine>
          <TextLine HEIGHT="46" HPOS="302" ID="TL_434.10.9" VPOS="1811" WIDTH="1212">
            <String CONTENT="to" HEIGHT="29" HPOS="302" ID="ST_434.10.9.1" STYLEREFS="Style_3" VPOS="1819" WIDTH="35" WC="1.00" CC="00" TAGREFS=""/>
            <SP HPOS="337" ID="SP_434.10.9.2" VPOS="1813" WIDTH="14"/>
            <String CONTENT="proceed" HEIGHT="44" HPOS="351" ID="ST_434.10.9.3" STYLEREFS="Style_3" VPOS="1813" WIDTH="146" WC="1.00" CC="0000000" TAGREFS=""/>
            <SP HPOS="497" ID="SP_434.10.9.4" VPOS="1814" WIDTH="16"/>
            <String CONTENT="in" HEIGHT="33" HPOS="513" ID="ST_434.10.9.5" STYLEREFS="Style_3" VPOS="1814" WIDTH="34" WC="0.92" CC="00" TAGREFS=""/>
            <SP HPOS="547" ID="SP_434.10.9.6" VPOS="1813" WIDTH="14"/>
            <String CONTENT="the" HEIGHT="35" HPOS="561" ID="ST_434.10.9.7" STYLEREFS="Style_3" VPOS="1813" WIDTH="59" WC="1.00" CC="000" TAGREFS=""/>
            <SP HPOS="620" ID="SP_434.10.9.8" VPOS="1818" WIDTH="15"/>
            <String CONTENT="matter," HEIGHT="35" HPOS="635" ID="ST_434.10.9.9" STYLEREFS="Style_3" VPOS="1818" WIDTH="137" WC="0.95" CC="0000000" TAGREFS=""/>
            <SP HPOS="772" ID="SP_434.10.9.10" VPOS="1812" WIDTH="16"/>
            <String CONTENT="and" HEIGHT="35" HPOS="788" ID="ST_434.10.9.11" STYLEREFS="Style_3" VPOS="1812" WIDTH="69" WC="0.95" CC="000" TAGREFS=""/>
            <SP HPOS="857" ID="SP_434.10.9.12" VPOS="1813" WIDTH="14"/>
            <String CONTENT="the" HEIGHT="34" HPOS="871" ID="ST_434.10.9.13" STYLEREFS="Style_3" VPOS="1813" WIDTH="59" WC="0.90" CC="000" TAGREFS=""/>
            <SP HPOS="930" ID="SP_434.10.9.14" VPOS="1813" WIDTH="14"/>
            <String CONTENT="courtâ€™s" HEIGHT="34" HPOS="944" ID="ST_434.10.9.15" STYLEREFS="Style_3" VPOS="1813" WIDTH="127" WC="0.93" CC="0000000" TAGREFS=""/>
            <SP HPOS="1071" ID="SP_434.10.9.16" VPOS="1812" WIDTH="14"/>
            <String CONTENT="order" HEIGHT="34" HPOS="1085" ID="ST_434.10.9.17" STYLEREFS="Style_3" VPOS="1812" WIDTH="100" WC="1.00" CC="00000" TAGREFS=""/>
            <SP HPOS="1185" ID="SP_434.10.9.18" VPOS="1812" WIDTH="15"/>
            <String CONTENT="said" HEIGHT="34" HPOS="1200" ID="ST_434.10.9.19" STYLEREFS="Style_3" VPOS="1812" WIDTH="74" WC="0.97" CC="0000" TAGREFS=""/>
            <SP HPOS="1274" ID="SP_434.10.9.20" VPOS="1812" WIDTH="15"/>
            <String CONTENT="both" HEIGHT="34" HPOS="1289" ID="ST_434.10.9.21" STYLEREFS="Style_3" VPOS="1812" WIDTH="83" WC="0.85" CC="0000" TAGREFS=""/>
            <SP HPOS="1372" ID="SP_434.10.9.22" VPOS="1811" WIDTH="15"/>
            <String CONTENT="parties" HEIGHT="44" HPOS="1387" ID="ST_434.10.9.23" STYLEREFS="Style_3" VPOS="1811" WIDTH="127" WC="0.89" CC="0000000" TAGREFS=""/>
          </TextLine>
          <TextLine HEIGHT="45" HPOS="301" ID="TL_434.10.10" VPOS="1861" WIDTH="1213">
            <String CONTENT="were" HEIGHT="23" HPOS="301" ID="ST_434.10.10.1" STYLEREFS="Style_3" VPOS="1874" WIDTH="90" WC="0.97" CC="0000" TAGREFS=""/>
            <SP HPOS="391" ID="SP_434.10.10.2" VPOS="1863" WIDTH="20"/>
            <String CONTENT="â€œagreeable" HEIGHT="43" HPOS="411" ID="ST_434.10.10.3" STYLEREFS="Style_3" VPOS="1863" WIDTH="206" WC="0.90" CC="9000000000" TAGREFS=""/>
            <SP HPOS="617" ID="SP_434.10.10.4" VPOS="1862" WIDTH="19"/>
            <String CONTENT="for" HEIGHT="35" HPOS="636" ID="ST_434.10.10.5" STYLEREFS="Style_3" VPOS="1862" WIDTH="54" WC="0.97" CC="000" TAGREFS=""/>
            <SP HPOS="690" ID="SP_434.10.10.6" VPOS="1863" WIDTH="20"/>
            <String CONTENT="the" HEIGHT="34" HPOS="710" ID="ST_434.10.10.7" STYLEREFS="Style_3" VPOS="1863" WIDTH="59" WC="0.84" CC="000" TAGREFS=""/>
            <SP HPOS="769" ID="SP_434.10.10.8" VPOS="1868" WIDTH="19"/>
            <String CONTENT="court" HEIGHT="29" HPOS="788" ID="ST_434.10.10.9" STYLEREFS="Style_3" VPOS="1868" WIDTH="99" WC="0.94" CC="00000" TAGREFS=""/>
            <SP HPOS="887" ID="SP_434.10.10.10" VPOS="1867" WIDTH="19"/>
            <String CONTENT="to" HEIGHT="29" HPOS="906" ID="ST_434.10.10.11" STYLEREFS="Style_3" VPOS="1867" WIDTH="36" WC="1.00" CC="00" TAGREFS=""/>
            <SP HPOS="942" ID="SP_434.10.10.12" VPOS="1862" WIDTH="20"/>
            <String CONTENT="decide" HEIGHT="35" HPOS="962" ID="ST_434.10.10.13" STYLEREFS="Style_3" VPOS="1862" WIDTH="121" WC="0.99" CC="000000" TAGREFS=""/>
            <SP HPOS="1083" ID="SP_434.10.10.14" VPOS="1873" WIDTH="19"/>
            <String CONTENT="a" HEIGHT="23" HPOS="1102" ID="ST_434.10.10.15" STYLEREFS="Style_3" VPOS="1873" WIDTH="21" WC="1.00" CC="0" TAGREFS=""/>
            <SP HPOS="1123" ID="SP_434.10.10.16" VPOS="1862" WIDTH="20"/>
            <String CONTENT="question" HEIGHT="43" HPOS="1143" ID="ST_434.10.10.17" STYLEREFS="Style_3" VPOS="1862" WIDTH="157" WC="0.93" CC="00000000" TAGREFS=""/>
            <SP HPOS="1300" ID="SP_434.10.10.18" VPOS="1861" WIDTH="20"/>
            <String CONTENT="which" HEIGHT="35" HPOS="1320" ID="ST_434.10.10.19" STYLEREFS="Style_3" VPOS="1861" WIDTH="112" WC="0.88" CC="00000" TAGREFS=""/>
            <SP HPOS="1432" ID="SP_434.10.10.20" VPOS="1861" WIDTH="20"/>
            <String CONTENT="has" HEIGHT="34" HPOS="1452" ID="ST_434.10.10.21" STYLEREFS="Style_3" VPOS="1861" WIDTH="62" WC="0.94" CC="000" TAGREFS=""/>
          </TextLine>
          <TextLine HEIGHT="46" HPOS="302" ID="TL_434.10.11" VPOS="1910" WIDTH="1212">
            <String CONTENT="arisen" HEIGHT="34" HPOS="302" ID="ST_434.10.11.1" STYLEREFS="Style_3" VPOS="1913" WIDTH="112" WC="0.98" CC="000000" TAGREFS=""/>
            <SP HPOS="414" ID="SP_434.10.11.2" VPOS="1923" WIDTH="13"/>
            <String CONTENT="over" HEIGHT="24" HPOS="427" ID="ST_434.10.11.3" STYLEREFS="Style_3" VPOS="1923" WIDTH="79" WC="1.00" CC="0000" TAGREFS=""/>
            <SP HPOS="506" ID="SP_434.10.11.4" VPOS="1924" WIDTH="12"/>
            <String CONTENT="a" HEIGHT="23" HPOS="518" ID="ST_434.10.11.5" STYLEREFS="Style_3" VPOS="1924" WIDTH="20" WC="1.00" CC="0" TAGREFS=""/>
            <SP HPOS="538" ID="SP_434.10.11.6" VPOS="1913" WIDTH="14"/>
            <String CONTENT="portion" HEIGHT="43" HPOS="552" ID="ST_434.10.11.7" STYLEREFS="Style_3" VPOS="1913" WIDTH="134" WC="0.90" CC="0000000" TAGREFS=""/>
            <SP HPOS="686" ID="SP_434.10.11.8" VPOS="1912" WIDTH="13"/>
            <String CONTENT="of" HEIGHT="35" HPOS="699" ID="ST_434.10.11.9" STYLEREFS="Style_3" VPOS="1912" WIDTH="39" WC="1.00" CC="00" TAGREFS=""/>
            <SP HPOS="738" ID="SP_434.10.11.10" VPOS="1912" WIDTH="9"/>
            <String CONTENT="the" HEIGHT="35" HPOS="747" ID="ST_434.10.11.11" STYLEREFS="Style_3" VPOS="1912" WIDTH="59" WC="0.85" CC="000" TAGREFS=""/>
            <SP HPOS="806" ID="SP_434.10.11.12" VPOS="1912" WIDTH="11"/>
            <String CONTENT="settlement" HEIGHT="35" HPOS="817" ID="ST_434.10.11.13" STYLEREFS="Style_3" VPOS="1912" WIDTH="199" WC="0.99" CC="0000000000" TAGREFS=""/>
            <SP HPOS="1016" ID="SP_434.10.11.14" VPOS="1911" WIDTH="12"/>
            <String CONTENT="proceeds.â€" HEIGHT="45" HPOS="1028" ID="ST_434.10.11.15" STYLEREFS="Style_3" VPOS="1911" WIDTH="198" WC="0.90" CC="0000000009" TAGREFS=""/>
            <SP HPOS="1226" ID="SP_434.10.11.16" VPOS="1911" WIDTH="13"/>
            <String CONTENT="The" HEIGHT="35" HPOS="1239" ID="ST_434.10.11.17" STYLEREFS="Style_3" VPOS="1911" WIDTH="74" WC="0.77" CC="000" TAGREFS=""/>
            <SP HPOS="1313" ID="SP_434.10.11.18" VPOS="1916" WIDTH="11"/>
            <String CONTENT="court" HEIGHT="30" HPOS="1324" ID="ST_434.10.11.19" STYLEREFS="Style_3" VPOS="1916" WIDTH="99" WC="0.95" CC="00000" TAGREFS=""/>
            <SP HPOS="1423" ID="SP_434.10.11.20" VPOS="1910" WIDTH="12"/>
            <String CONTENT="held" HEIGHT="35" HPOS="1435" ID="ST_434.10.11.21" STYLEREFS="Style_3" VPOS="1910" WIDTH="79" WC="0.86" CC="0000" TAGREFS=""/>
          </TextLine>
          <TextLine HEIGHT="43" HPOS="303" ID="TL_434.10.12" VPOS="1961" WIDTH="1212">
            <String CONTENT="Farm" HEIGHT="34" HPOS="303" ID="ST_434.10.12.1" STYLEREFS="Style_3" VPOS="1963" WIDTH="103" WC="1.00" CC="0000" TAGREFS=""/>
            <SP HPOS="406" ID="SP_434.10.12.2" VPOS="1963" WIDTH="22"/>
            <String CONTENT="Bureau" HEIGHT="34" HPOS="428" ID="ST_434.10.12.3" STYLEREFS="Style_3" VPOS="1963" WIDTH="137" WC="0.88" CC="000000" TAGREFS=""/>
            <SP HPOS="565" ID="SP_434.10.12.4" VPOS="1973" WIDTH="22"/>
            <String CONTENT="was" HEIGHT="24" HPOS="587" ID="ST_434.10.12.5" STYLEREFS="Style_3" VPOS="1973" WIDTH="70" WC="1.00" CC="000" TAGREFS=""/>
            <SP HPOS="657" ID="SP_434.10.12.6" VPOS="1962" WIDTH="21"/>
            <String CONTENT="entitled" HEIGHT="35" HPOS="678" ID="ST_434.10.12.7" STYLEREFS="Style_3" VPOS="1962" WIDTH="143" WC="0.95" CC="00000000" TAGREFS=""/>
            <SP HPOS="821" ID="SP_434.10.12.8" VPOS="1967" WIDTH="22"/>
            <String CONTENT="to" HEIGHT="30" HPOS="843" ID="ST_434.10.12.9" STYLEREFS="Style_3" VPOS="1967" WIDTH="36" WC="1.00" CC="00" TAGREFS=""/>
            <SP HPOS="879" ID="SP_434.10.12.10" VPOS="1962" WIDTH="21"/>
            <String CONTENT="the" HEIGHT="35" HPOS="900" ID="ST_434.10.12.11" STYLEREFS="Style_3" VPOS="1962" WIDTH="59" WC="0.84" CC="000" TAGREFS=""/>
            <SP HPOS="959" ID="SP_434.10.12.12" VPOS="1962" WIDTH="21"/>
            <String CONTENT="entire" HEIGHT="34" HPOS="980" ID="ST_434.10.12.13" STYLEREFS="Style_3" VPOS="1962" WIDTH="110" WC="1.00" CC="000000" TAGREFS=""/>
            <SP HPOS="1090" ID="SP_434.10.12.14" VPOS="1962" WIDTH="21"/>
            <String CONTENT="$2,402.59" HEIGHT="41" HPOS="1111" ID="ST_434.10.12.15" STYLEREFS="Style_3" VPOS="1962" WIDTH="185" WC="0.96" CC="000000000" TAGREFS=""/>
            <SP HPOS="1296" ID="SP_434.10.12.16" VPOS="1961" WIDTH="23"/>
            <String CONTENT="essentially" HEIGHT="43" HPOS="1319" ID="ST_434.10.12.17" STYLEREFS="Style_3" VPOS="1961" WIDTH="196" WC="0.98" CC="00000000000" TAGREFS=""/>
          </TextLine>
          <TextLine HEIGHT="45" HPOS="302" ID="TL_434.10.13" VPOS="2011" WIDTH="1212">
            <String CONTENT="because" HEIGHT="34" HPOS="302" ID="ST_434.10.13.1" STYLEREFS="Style_3" VPOS="2013" WIDTH="148" WC="0.96" CC="0000000" TAGREFS=""/>
            <SP HPOS="450" ID="SP_434.10.13.2" VPOS="2012" WIDTH="22"/>
            <String CONTENT="it" HEIGHT="35" HPOS="472" ID="ST_434.10.13.3" STYLEREFS="Style_3" VPOS="2012" WIDTH="26" WC="1.00" CC="00" TAGREFS=""/>
            <SP HPOS="498" ID="SP_434.10.13.4" VPOS="2012" WIDTH="21"/>
            <String CONTENT="had" HEIGHT="35" HPOS="519" ID="ST_434.10.13.5" STYLEREFS="Style_3" VPOS="2012" WIDTH="69" WC="0.93" CC="000" TAGREFS=""/>
            <SP HPOS="588" ID="SP_434.10.13.6" VPOS="2017" WIDTH="22"/>
            <String CONTENT="not" HEIGHT="30" HPOS="610" ID="ST_434.10.13.7" STYLEREFS="Style_3" VPOS="2017" WIDTH="59" WC="1.00" CC="000" TAGREFS=""/>
            <SP HPOS="669" ID="SP_434.10.13.8" VPOS="2012" WIDTH="21"/>
            <String CONTENT="employed" HEIGHT="44" HPOS="690" ID="ST_434.10.13.9" STYLEREFS="Style_3" VPOS="2012" WIDTH="181" WC="1.00" CC="00000000" TAGREFS=""/>
            <SP HPOS="871" ID="SP_434.10.13.10" VPOS="2013" WIDTH="23"/>
            <String CONTENT="Ms." HEIGHT="33" HPOS="894" ID="ST_434.10.13.11" STYLEREFS="Style_3" VPOS="2013" WIDTH="70" WC="1.00" CC="000" TAGREFS=""/>
            <SP HPOS="964" ID="SP_434.10.13.12" VPOS="2012" WIDTH="23"/>
            <String CONTENT="Carnathanâ€™s" HEIGHT="35" HPOS="987" ID="ST_434.10.13.13" STYLEREFS="Style_3" VPOS="2012" WIDTH="234" WC="0.91" CC="00000000000" TAGREFS=""/>
            <SP HPOS="1221" ID="SP_434.10.13.14" VPOS="2011" WIDTH="21"/>
            <String CONTENT="lawyers" HEIGHT="44" HPOS="1242" ID="ST_434.10.13.15" STYLEREFS="Style_3" VPOS="2011" WIDTH="143" WC="0.96" CC="0000000" TAGREFS=""/>
            <SP HPOS="1385" ID="SP_434.10.13.16" VPOS="2016" WIDTH="21"/>
            <String CONTENT="to" HEIGHT="29" HPOS="1406" ID="ST_434.10.13.17" STYLEREFS="Style_3" VPOS="2016" WIDTH="36" WC="1.00" CC="00" TAGREFS=""/>
            <SP HPOS="1442" ID="SP_434.10.13.18" VPOS="2021" WIDTH="21"/>
            <String CONTENT="re-" HEIGHT="24" HPOS="1463" ID="ST_434.10.13.19" STYLEREFS="Style_3" VPOS="2021" WIDTH="51" WC="0.87" CC="000" TAGREFS=""/>
          </TextLine>
          <TextLine HEIGHT="44" HPOS="301" ID="TL_434.10.14" VPOS="2062" WIDTH="374">
            <String CONTENT="present" HEIGHT="39" HPOS="301" ID="ST_434.10.14.1" STYLEREFS="Style_3" VPOS="2067" WIDTH="138" WC="0.97" CC="0000000" TAGREFS=""/>
            <SP HPOS="439" ID="SP_434.10.14.2" VPOS="2062" WIDTH="20"/>
            <String CONTENT="its" HEIGHT="35" HPOS="459" ID="ST_434.10.14.3" STYLEREFS="Style_3" VPOS="2062" WIDTH="43" WC="1.00" CC="000" TAGREFS=""/>
            <SP HPOS="502" ID="SP_434.10.14.4" VPOS="2062" WIDTH="21"/>
            <String CONTENT="interest." HEIGHT="35" HPOS="523" ID="ST_434.10.14.5" STYLEREFS="Style_3" VPOS="2062" WIDTH="152" WC="1.00" CC="000000000" TAGREFS=""/>
          </TextLine>
        </TextBlock>
        <TextBlock HEIGHT="294.0" HPOS="301.0" ID="BL_434.11" TAGREFS="b434-11" VPOS="2136.0" WIDTH="1214.0">
          <TextLine HEIGHT="37" HPOS="393" ID="TL_434.11.1" VPOS="2136" WIDTH="1121">
            <String CONTENT="Ms." HEIGHT="34" HPOS="393" ID="ST_434.11.1.1" STYLEREFS="Style_3" VPOS="2139" WIDTH="70" WC="1.00" CC="000" TAGREFS=""/>
            <SP HPOS="463" ID="SP_434.11.1.2" VPOS="2138" WIDTH="14"/>
            <String CONTENT="Carnathan" HEIGHT="35" HPOS="477" ID="ST_434.11.1.3" STYLEREFS="Style_3" VPOS="2138" WIDTH="204" WC="0.98" CC="000000000" TAGREFS=""/>
            <SP HPOS="681" ID="SP_434.11.1.4" VPOS="2137" WIDTH="12"/>
            <String CONTENT="contends" HEIGHT="35" HPOS="693" ID="ST_434.11.1.5" STYLEREFS="Style_3" VPOS="2137" WIDTH="165" WC="0.96" CC="00000000" TAGREFS=""/>
            <SP HPOS="858" ID="SP_434.11.1.6" VPOS="2138" WIDTH="13"/>
            <String CONTENT="the" HEIGHT="34" HPOS="871" ID="ST_434.11.1.7" STYLEREFS="Style_3" VPOS="2138" WIDTH="59" WC="1.00" CC="000" TAGREFS=""/>
            <SP HPOS="930" ID="SP_434.11.1.8" VPOS="2137" WIDTH="10"/>
            <String CONTENT="claim" HEIGHT="35" HPOS="940" ID="ST_434.11.1.9" STYLEREFS="Style_3" VPOS="2137" WIDTH="105" WC="0.93" CC="00000" TAGREFS=""/>
            <SP HPOS="1045" ID="SP_434.11.1.10" VPOS="2137" WIDTH="10"/>
            <String CONTENT="of" HEIGHT="35" HPOS="1055" ID="ST_434.11.1.11" STYLEREFS="Style_3" VPOS="2137" WIDTH="40" WC="1.00" CC="00" TAGREFS=""/>
            <SP HPOS="1095" ID="SP_434.11.1.12" VPOS="2138" WIDTH="10"/>
            <String CONTENT="Farm" HEIGHT="33" HPOS="1105" ID="ST_434.11.1.13" STYLEREFS="Style_3" VPOS="2138" WIDTH="103" WC="1.00" CC="0000" TAGREFS=""/>
            <SP HPOS="1208" ID="SP_434.11.1.14" VPOS="2138" WIDTH="12"/>
            <String CONTENT="Bureau" HEIGHT="33" HPOS="1220" ID="ST_434.11.1.15" STYLEREFS="Style_3" VPOS="2138" WIDTH="137" WC="0.94" CC="000000" TAGREFS=""/>
            <SP HPOS="1357" ID="SP_434.11.1.16" VPOS="2137" WIDTH="12"/>
            <String CONTENT="is" HEIGHT="34" HPOS="1369" ID="ST_434.11.1.17" STYLEREFS="Style_3" VPOS="2137" WIDTH="27" WC="0.93" CC="00" TAGREFS=""/>
            <SP HPOS="1396" ID="SP_434.11.1.18" VPOS="2136" WIDTH="12"/>
            <String CONTENT="based" HEIGHT="35" HPOS="1408" ID="ST_434.11.1.19" STYLEREFS="Style_3" VPOS="2136" WIDTH="106" WC="0.96" CC="00000" TAGREFS=""/>
          </TextLine>
          <TextLine HEIGHT="45" HPOS="301" ID="TL_434.11.2" VPOS="2186" WIDTH="1211">
            <String CONTENT="solely" HEIGHT="43" HPOS="301" ID="ST_434.11.2.1" STYLEREFS="Style_3" VPOS="2188" WIDTH="107" WC="0.89" CC="000000" TAGREFS=""/>
            <SP HPOS="408" ID="SP_434.11.2.2" VPOS="2198" WIDTH="18"/>
            <String CONTENT="on" HEIGHT="24" HPOS="426" ID="ST_434.11.2.3" STYLEREFS="Style_3" VPOS="2198" WIDTH="44" WC="1.00" CC="00" TAGREFS=""/>
            <SP HPOS="470" ID="SP_434.11.2.4" VPOS="2188" WIDTH="18"/>
            <String CONTENT="Ark." HEIGHT="34" HPOS="488" ID="ST_434.11.2.5" STYLEREFS="Style_3" VPOS="2188" WIDTH="85" WC="0.91" CC="0000" TAGREFS=""/>
            <SP HPOS="573" ID="SP_434.11.2.6" VPOS="2188" WIDTH="21"/>
            <String CONTENT="Stat." HEIGHT="34" HPOS="594" ID="ST_434.11.2.7" STYLEREFS="Style_3" VPOS="2188" WIDTH="89" WC="1.00" CC="00000" TAGREFS=""/>
            <SP HPOS="683" ID="SP_434.11.2.8" VPOS="2189" WIDTH="20"/>
            <String CONTENT="Ann." HEIGHT="32" HPOS="703" ID="ST_434.11.2.9" STYLEREFS="Style_3" VPOS="2189" WIDTH="91" WC="0.91" CC="0000" TAGREFS=""/>
            <SP HPOS="794" ID="SP_434.11.2.10" VPOS="2187" WIDTH="23"/>
            <String CONTENT="Â§Â§" HEIGHT="43" HPOS="817" ID="ST_434.11.2.11" STYLEREFS="Style_3" VPOS="2187" WIDTH="41" WC="1.00" CC="00" TAGREFS=""/>
            <SP HPOS="858" ID="SP_434.11.2.12" VPOS="2188" WIDTH="21"/>
            <String CONTENT="66-4014" HEIGHT="33" HPOS="879" ID="ST_434.11.2.13" STYLEREFS="Style_3" VPOS="2188" WIDTH="155" WC="1.00" CC="0000000" TAGREFS=""/>
            <SP HPOS="1034" ID="SP_434.11.2.14" VPOS="2187" WIDTH="19"/>
            <String CONTENT="through" HEIGHT="43" HPOS="1053" ID="ST_434.11.2.15" STYLEREFS="Style_3" VPOS="2187" WIDTH="150" WC="0.86" CC="0000000" TAGREFS=""/>
            <SP HPOS="1203" ID="SP_434.11.2.16" VPOS="2187" WIDTH="20"/>
            <String CONTENT="66-4019" HEIGHT="34" HPOS="1223" ID="ST_434.11.2.17" STYLEREFS="Style_3" VPOS="2187" WIDTH="153" WC="0.99" CC="0000000" TAGREFS=""/>
            <SP HPOS="1376" ID="SP_434.11.2.18" VPOS="2186" WIDTH="21"/>
            <String CONTENT="(Repl." HEIGHT="44" HPOS="1397" ID="ST_434.11.2.19" STYLEREFS="Style_3" VPOS="2186" WIDTH="115" WC="0.96" CC="000090" TAGREFS=""/>
          </TextLine>
          <TextLine HEIGHT="46" HPOS="306" ID="TL_434.11.3" VPOS="2235" WIDTH="1208">
            <String CONTENT="1980" HEIGHT="33" HPOS="306" ID="ST_434.11.3.1" STYLEREFS="Style_3" VPOS="2239" WIDTH="88" WC="0.99" CC="9900" TAGREFS=""/>
            <SP HPOS="394" ID="SP_434.11.3.2" VPOS="2237" WIDTH="10"/>
            <String CONTENT="and" HEIGHT="35" HPOS="404" ID="ST_434.11.3.3" STYLEREFS="Style_3" VPOS="2237" WIDTH="69" WC="0.91" CC="000" TAGREFS=""/>
            <SP HPOS="473" ID="SP_434.11.3.4" VPOS="2237" WIDTH="10"/>
            <String CONTENT="Supp." HEIGHT="44" HPOS="483" ID="ST_434.11.3.5" STYLEREFS="Style_3" VPOS="2237" WIDTH="108" WC="1.00" CC="00000" TAGREFS=""/>
            <SP HPOS="591" ID="SP_434.11.3.6" VPOS="2237" WIDTH="16"/>
            <String CONTENT="1985)," HEIGHT="42" HPOS="607" ID="ST_434.11.3.7" STYLEREFS="Style_3" VPOS="2237" WIDTH="117" WC="0.97" CC="990000" TAGREFS=""/>
            <SP HPOS="724" ID="SP_434.11.3.8" VPOS="2248" WIDTH="11"/>
            <String CONTENT="our" HEIGHT="23" HPOS="735" ID="ST_434.11.3.9" STYLEREFS="Style_3" VPOS="2248" WIDTH="62" WC="0.84" CC="000" TAGREFS=""/>
            <SP HPOS="797" ID="SP_434.11.3.10" VPOS="2248" WIDTH="10"/>
            <String CONTENT="no" HEIGHT="23" HPOS="807" ID="ST_434.11.3.11" STYLEREFS="Style_3" VPOS="2248" WIDTH="45" WC="0.86" CC="00" TAGREFS=""/>
            <SP HPOS="852" ID="SP_434.11.3.12" VPOS="2237" WIDTH="10"/>
            <String CONTENT="fault" HEIGHT="34" HPOS="862" ID="ST_434.11.3.13" STYLEREFS="Style_3" VPOS="2237" WIDTH="90" WC="0.96" CC="00000" TAGREFS=""/>
            <SP HPOS="952" ID="SP_434.11.3.14" VPOS="2237" WIDTH="9"/>
            <String CONTENT="insurance" HEIGHT="34" HPOS="961" ID="ST_434.11.3.15" STYLEREFS="Style_3" VPOS="2237" WIDTH="183" WC="0.94" CC="000000000" TAGREFS=""/>
            <SP HPOS="1144" ID="SP_434.11.3.16" VPOS="2236" WIDTH="10"/>
            <String CONTENT="law," HEIGHT="41" HPOS="1154" ID="ST_434.11.3.17" STYLEREFS="Style_3" VPOS="2236" WIDTH="76" WC="0.96" CC="0000" TAGREFS=""/>
            <SP HPOS="1230" ID="SP_434.11.3.18" VPOS="2236" WIDTH="10"/>
            <String CONTENT="which" HEIGHT="34" HPOS="1240" ID="ST_434.11.3.19" STYLEREFS="Style_3" VPOS="2236" WIDTH="112" WC="0.86" CC="00000" TAGREFS=""/>
            <SP HPOS="1352" ID="SP_434.11.3.20" VPOS="2235" WIDTH="11"/>
            <String CONTENT="requires" HEIGHT="44" HPOS="1363" ID="ST_434.11.3.21" STYLEREFS="Style_3" VPOS="2235" WIDTH="151" WC="1.00" CC="00000000" TAGREFS=""/>
          </TextLine>
          <TextLine HEIGHT="45" HPOS="302" ID="TL_434.11.4" VPOS="2286" WIDTH="1212">
            <String CONTENT="every" HEIGHT="33" HPOS="302" ID="ST_434.11.4.1" STYLEREFS="Style_3" VPOS="2298" WIDTH="100" WC="0.88" CC="00000" TAGREFS=""/>
            <SP HPOS="402" ID="SP_434.11.4.2" VPOS="2287" WIDTH="9"/>
            <String CONTENT="automobile" HEIGHT="35" HPOS="411" ID="ST_434.11.4.3" STYLEREFS="Style_3" VPOS="2287" WIDTH="213" WC="0.95" CC="0000000000" TAGREFS=""/>
            <SP HPOS="624" ID="SP_434.11.4.4" VPOS="2287" WIDTH="9"/>
            <String CONTENT="liability" HEIGHT="43" HPOS="633" ID="ST_434.11.4.5" STYLEREFS="Style_3" VPOS="2287" WIDTH="147" WC="0.99" CC="000000000" TAGREFS=""/>
            <SP HPOS="780" ID="SP_434.11.4.6" VPOS="2287" WIDTH="9"/>
            <String CONTENT="insurance" HEIGHT="34" HPOS="789" ID="ST_434.11.4.7" STYLEREFS="Style_3" VPOS="2287" WIDTH="183" WC="0.86" CC="000000000" TAGREFS=""/>
            <SP HPOS="972" ID="SP_434.11.4.8" VPOS="2286" WIDTH="9"/>
            <String CONTENT="policy" HEIGHT="44" HPOS="981" ID="ST_434.11.4.9" STYLEREFS="Style_3" VPOS="2286" WIDTH="113" WC="1.00" CC="000000" TAGREFS=""/>
            <SP HPOS="1094" ID="SP_434.11.4.10" VPOS="2286" WIDTH="8"/>
            <String CONTENT="written" HEIGHT="34" HPOS="1102" ID="ST_434.11.4.11" STYLEREFS="Style_3" VPOS="2286" WIDTH="136" WC="0.94" CC="0000000" TAGREFS=""/>
            <SP HPOS="1238" ID="SP_434.11.4.12" VPOS="2286" WIDTH="10"/>
            <String CONTENT="in" HEIGHT="34" HPOS="1248" ID="ST_434.11.4.13" STYLEREFS="Style_3" VPOS="2286" WIDTH="35" WC="0.94" CC="00" TAGREFS=""/>
            <SP HPOS="1283" ID="SP_434.11.4.14" VPOS="2286" WIDTH="9"/>
            <String CONTENT="Arkansas" HEIGHT="34" HPOS="1292" ID="ST_434.11.4.15" STYLEREFS="Style_3" VPOS="2286" WIDTH="177" WC="0.97" CC="00000000" TAGREFS=""/>
            <SP HPOS="1469" ID="SP_434.11.4.16" VPOS="2290" WIDTH="10"/>
            <String CONTENT="to" HEIGHT="29" HPOS="1479" ID="ST_434.11.4.17" STYLEREFS="Style_3" VPOS="2290" WIDTH="35" WC="0.93" CC="00" TAGREFS=""/>
          </TextLine>
          <TextLine HEIGHT="46" HPOS="302" ID="TL_434.11.5" VPOS="2335" WIDTH="1212">
            <String CONTENT="include" HEIGHT="35" HPOS="302" ID="ST_434.11.5.1" STYLEREFS="Style_3" VPOS="2337" WIDTH="137" WC="0.88" CC="0000000" TAGREFS=""/>
            <SP HPOS="439" ID="SP_434.11.5.2" VPOS="2348" WIDTH="9"/>
            <String CONTENT="a" HEIGHT="24" HPOS="448" ID="ST_434.11.5.3" STYLEREFS="Style_3" VPOS="2348" WIDTH="20" WC="1.00" CC="0" TAGREFS=""/>
            <SP HPOS="468" ID="SP_434.11.5.4" VPOS="2337" WIDTH="10"/>
            <String CONTENT="provision" HEIGHT="44" HPOS="478" ID="ST_434.11.5.5" STYLEREFS="Style_3" VPOS="2337" WIDTH="170" WC="0.93" CC="000000000" TAGREFS=""/>
            <SP HPOS="648" ID="SP_434.11.5.6" VPOS="2336" WIDTH="10"/>
            <String CONTENT="for" HEIGHT="35" HPOS="658" ID="ST_434.11.5.7" STYLEREFS="Style_3" VPOS="2336" WIDTH="53" WC="1.00" CC="000" TAGREFS=""/>
            <SP HPOS="711" ID="SP_434.11.5.8" VPOS="2342" WIDTH="9"/>
            <String CONTENT="payment" HEIGHT="39" HPOS="720" ID="ST_434.11.5.9" STYLEREFS="Style_3" VPOS="2342" WIDTH="165" WC="0.94" CC="0000000" TAGREFS=""/>
            <SP HPOS="885" ID="SP_434.11.5.10" VPOS="2336" WIDTH="8"/>
            <String CONTENT="of" HEIGHT="35" HPOS="893" ID="ST_434.11.5.11" STYLEREFS="Style_3" VPOS="2336" WIDTH="40" WC="1.00" CC="00" TAGREFS=""/>
            <SP HPOS="933" ID="SP_434.11.5.12" VPOS="2336" WIDTH="5"/>
            <String CONTENT="minimum" HEIGHT="35" HPOS="938" ID="ST_434.11.5.13" STYLEREFS="Style_3" VPOS="2336" WIDTH="185" WC="0.76" CC="0000000" TAGREFS=""/>
            <SP HPOS="1123" ID="SP_434.11.5.14" VPOS="2335" WIDTH="8"/>
            <String CONTENT="medical" HEIGHT="35" HPOS="1131" ID="ST_434.11.5.15" STYLEREFS="Style_3" VPOS="2335" WIDTH="149" WC="1.00" CC="0000000" TAGREFS=""/>
            <SP HPOS="1280" ID="SP_434.11.5.16" VPOS="2335" WIDTH="9"/>
            <String CONTENT="and" HEIGHT="35" HPOS="1289" ID="ST_434.11.5.17" STYLEREFS="Style_3" VPOS="2335" WIDTH="68" WC="0.92" CC="000" TAGREFS=""/>
            <SP HPOS="1357" ID="SP_434.11.5.18" VPOS="2335" WIDTH="9"/>
            <String CONTENT="hospital" HEIGHT="44" HPOS="1366" ID="ST_434.11.5.19" STYLEREFS="Style_3" VPOS="2335" WIDTH="148" WC="0.82" CC="00000000" TAGREFS=""/>
          </TextLine>
          <TextLine HEIGHT="46" HPOS="302" ID="TL_434.11.6" VPOS="2384" WIDTH="1213">
            <String CONTENT="benefits" HEIGHT="34" HPOS="302" ID="ST_434.11.6.1" STYLEREFS="Style_3" VPOS="2387" WIDTH="144" WC="0.94" CC="00000000" TAGREFS=""/>
            <SP HPOS="446" ID="SP_434.11.6.2" VPOS="2387" WIDTH="13"/>
            <String CONTENT="without" HEIGHT="34" HPOS="459" ID="ST_434.11.6.3" STYLEREFS="Style_3" VPOS="2387" WIDTH="145" WC="0.96" CC="0000000" TAGREFS=""/>
            <SP HPOS="604" ID="SP_434.11.6.4" VPOS="2386" WIDTH="13"/>
            <String CONTENT="regard" HEIGHT="44" HPOS="617" ID="ST_434.11.6.5" STYLEREFS="Style_3" VPOS="2386" WIDTH="124" WC="0.94" CC="000000" TAGREFS=""/>
            <SP HPOS="741" ID="SP_434.11.6.6" VPOS="2392" WIDTH="13"/>
            <String CONTENT="to" HEIGHT="29" HPOS="754" ID="ST_434.11.6.7" STYLEREFS="Style_3" VPOS="2392" WIDTH="35" WC="1.00" CC="00" TAGREFS=""/>
            <SP HPOS="789" ID="SP_434.11.6.8" VPOS="2386" WIDTH="13"/>
            <String CONTENT="fault," HEIGHT="41" HPOS="802" ID="ST_434.11.6.9" STYLEREFS="Style_3" VPOS="2386" WIDTH="100" WC="1.00" CC="000000" TAGREFS=""/>
            <SP HPOS="902" ID="SP_434.11.6.10" VPOS="2386" WIDTH="16"/>
            <String CONTENT="Â§" HEIGHT="43" HPOS="918" ID="ST_434.11.6.11" STYLEREFS="Style_3" VPOS="2386" WIDTH="18" WC="0.80" CC="0" TAGREFS=""/>
            <SP HPOS="936" ID="SP_434.11.6.12" VPOS="2385" WIDTH="15"/>
            <String CONTENT="66-4014(a)," HEIGHT="43" HPOS="951" ID="ST_434.11.6.13" STYLEREFS="Style_3" VPOS="2385" WIDTH="225" WC="1.00" CC="00000000000" TAGREFS=""/>
            <SP HPOS="1176" ID="SP_434.11.6.14" VPOS="2386" WIDTH="14"/>
            <String CONTENT="unless" HEIGHT="34" HPOS="1190" ID="ST_434.11.6.15" STYLEREFS="Style_3" VPOS="2386" WIDTH="114" WC="0.95" CC="000000" TAGREFS=""/>
            <SP HPOS="1304" ID="SP_434.11.6.16" VPOS="2384" WIDTH="13"/>
            <String CONTENT="rejected" HEIGHT="44" HPOS="1317" ID="ST_434.11.6.17" STYLEREFS="Style_3" VPOS="2384" WIDTH="150" WC="1.00" CC="00000000" TAGREFS=""/>
            <SP HPOS="1467" ID="SP_434.11.6.18" VPOS="2385" WIDTH="13"/>
            <String CONTENT="in" HEIGHT="34" HPOS="1480" ID="ST_434.11.6.19" STYLEREFS="Style_3" VPOS="2385" WIDTH="35" WC="1.00" CC="00" TAGREFS=""/>
          </TextLine>
        </TextBlock>
      </PrintSpace>
    </Page>
  </Layout>
</alto>
