1656 2693
127 421 129 34 benefit
278 421 76 34 that
375 421 59 34 the
455 426 100 39 party
577 421 62 34 has
662 421 154 34 received
839 420 68 35 and
929 421 27 34 it
977 421 28 34 is
1027 421 258 43 restitutionary
1307 421 35 34 in

127 476 135 29 nature.
279 471 93 40 Brill,
386 482 118 33 supra.
521 471 178 43 Recovery
712 482 81 32 may
807 471 43 34 be
863 470 69 34 had
946 470 110 35 under
1069 470 273 44 quasi-contract

128 521 115 34 where
258 520 145 35 services
419 521 87 34 have
521 520 87 34 been
626 520 207 44 performed,
850 520 154 35 whether
1020 520 182 44 requested
1218 531 38 23 or
1272 526 69 35 not,

128 570 113 34 which
257 570 87 34 have
360 569 170 36 benefited
546 581 20 23 a
583 575 110 38 party.
711 571 130 39 Dobbs,
858 569 204 35 Handbook
1077 582 44 23 on
1138 569 57 36 the
1210 572 81 32 Law
1305 570 46 43 of

128 619 199 41 Remedies,
354 620 17 42 §
397 621 56 33 4.2
479 619 138 44 (1973).
643 620 138 41 Courts,
807 620 166 40 however,
997 620 68 34 will
1089 620 80 44 only
1192 620 107 43 imply
1323 631 20 23 a

129 669 150 44 promise
298 675 35 29 to
353 680 66 34 pay
438 669 53 35 for
511 669 146 34 services
677 670 114 34 where
809 669 81 43 they
909 680 90 24 were
1018 669 167 35 rendered
1205 669 34 34 in
1259 670 84 34 such

128 719 270 34 circumstances
427 730 37 23 as
493 719 204 34 authorized
726 720 59 33 the
813 724 101 39 party
942 719 213 44 performing
1184 719 96 34 them
1308 725 35 29 to

128 768 173 35 entertain
313 779 20 24 a
346 768 202 35 reasonable
560 769 218 43 expectation
790 769 39 34 of
838 769 89 34 their
939 775 165 38 payment
1116 769 45 44 by
1172 769 60 34 the
1243 774 100 39 party

128 818 220 44 beneficiary.
365 820 112 39 Dunn,
495 829 119 33 supra.
632 819 301 43 Quasi-contracts
950 824 69 29 rest
1034 830 44 23 on
1094 819 60 35 the
1169 819 174 44 equitable

129 868 168 44 principle
312 869 76 34 that
405 869 234 34 “whatsoever
655 869 27 34 it
697 869 28 34 is
741 868 131 36 certain
888 869 76 34 that
980 880 20 24 a
1017 880 82 24 man
1114 869 108 43 ought
1238 874 35 30 to
1288 869 55 41 do,

129 918 77 35 that
221 918 60 35 the
295 919 64 34 law
374 929 163 34 supposes
552 919 73 34 him
640 924 36 29 to
691 919 87 35 have
791 919 173 44 promised
979 924 36 30 to
1029 919 44 35 do
1090 948 6 6 .
1124 948 7 6 .
1159 947 6 6 .
1182 919 128 35 Where
1323 931 20 23 a

129 973 102 39 party
243 968 63 35 has
319 968 33 35 in
365 969 88 43 good
466 968 89 35 faith
568 968 168 35 rendered
749 980 20 24 a
782 969 138 41 service,
934 974 60 29 not
1006 969 115 44 illegal
1134 980 38 24 or
1183 975 161 38 contrary

129 1024 36 29 to
181 1018 117 43 public
313 1019 122 43 policy,
452 1018 69 35 and
537 1018 59 35 the
611 1019 99 34 other
726 1024 100 39 party
841 1019 62 34 has
920 1019 166 44 accepted
1102 1019 69 35 and
1186 1019 84 35 used
1285 1020 59 34 the

129 1068 140 41 service,
290 1069 60 34 the
369 1068 128 36 former
518 1079 81 33 may
619 1069 173 35 recover.”
812 1070 113 39 Dunn,
947 1080 120 33 supra.

1275 280 65 33 537

220 1155 93 34 That
337 1155 27 34 is
388 1156 59 34 the
471 1155 166 35 situation
660 1167 52 23 we
736 1167 60 23 are
818 1155 205 36 confronted
1047 1157 83 34 with
1154 1156 92 34 here.
1270 1157 75 34 The

130 1205 173 44 appellees
320 1205 162 44 provided
497 1205 162 35 valuable
674 1206 145 34 services
836 1205 68 35 and
921 1206 177 35 materials
1114 1206 54 35 for
1183 1206 59 34 the
1257 1207 87 40 well,

129 1255 147 34 without
291 1255 112 34 which
419 1255 59 34 the
494 1255 76 34 well
586 1266 103 23 never
704 1256 113 34 would
833 1255 88 35 have
936 1256 88 34 been
1040 1255 133 36 drilled.
1191 1256 154 34 Because

130 1305 60 34 the
203 1304 76 34 well
294 1315 70 23 was
379 1305 121 34 drilled
516 1304 69 34 and
600 1305 27 34 is
643 1305 201 43 producing,
860 1305 102 34 Dews
977 1305 156 35 received
1148 1305 52 35 his
1215 1306 129 42 assign-

130 1359 106 29 ment.
259 1354 101 34 Dews
381 1365 69 24 was
470 1354 239 44 undoubtedly
729 1354 162 35 enriched
911 1354 45 44 by
977 1355 183 44 appellees’
1181 1355 142 34 actions.

314 1440 50 34 As
389 1445 35 29 to
448 1440 60 35 the
531 1440 119 43 unjust
675 1445 129 39 aspect,
829 1440 59 34 the
911 1440 187 44 testimony
1123 1446 36 29 at
1183 1440 59 35 the
1266 1441 79 34 trial

129 1489 261 35 demonstrated
410 1490 77 34 that
509 1490 103 34 Dews
632 1501 72 23 was
725 1501 114 24 aware
859 1490 77 35 that
956 1490 61 35 the
1037 1490 199 45 companies
1256 1502 90 23 were

130 1538 184 44 rendering
331 1540 160 34 valuable
509 1540 146 34 services
674 1545 35 30 to
727 1540 59 35 the
804 1540 85 35 well.
910 1541 155 34 Because
1083 1542 143 42 Massey
1244 1552 101 23 never

130 1588 82 44 paid
226 1589 102 34 Dews
341 1589 59 34 the
413 1590 151 41 $50,000
577 1595 170 38 pursuant
759 1595 36 30 to
808 1590 89 35 their
909 1596 212 37 agreement,
1135 1592 102 33 Dews
1250 1596 36 29 at
1299 1591 46 34 all

130 1639 102 34 times
243 1639 99 33 knew
352 1639 77 35 that
440 1640 144 42 Massey
594 1650 70 23 was
675 1639 35 34 in
722 1639 137 35 breach.
871 1639 105 35 Since
987 1640 172 44 Massey’s
1170 1640 175 44 authority

130 1694 36 29 to
190 1688 78 35 drill
292 1688 59 35 the
374 1689 75 35 well
474 1689 170 35 stemmed
669 1689 91 35 from
784 1690 58 34 the
865 1700 97 24 same
985 1695 201 38 agreement
1210 1690 43 35 he
1276 1690 69 35 had

130 1739 185 41 breached,
337 1740 100 35 Dews
457 1739 102 36 could
580 1745 60 29 not
659 1740 102 35 stand
782 1740 45 45 by
846 1740 69 35 and
934 1740 114 35 watch
1068 1741 60 35 the
1147 1741 198 44 companies

130 1788 154 46 perform
298 1790 145 35 services
458 1790 107 35 based
579 1801 44 24 on
638 1791 90 34 their
743 1796 217 39 agreements
974 1791 83 35 with
1073 1792 153 43 Massey.
1242 1792 102 34 Dews

130 1839 150 35 testified
296 1840 44 34 he
354 1840 144 35 decided
513 1845 36 29 to
564 1840 47 35 let
628 1841 144 44 Massey
786 1841 162 35 continue
962 1841 140 44 drilling
1117 1842 34 34 in
1166 1841 60 35 the
1240 1842 106 44 hopes

130 1890 77 34 that
219 1890 44 34 he
274 1890 113 34 would
399 1891 101 34 finish
512 1890 60 34 the
583 1891 87 34 well.
684 1892 51 43 By
746 1891 141 43 making
900 1902 20 23 a
932 1892 179 34 conscious
1123 1891 152 35 decision
1286 1897 60 29 not

129 1944 37 29 to
187 1939 129 34 inform
337 1940 59 34 the
417 1940 198 43 companies
638 1940 77 34 that
738 1942 142 41 Massey
901 1952 70 23 was
993 1941 35 34 in
1050 1941 128 34 breach
1199 1941 40 34 of
1257 1941 89 34 their

129 1993 213 38 agreement,
362 1989 68 33 and
449 1988 113 35 would
581 1989 174 34 therefore
773 2000 102 24 never
893 1990 133 34 receive
1044 1990 59 34 the
1122 1990 223 42 assignment,

130 2038 103 32 Dews
245 2037 144 33 allowed
400 2038 59 33 the
469 2037 99 34 debts
580 2042 35 29 to
627 2038 43 33 be
681 2038 170 34 incurred.
864 2039 56 32 He
930 2044 128 28 cannot
1069 2038 125 43 permit
1205 2039 85 33 such
1300 2049 45 23 an

129 2085 162 43 injustice
311 2085 69 34 and
399 2086 68 34 still
488 2086 132 34 receive
640 2086 59 34 the
719 2087 127 34 benefit
866 2086 40 34 of
922 2086 59 34 the
1001 2087 145 34 services
1166 2086 177 35 rendered.

129 2135 103 34 Dews
249 2134 171 36 admitted
436 2147 38 23 as
490 2135 106 35 much
611 2135 126 44 during
753 2136 59 35 the
827 2146 122 25 course
964 2136 40 35 of
1016 2136 60 35 the
1091 2136 81 36 trial
1186 2136 101 35 when
1302 2137 44 34 he

130 2185 150 35 testified
301 2196 38 24 as
359 2185 142 36 follows:

255 2271 43 43 Q:
349 2272 34 34 If
393 2272 59 34 the
466 2272 164 35 situation
644 2283 121 24 occurs
779 2273 93 34 what
886 2273 15 33 I
911 2273 74 42 just
998 2273 76 34 said
1087 2273 69 35 and
1170 2284 67 32 you
1250 2273 96 34 don’t

348 2321 86 35 have
443 2327 35 29 to
487 2332 68 33 pay
564 2333 68 32 any
640 2322 69 34 lien
718 2323 184 34 claimants
911 2333 68 33 any
988 2333 125 33 money
1122 2323 148 34 because
1279 2333 67 33 you

347 2370 111 35 didn’t
477 2376 157 30 contract
654 2371 83 35 with
758 2372 96 34 them
874 2371 186 44 according
1080 2377 36 30 to
1136 2382 85 35 your
1241 2377 104 30 state-

347 2426 95 30 ment
455 2420 69 36 and
537 2432 67 33 you
617 2421 97 35 don’t
726 2422 88 35 have
826 2426 36 30 to
874 2432 68 34 pay
956 2423 70 34 Mr.
1042 2423 143 43 Massey
1198 2422 148 35 because
