1648 2688
321 248 67 33 270

405 1229 115 41 Byron
544 1227 198 35 Thomason
762 1228 69 34 and
850 1229 76 33 J.G.
949 1228 81 35 Mol
1032 1228 50 35 les
1085 1235 69 34 ton,
1175 1229 54 34 for
1249 1229 186 45 appellant.

404 1305 104 34 Steve
531 1304 120 42 Clark,
674 1305 99 43 Att’y
794 1305 100 41 Gen.,
918 1305 55 44 by:
998 1306 131 35 Connie
1152 1306 133 43 Griffin,
1308 1307 93 34 Asst.
1425 1307 99 43 Att’y

314 1354 100 40 Gen.,
436 1353 53 35 for
509 1354 164 44 appellee.

404 1431 139 35 Steele
559 1433 114 40 Hays,
689 1432 140 35 Justice.

846 1432 112 36 David
974 1433 115 44 Camp
1103 1444 69 24 was
1187 1434 178 35 convicted
1379 1434 40 35 of
1430 1445 92 24 com-

313 1481 138 43 mitting
467 1481 108 35 incést
590 1482 82 35 with
688 1482 52 34 his
756 1482 111 35 minor
882 1482 259 45 stepdaughter,
1157 1484 34 34 in
1206 1484 164 34 violation
1385 1484 39 34 of
1436 1485 85 34 Ark.

313 1530 89 34 Stat.
419 1531 91 34 Ann.
529 1531 17 42 §
564 1532 165 34 41-2403.
747 1533 55 33 He
817 1543 70 23 was
903 1532 184 35 sentenced
1103 1538 35 29 to
1154 1538 57 29 ten
1227 1544 99 32 years
1342 1534 179 44 imprison-

313 1585 95 29 ment
422 1580 68 34 and
505 1591 19 23 a
539 1580 67 35 fine
620 1580 39 35 of
670 1582 160 39 $10,000.
846 1582 56 33 On
917 1582 134 43 appeal,
1066 1593 51 24 we
1131 1583 113 35 affirm
1257 1583 59 34 the
1325 1583 195 43 judgment.

497 1659 64 34 For
570 1659 158 40 reversal,
738 1659 114 44 Camp
861 1659 74 35 first
943 1670 124 32 argues
1076 1659 77 36 that
1161 1660 59 34 the
1228 1660 79 35 trial
1316 1665 98 30 court
1423 1660 98 36 erred

313 1708 34 34 in
362 1707 153 44 refusing
530 1713 35 30 to
580 1708 108 35 direct
703 1720 20 24 a
738 1709 130 34 verdict
883 1709 40 35 of
935 1710 168 46 acquittal
1119 1710 148 35 because
1281 1710 97 35 there
1393 1722 69 23 was
1477 1722 44 24 no

311 1758 257 35 corroboration
583 1758 39 35 of
633 1758 58 35 the
705 1758 276 44 stepdaughter’s
996 1760 195 44 testimony.
1207 1760 74 35 The
1295 1766 183 37 argument
1492 1761 28 34 is

311 1807 199 43 predicated
522 1818 43 24 on
577 1808 58 34 the
647 1808 152 44 wording
811 1808 39 35 of
858 1809 85 35 Ark.
956 1809 90 35 Stat.
1059 1810 92 35 Ann.
1166 1810 17 43 §
1197 1811 165 41 41-2403,
1375 1811 145 43 reciting

311 1857 76 34 that
396 1868 20 23 a
425 1867 122 33 person
556 1858 159 34 commits
725 1858 108 35 incest
842 1858 37 41 if,
890 1859 102 43 being
1001 1859 131 35 sixteen
1141 1871 98 32 years
1248 1860 40 34 of
1293 1871 65 32 age
1365 1871 38 23 or
1412 1860 106 41 older,

310 1906 44 34 he
367 1912 158 38 purports
540 1912 34 29 to
588 1918 127 33 marry,
730 1908 61 34 has
806 1909 118 34 sexual
938 1908 211 35 intercourse
1162 1910 92 40 with,
1269 1920 38 24 or
1320 1920 149 33 engages
1483 1910 35 34 in

310 1955 135 35 deviate
466 1957 117 34 sexual
606 1957 141 43 activity
767 1957 94 41 with,
884 1968 20 24 a
927 1968 122 34 person
1072 1958 43 35 he
1135 1959 116 34 knows
1273 1964 35 29 to
1330 1959 43 34 be
1396 1959 53 43 (a)
1473 1970 44 24 an

310 2010 157 29 ancestor
486 2016 38 24 or
543 2017 20 23 a
583 2006 221 41 descendant;
824 2017 38 24 or
884 2007 54 43 (b)
959 2018 21 24 a
1000 2008 168 43 stepchild
1187 2019 38 23 or
1244 2008 149 44 adopted
1413 2009 103 34 child.

492 2083 103 35 Since
608 2084 58 34 the
679 2084 248 44 stepdaughter
939 2096 70 24 was
1022 2085 130 35 sixteen
1166 2097 98 32 years
1276 2086 57 34 old
1346 2086 99 35 when
1458 2086 59 37 the

309 2133 117 34 sexual
450 2133 210 35 intercourse
682 2134 170 44 allegedly
874 2135 177 41 occurred,
1075 2135 114 44 Camp
1211 2146 123 33 argues
1357 2136 77 36 that
1456 2137 61 34 she

308 2182 101 34 could
419 2182 87 35 have
515 2182 85 35 been
610 2183 151 44 charged
770 2184 82 35 with
862 2184 108 37 incest
980 2184 108 35 under
1099 2185 18 43 §
1128 2186 152 35 41-2403
1291 2197 38 23 as
1339 2186 131 44 readily
1479 2197 38 24 as

308 2232 44 34 he
363 2232 80 41 and,
457 2232 182 42 therefore,
652 2233 61 34 she
725 2233 28 35 is
766 2244 44 24 an
823 2234 212 44 accomplice
1046 2235 114 34 whose
1172 2235 185 44 testimony
1369 2241 93 29 must
1475 2236 43 34 be

308 2282 243 34 corroborated
573 2282 34 35 in
630 2283 213 35 accordance
865 2284 82 34 with
969 2284 85 35 Ark.
1078 2284 89 35 Stat.
1190 2286 91 33 Ann.
1308 2285 17 43 §
1350 2286 166 41 43-2116,

307 2331 112 35 which
430 2332 155 43 provides
596 2332 76 35 that
683 2344 20 23 a
713 2333 192 35 conviction
916 2344 81 33 may
1007 2339 60 30 not
1077 2334 43 35 be
1129 2334 69 35 had
1208 2345 44 24 on
1263 2335 59 34 the
1332 2335 185 44 testimony

307 2380 39 35 of
352 2392 44 23 an
406 2382 210 43 accomplice
625 2383 114 34 unless
747 2383 244 36 corroborated
1000 2384 45 43 by
1053 2384 98 34 other
1160 2384 162 35 evidence
1330 2384 142 44 tending
1482 2390 35 29 to
