1665 2693
299 268 67 34 334

388 608 92 34 B.W.
501 606 167 41 Sanders,
689 605 68 36 and
776 605 141 40 Barber,
939 603 213 41 McCaskill,
1174 603 149 41 Amsler,
1345 604 107 34 Jones
1474 605 31 33 &

298 657 103 41 Hale,
423 659 94 40 P.A.,
539 657 53 36 for
612 657 186 46 appellant.

388 736 59 34 No
467 735 92 35 brief
575 735 90 35 filed.

389 813 125 33 David
526 812 208 39 Newbern,
748 811 140 34 Justice.

904 812 39 32 In
955 811 68 34 this
1035 810 137 34 divorce
1184 810 124 43 appeal
1320 810 59 33 the
1391 810 115 43 appel-

298 861 73 34 lant
383 860 106 37 raises
501 860 97 34 three
610 860 112 44 points
734 860 82 33 with
829 864 134 39 respect
975 865 35 28 to
1022 859 59 33 the
1093 858 144 35 division
1249 858 39 34 of
1297 858 59 34 the
1368 859 138 41 parties’

298 914 171 39 property.
482 909 55 33 He
547 908 165 36 contends
723 908 58 34 the
791 908 196 36 chancellor
997 907 98 35 erred
1105 907 45 42 by
1163 907 53 42 (1)
1229 906 215 42 considering
1455 907 52 34 his

298 958 166 43 potential
479 957 152 44 military
644 957 199 34 retirement
858 967 67 34 pay
939 967 37 24 as
991 956 139 34 marital
1144 961 172 39 property,
1333 955 53 43 (2)
1403 960 104 31 treat-

299 1007 57 43 ing
365 1018 37 25 as
412 1006 138 37 marital
558 1012 162 39 property
729 1006 100 35 items
838 1005 164 45 acquired
1011 1005 90 35 after
1110 1005 59 35 the
1176 1005 128 44 parties
1314 1005 192 43 separated,

297 1057 69 35 and
383 1056 53 44 (3)
453 1056 209 44 calculating
677 1056 59 35 the
749 1056 183 44 appellee’s
947 1056 142 34 interest
1104 1055 34 34 in
1153 1056 59 34 the
1226 1055 200 34 retirement
1441 1065 67 34 pay

297 1118 44 24 on
350 1107 60 35 the
418 1106 91 36 basis
518 1106 40 36 of
563 1107 93 35 what
665 1106 58 35 the
732 1106 176 44 appellant
916 1106 68 34 will
993 1105 132 37 receive
1133 1116 92 33 upon
1235 1105 52 34 his
1297 1104 209 41 retirement,

297 1157 80 36 thus
399 1156 114 45 giving
535 1157 59 34 the
615 1156 155 44 appellee
791 1155 59 36 the
871 1156 127 34 benefit
1019 1155 39 35 of
1077 1155 298 35 “enhancement”
1397 1154 40 34 of
1455 1155 52 34 his

298 1206 199 37 retirement
512 1216 67 36 pay
593 1206 112 36 which
719 1205 165 35 occurred
899 1205 118 35 before
1032 1204 68 36 and
1115 1205 90 35 after
1220 1205 89 34 their
1324 1204 182 43 marriage.

299 1257 50 42 By
361 1256 297 35 “enhancement”
670 1255 59 35 the
740 1256 176 43 appellant
927 1254 221 45 presumably
1159 1265 120 24 means
1291 1254 170 34 increases
1473 1254 34 35 in

298 1306 59 34 the
371 1305 199 36 retirement
583 1316 68 34 pay
665 1305 111 35 which
791 1305 106 35 result
911 1305 90 35 from
1015 1305 172 43 longevity
1201 1304 69 34 and
1285 1303 221 44 promotions.

298 1357 65 33 We
383 1355 70 35 find
474 1366 43 24 no
538 1355 101 36 merit
659 1355 34 36 in
714 1355 96 35 these
830 1359 210 40 arguments,
1061 1353 69 36 and
1150 1354 80 35 thus
1250 1365 51 23 we
1321 1353 123 36 affirm.

596 1442 29 33 1.
647 1443 149 32 Pension
815 1442 36 33 Is
871 1439 152 36 Marital
1041 1441 169 42 Property

482 1517 39 36 In
534 1519 78 42 Day
624 1528 30 23 v.
668 1518 89 41 Day,
771 1517 63 34 281
853 1517 84 34 Ark.
953 1517 78 39 261,
1046 1516 66 34 663
1128 1516 143 34 S.W.2d
1286 1516 67 33 719
1369 1515 137 43 (1984),

297 1577 51 23 we
358 1566 203 43 recognized
572 1566 59 35 the
640 1576 93 24 error
744 1566 34 34 in
788 1566 156 34 Paulson
952 1577 30 22 v.
994 1564 166 42 Paulson,
1172 1566 67 33 269
1251 1565 85 34 Ark.
1349 1566 154 39 523, 601

297 1615 144 36 S.W.2d
452 1616 65 34 873
530 1615 137 43 (1980),
677 1615 111 37 which
798 1615 79 35 held
887 1626 20 24 a
917 1615 152 43 military
1078 1615 200 36 retirement
1286 1614 143 44 pension
1438 1626 69 23 was

298 1671 59 29 not
380 1665 138 36 marital
541 1670 170 39 property.
737 1665 38 34 In
802 1666 123 42 Young
944 1676 30 23 v.
1001 1666 132 41 Young,
1158 1665 66 33 288
1248 1664 86 34 Ark.
1359 1665 55 39 37,
1439 1665 63 33 701

297 1714 143 36 S.W.2d
462 1715 67 34 374
551 1714 137 44 (1986),
708 1725 52 24 we
779 1714 79 35 held
878 1714 128 44 clearly
1026 1714 77 34 that
1122 1714 214 44 prospective
1356 1713 151 45 military

298 1765 198 36 retirement
517 1775 66 33 pay
603 1765 27 35 is
651 1764 138 36 marital
810 1769 171 40 property.

713 1850 30 33 2.
765 1850 92 33 Date
876 1848 46 44 of
933 1850 159 33 Division

480 1925 74 37 The
566 1926 137 34 divorce
715 1936 70 24 was
798 1925 161 36 awarded
973 1925 34 34 in
1025 1925 87 34 1985
1127 1936 43 24 on
1184 1925 60 34 the
1257 1924 91 35 basis
1361 1924 39 34 of
1410 1924 97 36 three

296 1986 99 33 years
409 1976 206 43 separation.
629 1975 74 36 The
717 1975 127 44 parties
858 1975 69 35 had
941 1974 182 45 separated
1137 1975 35 36 in
1189 1976 99 34 1981.
1303 1974 74 34 The
1389 1975 115 44 appel­

297 2025 73 37 lant
390 2025 176 42 contends,
587 2025 144 37 without
751 2024 144 36 citation
915 2025 40 35 of
972 2024 186 44 authority,
1180 2025 76 34 that
1276 2035 95 24 some
1391 2023 39 35 of
1447 2025 59 34 the

297 2080 108 31 assets
423 2075 122 36 should
564 2081 59 31 not
641 2075 87 36 have
745 2075 87 35 been
850 2075 138 35 divided
1006 2075 45 44 by
1069 2075 59 34 the
1145 2075 196 35 chancellor
1358 2074 148 36 because

297 2126 81 43 they
393 2136 89 25 were
496 2125 164 48 acquired
676 2125 45 44 by
736 2125 72 35 him
824 2125 90 35 after
930 2125 196 44 separation
1141 2125 69 35 and
1225 2124 119 35 before
1358 2124 146 36 divorce.

297 2176 66 34 We
372 2180 90 36 note,
472 2175 166 41 however,
648 2175 76 34 that
733 2175 59 35 the
800 2174 122 36 decree
931 2174 187 45 purported
1127 2180 36 29 to
1172 2174 113 35 divide
1294 2174 45 35 all
1349 2175 157 43 personal

297 2229 161 40 property
478 2224 107 36 “used
605 2225 44 43 by
669 2224 109 35 either
801 2224 191 46 [appellant
1011 2235 38 23 or
1068 2224 168 44 appellee]
1260 2235 38 23 as
1318 2223 188 35 household

296 2274 116 44 goods.
440 2301 7 7 .
475 2301 6 7 .
509 2274 31 34 .”
560 2274 75 39 The
654 2274 122 34 decree
795 2274 73 35 also
888 2273 184 36 contained
1092 2273 59 36 the
1171 2273 184 43 following:

510 2351 80 44 Any
615 2350 134 37 further
772 2351 71 34 real
868 2356 110 30 estate
1002 2350 158 35 interests
1185 2350 119 35 owned
1328 2350 45 43 by
1397 2350 109 35 either

420 2405 101 39 party
535 2411 37 24 or
587 2411 67 33 any
669 2400 212 36 identifiable
895 2401 142 36 interest
1051 2400 35 34 in
1100 2400 59 35 the
1173 2400 158 45 personal
1346 2405 160 38 property
