1648 2680
289 404 129 23 means.
430 392 96 35 Unif.
539 393 42 33 R.
593 391 95 35 Evid.
701 390 197 44 804(a)(5).
910 390 112 35 When
1032 390 59 34 the
1100 389 178 35 declarant
1288 389 27 34 is
1325 388 175 36 unavaila­

289 444 55 33 ble
360 454 37 23 as
412 454 20 23 a
448 443 148 39 witness,
612 442 52 34 his
680 441 128 35 former
823 441 186 43 testimony
1024 445 36 29 at
1075 440 144 34 another
1235 439 143 43 hearing
1392 438 39 35 of
1443 439 59 34 the

289 504 96 23 same
399 492 206 44 proceeding
619 492 27 33 is
660 497 59 28 not
733 490 167 35 excluded
914 490 44 43 by
971 490 60 34 the
1044 490 146 43 hearsay
1203 490 74 33 rule
1290 489 29 34 if
1330 489 59 34 the
1402 493 100 39 party

290 543 136 42 against
443 542 113 33 whom
574 541 59 34 the
650 540 185 43 testimony
852 540 28 33 is
897 539 131 34 offered
1046 539 69 34 had
1133 550 44 23 an
1195 538 221 44 opportunity
1433 537 68 35 and

290 592 131 34 similar
442 591 126 34 motive
587 596 35 28 to
642 590 141 43 develop
803 589 59 34 the
882 589 195 43 testimony.
1099 588 90 34 Rule
1210 587 198 43 804(b)(1).
1428 587 74 34 The

290 641 132 35 burden
437 641 39 34 of
488 640 141 44 proving
644 640 59 34 the
717 639 262 43 unavailability
993 638 39 35 of
1043 649 20 24 a
1078 638 136 34 witness
1229 638 28 34 is
1271 648 44 24 on
1330 638 59 33 the
1403 642 100 39 party

290 691 76 34 who
391 691 103 34 offers
519 690 59 34 the
602 690 92 44 prior
718 689 185 43 testimony
928 688 69 35 and
1021 699 44 23 on
1090 688 123 44 appeal
1237 699 51 23 we
1312 687 191 34 determine

290 741 153 35 whether
461 741 59 34 the
537 740 78 35 trial
633 745 98 29 court
749 739 130 35 abused
897 739 52 34 his
967 738 184 35 discretion
1169 738 34 34 in
1221 738 113 43 ruling
1351 737 76 35 that
1445 737 58 35 the

290 792 137 34 witness
442 802 70 23 was
527 790 229 35 unavailable.
776 791 199 42 Worring v.
990 789 113 40 State,
1120 789 20 34 6
1155 788 84 34 Ark.
1255 789 92 43 App.
1364 788 54 40 64,
1435 788 66 34 638

291 841 143 35 S.W.2d
450 842 66 33 678
536 840 138 43 (1982),
690 840 185 43 rehearing
888 839 138 39 denied;
1039 838 208 43 Satterfield
1259 849 30 23 v.
1305 838 113 40 State,
1435 838 65 33 248

291 892 84 33 Ark.
399 892 78 39 395,
498 891 64 33 451
587 889 144 35 S.W.2d
752 890 67 33 730
842 888 137 43 (1970).

290 255 65 32 598

523 967 64 33 We
599 966 87 34 have
698 966 79 41 long
790 964 79 35 held
881 965 77 33 that
969 964 60 34 the
1040 964 92 42 right
1143 963 40 34 of
1191 963 256 34 confrontation
1459 963 45 42 by

292 1027 20 23 a
323 1016 136 34 witness
472 1026 80 32 may
563 1015 42 34 be
616 1014 182 44 dispensed
808 1014 83 34 with
902 1014 99 34 when
1012 1013 76 34 that
1099 1013 137 34 witness
1247 1013 27 33 is
1286 1012 219 34 unavailable

292 1065 68 35 and
381 1066 62 33 has
464 1065 99 43 given
584 1064 185 43 testimony
789 1064 34 34 in
844 1075 20 23 a
885 1063 157 44 previous
1062 1062 207 45 proceeding
1289 1062 137 43 against
1446 1062 59 34 the

292 1126 96 24 same
413 1114 201 41 defendant,
642 1114 162 44 provided
831 1114 59 34 the
915 1114 137 34 witness
1079 1124 69 23 was
1175 1113 134 42 subject
1335 1117 35 29 to
1396 1122 107 24 cross-­

292 1165 234 34 examination
537 1164 34 34 in
581 1164 59 34 the
649 1164 74 34 first
732 1163 206 44 proceeding
949 1163 44 43 by
1003 1163 76 34 that
1089 1162 199 34 defendant.
1298 1160 208 44 Satterfield

291 1226 30 23 v.
334 1215 112 38 State,
461 1225 118 32 supra.
594 1214 39 33 In
645 1212 217 44 Satterfield,
876 1224 51 22 we
939 1211 181 44 explained
1133 1212 76 34 that
1222 1222 20 23 a
1255 1211 137 34 witness
1405 1211 27 34 is
1445 1216 60 28 not

293 1263 263 35 “unavailable”
572 1263 136 34 “unless
722 1263 59 34 the
793 1261 247 45 prosecutorial
1053 1261 203 35 authorities
1269 1261 88 34 have
1369 1260 103 35 made
1485 1270 19 24 a

292 1313 89 44 good
391 1313 88 35 faith
490 1313 101 35 effort
601 1318 35 29 to
646 1313 118 34 obtain
774 1312 52 35 his
836 1322 163 34 presence
1008 1316 37 30 at
1054 1311 113 41 trial,”
1178 1313 148 41 quoting
1332 1309 132 35 Barber
1471 1321 30 23 v.

292 1366 103 42 Page,
422 1363 157 41 Warden,
602 1364 66 33 390
689 1362 84 35 U.S.
795 1363 67 33 719
886 1361 137 43 (1968).

384 1442 39 33 In
437 1446 89 29 most
539 1440 39 34 of
587 1440 59 34 the
658 1450 96 24 cases
767 1438 145 35 decided
925 1439 44 43 by
982 1438 68 35 this
1062 1443 99 29 court
1173 1438 35 34 in
1221 1437 112 35 which
1346 1448 20 24 a
1379 1438 79 34 lack
1469 1437 39 34 of

292 1490 89 43 good
398 1490 88 34 faith
502 1490 102 34 effort
619 1500 70 24 was
705 1489 119 41 found,
841 1489 59 34 the
915 1494 90 29 state
1019 1488 114 35 issued
1150 1499 20 23 a
1186 1488 176 44 subpoena
1378 1487 53 34 for
1446 1487 59 34 the

293 1540 136 34 witness
441 1540 111 33 which
564 1550 70 23 was
646 1550 101 23 never
758 1539 129 34 served.
899 1539 77 38 See,
990 1549 74 32 e.g.,
1076 1537 216 43 Satterfield,
1304 1548 120 32 supra,
1437 1536 68 35 and

293 1589 188 43 Holloway
490 1600 31 23 v.
533 1589 112 40 State,
658 1589 67 33 268
738 1589 84 33 Ark.
836 1589 55 39 24,
905 1589 67 33 594
984 1587 143 34 S.W.2d
1139 1588 21 33 2
1173 1586 138 43 (1980),
1323 1586 185 43 rehearing

293 1638 135 34 denied.
455 1639 104 39 Here,
585 1638 59 34 the
668 1637 177 44 subpoena
870 1648 70 23 was
965 1636 118 35 served
1109 1636 79 41 and,
1214 1636 35 34 in
1274 1635 83 41 fact,
1383 1635 122 44 Spikes

293 1687 173 44 appeared
487 1698 43 23 on
550 1687 60 34 the
629 1687 82 34 date
730 1686 113 35 stated
864 1687 34 33 in
919 1686 59 34 the
997 1686 187 43 subpoena.

385 1765 64 34 We
463 1764 152 43 recently
628 1763 201 35 considered
843 1763 68 34 this
925 1763 158 43 question
1097 1763 35 33 in
1145 1763 108 33 Jones
1265 1773 30 23 v.
1309 1762 113 40 State,
1438 1762 65 33 288

293 1815 84 33 Ark.
402 1815 75 39 162,
499 1815 67 33 702
586 1813 143 34 S.W.2d
749 1814 67 33 799
838 1812 137 43 (1986).
997 1813 39 33 In
1056 1812 77 34 that
1151 1822 89 30 case,
1260 1812 60 33 the
1338 1811 79 34 trial
1436 1822 69 23 was

293 1863 186 34 scheduled
498 1863 52 34 for
568 1863 153 34 October
740 1864 43 32 30
802 1862 68 34 and
888 1862 60 34 the
964 1862 148 40 witness,
1132 1861 83 34 Carl
1233 1861 185 40 Stuecken,
1436 1871 70 23 was

293 1912 119 35 served
438 1913 82 33 with
546 1917 67 29 two
639 1912 194 43 subpoenas
858 1911 120 34 within
1004 1922 20 23 a
1051 1911 96 34 week
1171 1910 92 44 prior
1288 1915 36 29 to
1349 1910 89 34 trial.
1467 1910 39 33 In

294 1962 166 40 addition,
487 1962 59 34 the
572 1966 198 39 prosecutor
797 1960 219 35 interviewed
1042 1960 174 34 Stuecken
1243 1970 44 24 on
1313 1959 192 43 Thursday,

294 2012 153 34 October
458 2013 55 39 25,
526 2011 68 35 and
605 2011 103 43 again
719 2010 140 35 advised
871 2011 73 34 him
954 2015 35 30 to
1000 2010 43 34 be
1053 2010 35 34 in
1099 2015 98 29 court
1208 2020 44 24 on
1262 2009 60 35 the
1332 2009 174 43 following

293 2062 171 43 Tuesday.
478 2062 75 34 The
565 2062 137 34 witness
716 2060 186 45 developed
916 2060 118 35 health
1048 2060 172 44 problems
1234 2070 79 24 over
1326 2059 59 35 the
1397 2059 108 34 week-

294 2112 66 34 end
376 2112 68 35 and
459 2123 69 23 was
544 2111 170 35 admitted
729 2116 36 30 to
780 2111 59 35 the
854 2111 149 44 hospital
1017 2121 44 24 on
1077 2122 44 23 an
1136 2120 206 33 emergency
1356 2109 92 35 basis
1463 2120 43 23 on

294 2162 143 43 Sunday
466 2162 108 42 night.
605 2163 56 33 He
689 2161 202 34 underwent
919 2171 142 33 surgery
1090 2160 159 43 Monday
1277 2159 68 35 and
1374 2170 69 24 was
1472 2159 34 34 in

294 2212 167 34 intensive
480 2222 80 24 care
580 2222 44 23 on
643 2211 172 43 Tuesday,
836 2211 60 34 the
915 2210 68 44 day
1003 2210 39 34 of
1059 2210 90 34 trial.
1171 2210 66 34 We
1256 2209 90 35 held:

419 2289 31 33 It
477 2299 69 23 was
574 2288 80 43 only
680 2288 83 34 then
790 2287 77 34 that
894 2287 59 34 the
979 2287 218 43 prosecution
1225 2285 140 35 learned
1392 2285 39 35 of
1455 2285 52 34 his

418 2337 273 43 unavailability,
702 2337 126 42 having
837 2336 106 35 relied
953 2347 44 23 on
1006 2336 53 34 his
1069 2341 117 29 recent
1195 2335 234 35 observations
1439 2334 68 35 and

418 2388 60 34 the
497 2387 204 44 subpoenas.
