1667 2695
1276 273 68 34 409

222 415 76 34 The
312 415 106 34 issues
432 415 59 34 the
505 414 177 44 appellant
696 414 105 35 raises
816 425 60 24 are
888 414 155 35 whether
1057 414 162 35 evidence
1232 413 113 36 seized

132 464 91 34 from
236 465 83 40 him,
333 463 90 35 after
436 475 43 23 an
493 469 109 30 arrest
616 464 43 34 he
671 464 165 35 contends
849 475 70 23 was
932 464 179 40 unlawful,
1124 463 123 35 should
1260 465 87 33 have

132 514 86 34 been
232 514 166 35 excluded
411 514 68 34 and
492 514 153 35 whether
656 514 164 34 violation
833 513 45 44 by
889 514 60 34 the
961 514 110 43 police
1082 513 40 34 of
1130 524 95 24 some
1237 514 39 34 of
1284 524 62 24 our

132 564 91 34 rules
235 564 39 34 of
282 564 158 34 criminal
452 564 190 43 procedure
653 562 123 36 should
788 563 107 35 result
905 563 35 34 in
951 564 177 34 exclusion
1138 563 39 34 of
1185 563 163 35 evidence

132 613 126 35 seized.
273 614 65 34 We
351 613 79 34 hold
443 614 59 34 the
514 612 163 36 evidence
689 624 69 24 was
772 613 208 44 improperly
992 613 182 41 admitted,
1187 613 68 34 and
1268 613 79 35 thus

132 674 52 23 we
207 674 143 24 reverse.
374 664 73 33 The
470 663 89 34 facts
583 673 59 24 are
664 662 176 35 discussed
862 663 176 44 generally
1061 664 34 33 in
1118 673 62 24 our
1202 663 145 43 original

132 713 141 43 opinion
289 712 69 35 and
375 713 34 34 in
425 713 59 34 the
500 712 140 45 opinion
656 713 114 34 issued
787 723 91 34 upon
895 713 162 43 granting
1073 712 192 43 rehearing.
1284 714 65 33 We

132 762 69 35 will
211 762 210 35 summarize
430 763 95 34 them
535 763 82 34 here
626 762 83 35 with
719 762 173 45 emphasis
902 773 44 24 on
955 763 80 43 only
1045 763 98 34 those
1152 762 142 44 bearing
1304 773 44 24 on

133 813 59 33 the
213 813 107 34 issues
341 813 191 43 presented.

225 890 75 34 The
314 890 176 43 appellant
504 901 70 23 was
588 889 165 35 observed
769 895 36 29 at
819 889 59 35 the
892 889 62 35 fire
968 890 59 34 the
1041 889 98 44 night
1153 889 52 35 his
1220 890 128 34 uncle’s

134 939 161 43 dwelling
312 939 143 41 burned,
472 939 69 35 and
558 939 98 35 there
671 950 70 24 was
758 939 185 44 testimony
959 940 60 34 the
1035 939 176 45 appellant
1227 951 69 23 was
1313 944 36 30 at

134 989 78 34 that
230 989 85 35 time
332 989 122 35 drunk.
473 990 75 34 The
566 989 175 44 following
760 989 158 43 morning
937 990 140 44 Deputy
1096 989 132 35 Sheriff
1243 990 107 34 Rowe

134 1050 71 24 was
222 1039 203 44 dispatched
443 1045 35 29 to
495 1040 80 44 pick
592 1050 46 33 up
655 1039 60 35 the
731 1039 187 45 appellant,
936 1040 60 34 the
1012 1039 205 45 appellant’s
1235 1040 114 35 father

135 1089 77 35 who
236 1101 70 23 was
329 1089 196 35 decedent’s
548 1089 153 42 brother,
726 1090 68 34 and
817 1089 59 36 the
899 1100 136 25 woman
1058 1090 105 43 living
1186 1090 82 35 with
1292 1091 59 34 the

136 1140 206 43 appellant’s
366 1139 124 35 father.
515 1141 108 33 Rowe
645 1140 149 34 testified
817 1139 77 36 that
917 1140 59 34 the
999 1140 176 44 appellant
1198 1151 70 23 was
1291 1145 59 30 not

136 1189 211 35 intoxicated
377 1190 97 34 when
504 1190 44 34 he
576 1200 70 23 was
675 1190 104 34 taken
809 1195 35 29 to
873 1190 59 34 the
961 1189 148 35 sheriffs
1138 1190 108 34 office.
1276 1190 74 34 The

135 1239 207 44 appellant’s
355 1238 113 35 father
480 1239 150 35 testified
643 1239 59 34 the
714 1240 175 43 appellant
901 1240 144 34 smelled
1057 1239 39 35 of
1105 1239 134 35 alcohol
1251 1240 99 34 when

135 1288 82 44 they
238 1300 90 23 were
349 1289 122 43 picked
492 1300 57 32 up,
571 1288 70 35 and
662 1289 59 34 the
742 1289 176 44 appellant
939 1289 149 35 testified
1109 1289 44 34 he
1173 1289 70 34 had
1263 1290 87 34 been

136 1338 162 43 drinking
318 1338 93 35 since
431 1339 95 44 early
546 1339 76 34 that
643 1339 169 43 morning.

227 1416 75 34 The
312 1415 175 44 appellant
497 1416 69 34 and
576 1415 59 35 the
644 1416 115 34 others
769 1426 89 25 were
867 1416 105 34 taken
982 1422 36 29 to
1027 1417 60 34 the
1096 1416 147 35 sheriffs
1253 1417 99 34 office

136 1465 115 34 where
265 1466 82 43 they
361 1465 124 35 waited
501 1466 34 34 in
550 1466 60 34 the
624 1465 114 44 lobby.
755 1467 140 43 Deputy
909 1466 199 44 Ellenburg,
1124 1477 21 23 a
1160 1466 141 35 relative
1315 1465 40 36 of

136 1515 59 34 the
205 1515 187 43 appellant,
402 1515 165 34 observed
577 1515 60 34 the
646 1516 176 43 appellant
832 1516 142 43 making
983 1515 161 45 frequent
1154 1515 84 44 trips
1248 1521 35 29 to
1292 1516 59 34 the

136 1564 195 34 bathroom.
347 1565 55 33 He
415 1564 74 34 said
503 1565 59 34 the
575 1565 177 43 appellant
766 1565 68 35 had
848 1575 20 24 a
882 1570 119 38 strong
1013 1565 84 35 odor
1110 1565 40 34 of
1159 1564 136 37 alcohol
1306 1576 45 24 on

136 1613 53 35 his
203 1613 124 35 breath
342 1613 68 35 and
424 1614 44 35 he
482 1614 144 35 became
639 1614 166 35 talkative
818 1614 69 36 and
902 1615 174 44 “jittery.”
1092 1614 186 44 Ellenburg
1293 1614 58 36 did

136 1669 60 29 not
226 1664 85 35 wish
340 1669 36 29 to
404 1664 207 45 participate
640 1664 34 35 in
704 1665 59 34 the
792 1675 79 25 case
900 1665 149 35 because
1077 1664 40 36 of
1143 1665 59 34 the
1230 1665 122 45 family

136 1714 237 44 relationship,
385 1725 37 24 so
432 1714 44 35 he
486 1715 72 34 told
570 1715 140 44 Deputy
721 1715 161 44 Simpson
894 1715 43 34 he
948 1715 148 44 thought
1107 1715 59 34 the
1176 1716 176 43 appellant

136 1775 70 24 was
227 1764 161 44 drinking
408 1764 68 35 and
498 1765 67 35 “he
584 1765 132 34 needed
737 1770 35 30 to
792 1765 108 35 check
920 1765 73 35 him
1013 1765 100 35 down
1133 1765 69 35 and
1222 1766 90 34 see.”

228 1841 174 44 Simpson,
423 1842 77 34 who
520 1853 70 24 was
611 1842 154 44 working
785 1842 83 35 with
889 1848 90 29 state
999 1843 111 44 police
1131 1842 221 44 investigator

137 1891 189 41 Davidson,
340 1891 76 34 who
428 1903 70 23 was
511 1892 35 34 in
559 1892 129 42 charge
700 1892 39 34 of
749 1893 59 34 the
820 1892 140 35 murder
973 1892 69 35 and
1055 1903 102 24 arson
1170 1892 181 44 investiga-

136 1940 84 40 tion,
230 1940 166 35 searched
406 1941 59 34 the
474 1941 177 44 appellant
661 1941 69 34 and
739 1941 108 35 found
857 1952 45 23 an
912 1947 118 38 empty
1039 1941 153 44 whiskey
1200 1942 108 34 bottle
1317 1943 35 33 in

136 1989 53 34 his
216 1990 92 34 boot.
336 1989 139 45 Deputy
501 1990 163 44 Simpson
690 1990 153 35 arrested
869 1991 60 34 the
954 1992 177 43 appellant
1157 1991 53 34 for
1236 1992 116 43 public

136 2039 237 35 intoxication.
388 2040 57 34 An
460 2040 179 44 inventory
652 2041 122 34 search
789 2046 168 39 pursuant
971 2046 35 30 to
1020 2041 60 35 the
1094 2046 109 30 arrest
1217 2040 134 45 yielded

136 2100 97 24 some
251 2091 55 33 .22
322 2089 129 36 caliber
467 2090 103 35 shells
586 2090 69 35 and
672 2101 20 24 a
708 2091 219 35 Winchester
942 2091 69 35 and
1027 2092 161 34 Western
1204 2091 148 44 shotgun

137 2140 86 34 shell
235 2140 83 35 with
329 2140 146 35 number
486 2141 20 34 6
519 2141 77 34 shot
607 2140 35 35 in
654 2140 156 36 addition
821 2147 35 29 to
867 2141 59 34 the
937 2147 118 38 empty
1066 2141 118 36 bottle.
1197 2141 155 35 Medical

137 2189 163 35 evidence
316 2190 137 34 showed
469 2191 60 34 the
544 2190 169 35 decedent
729 2196 36 29 to
780 2191 87 35 have
883 2191 87 34 been
986 2192 105 34 killed
1107 2191 45 43 by
1168 2202 20 23 a
1204 2192 149 43 shotgun

137 2239 91 34 blast
237 2240 84 34 with
331 2240 146 34 number
487 2241 20 33 6
518 2240 219 35 Winchester
747 2241 69 34 and
826 2241 160 34 Western
996 2241 88 41 shot,
1095 2240 69 34 and
1173 2252 21 23 a
1204 2241 149 43 shotgun

136 2289 202 43 containing
352 2300 20 23 a
386 2294 98 38 spent
499 2289 218 35 Winchester
731 2290 69 34 and
815 2290 159 34 Western
988 2291 147 34 number
1149 2291 20 33 6
1184 2290 85 34 shell
1282 2301 70 24 was

137 2338 110 34 found
266 2339 36 33 in
321 2338 61 35 the
401 2339 94 34 ruins
516 2339 38 34 of
571 2339 61 34 the
651 2339 197 35 decedent’s
868 2339 113 35 home.

229 2414 162 44 Simpson
405 2415 149 34 testified
569 2415 77 34 that
659 2415 102 34 while
774 2415 59 35 the
847 2416 177 42 appellant
1037 2426 70 24 was
1121 2415 110 34 under
1244 2420 110 30 arrest
