1656 2701
125 412 160 42 enjoined
295 413 59 33 the
364 413 192 43 appellants
567 412 91 34 from
668 413 194 42 molesting,
872 412 214 43 interfering,
1097 423 38 24 or
1145 411 194 44 restricting

125 463 34 33 in
169 473 68 32 any
246 473 76 32 way
331 463 59 33 the
398 462 182 44 appellees’
591 462 92 43 right
692 462 39 34 of
736 473 62 23 use
806 461 39 36 of
851 462 59 34 the
919 462 146 43 existing
1074 462 172 43 roadway.
1256 462 83 34 This

125 512 124 34 decree
260 523 69 23 was
341 511 156 35 affirmed
508 512 46 43 by
565 511 68 35 this
644 517 110 36 court,
766 511 68 35 and
846 511 163 35 modified
1021 517 35 29 to
1067 512 60 34 the
1138 516 116 30 extent
1265 512 76 34 that

126 562 26 34 it
166 572 71 23 was
252 561 134 43 subject
400 567 35 29 to
449 561 132 35 certain
595 561 193 35 conditions
804 561 102 35 made
920 562 45 43 by
979 562 136 34 mutual
1130 567 209 38 agreement,

127 615 52 31 1.e.
196 611 60 34 the
269 616 81 38 gate
364 611 121 35 should
500 611 43 34 be
557 611 133 41 locked,
704 612 60 34 the
777 611 117 44 public
906 611 114 34 would
1035 611 43 34 be
1092 611 81 44 kept
1187 616 70 36 out,
1272 611 69 34 and

126 661 80 43 only
227 661 59 34 the
306 661 125 35 rebuilt
451 660 84 36 road
556 661 113 34 would
690 661 43 34 be
753 660 94 36 used.

1271 272 66 33 253

217 761 180 43 Although
416 761 59 35 the
493 761 194 44 appellants
706 762 104 34 claim
828 761 181 35 confusion
1027 773 38 23 as
1084 767 36 29 to
1138 762 59 34 the
1214 761 127 35 court’s

126 810 149 44 findings
293 811 68 34 and
378 811 116 35 orders
511 811 69 35 due
595 816 36 30 to
648 812 59 34 the
723 812 79 34 lack
817 811 39 35 of
870 822 20 23 a
906 811 137 35 written
1059 811 101 35 order
1176 811 90 35 after
1282 811 59 35 the

131 862 87 34 1983
233 866 177 40 contempt
423 861 154 43 hearing,
590 862 188 43 appellant,
792 861 106 35 Hilda
912 862 158 41 Warren,
1084 861 169 35 admitted
1266 862 76 34 that

127 912 60 34 the
197 911 208 35 Chancellor
415 911 145 36 ordered
571 911 96 35 them
678 917 36 29 at
724 912 59 34 the
797 912 86 35 1983
895 912 144 43 hearing
1049 917 36 29 to
1095 917 62 39 put
1167 911 59 35 the
1236 912 105 34 metal

127 966 82 39 gate
229 961 89 35 back
338 962 112 34 where
471 962 25 34 it
517 972 70 24 was
608 962 34 34 in
663 962 204 44 September
887 961 40 35 of
948 963 99 33 1976.

313 1061 73 35 The
398 1061 139 43 general
551 1061 74 34 rule
638 1061 27 34 is
678 1061 76 35 that
767 1061 119 35 before
898 1072 20 23 a
931 1072 124 33 person
1067 1073 81 32 may
1161 1061 43 34 be
1216 1061 79 35 held
1307 1062 35 34 in

128 1115 178 39 contempt
316 1111 53 34 for
377 1111 164 43 violating
552 1122 20 23 a
581 1116 99 29 court
689 1111 111 41 order,
810 1111 77 35 that
895 1111 101 34 order
1005 1117 93 29 must
1107 1112 44 34 be
1159 1111 34 35 in
1203 1111 140 35 definite

128 1166 108 29 terms
263 1171 38 24 as
328 1166 36 29 to
390 1161 59 34 the
475 1160 114 36 duties
615 1161 145 44 thereby
787 1161 156 44 imposed
969 1172 93 33 upon
1090 1162 73 34 him
1189 1161 69 34 and
1285 1162 59 34 the

129 1210 187 35 command
343 1216 92 29 must
461 1211 43 34 be
530 1211 184 43 expressed
740 1212 116 34 rather
883 1211 85 34 than
995 1212 152 43 implied.
1179 1211 110 35 Wood
1311 1223 31 23 v.

131 1260 176 40 Goodson,
329 1260 125 44 Judge,
475 1262 66 33 253
563 1261 85 34 Ark.
674 1262 76 40 196,
770 1262 67 33 485
858 1261 144 34 S.W.2d
1022 1262 67 33 213
1113 1260 136 44 (1972).
1270 1261 74 35 The

130 1310 237 34 Chancellor’s
386 1311 85 33 1983
486 1310 101 34 order
600 1321 70 23 was
685 1316 59 29 not
758 1310 79 35 filed
850 1310 88 34 until
952 1311 65 34 five
1030 1311 138 34 months
1182 1310 90 35 after
1286 1311 58 34 the

129 1359 115 34 notice
253 1359 39 34 of
299 1360 123 43 appeal
432 1360 39 34 of
478 1359 59 35 the
551 1360 87 34 1985
650 1360 111 34 order.
772 1360 256 41 Nevertheless,
1038 1361 60 34 the
1107 1360 127 35 court’s
1244 1360 100 35 order

129 1408 39 35 of
180 1409 87 34 1976
279 1409 27 34 is
317 1409 92 34 clear
420 1409 136 43 enough
566 1414 36 30 to
612 1415 152 29 warrant
773 1410 59 35 the
841 1409 132 44 finding
983 1410 77 35 that
1070 1411 60 34 the
1139 1410 203 44 appellants’

129 1458 150 35 conduct
291 1459 187 35 amounted
491 1464 35 29 to
538 1459 78 35 civil
628 1465 178 39 contempt
817 1459 39 36 of
865 1460 59 34 the
940 1461 88 34 1976
1040 1460 111 35 order.
1165 1460 177 42 Likewise,

129 1509 46 44 by
199 1508 132 44 finding
356 1514 177 39 contempt
557 1520 45 24 on
627 1510 59 34 the
710 1515 79 39 part
812 1509 38 36 of
873 1510 194 44 appellants
1092 1511 69 34 and
1185 1510 159 44 ordering

130 1559 188 44 appellant,
339 1559 146 36 Chester
505 1560 159 41 Warren,
685 1560 202 35 committed
906 1566 36 29 to
958 1560 64 44 jail
1041 1561 88 35 until
1149 1561 44 35 he
1211 1566 93 39 posts
1324 1572 20 24 a

129 1609 217 43 compliance
357 1610 102 41 bond,
472 1610 26 35 it
510 1610 27 34 is
549 1610 142 35 obvious
703 1611 59 34 the
773 1616 98 29 court
882 1611 164 34 intended
1058 1611 222 44 punishment
1291 1611 54 35 for

129 1659 160 35 criminal
301 1665 176 39 contempt
489 1660 34 34 in
535 1660 101 34 order
647 1665 35 29 to
694 1660 169 35 maintain
874 1660 60 35 the
945 1660 144 45 dignity,
1102 1661 163 44 integrity
1276 1661 68 34 and

130 1709 177 44 authority
327 1709 39 35 of
383 1710 58 35 the
461 1709 79 36 trial
560 1715 109 30 court.

314 1811 50 33 As
382 1815 35 30 to
434 1810 58 35 the
509 1810 195 44 suspended
722 1811 126 41 $1,000
865 1810 79 42 fine,
962 1822 52 23 we
1030 1811 88 35 have
1134 1810 79 36 held
1231 1811 76 35 that
1324 1822 20 24 a

131 1860 201 43 suspension
348 1860 39 35 of
398 1871 19 24 a
433 1860 223 45 punishment
671 1860 53 35 for
739 1866 176 39 contempt
929 1861 28 34 is
973 1861 34 34 in
1022 1861 104 35 effect
1141 1873 20 23 a
1176 1861 170 44 complete

131 1910 190 34 remission.
335 1911 160 39 Stewart,
510 1916 34 29 et
557 1910 46 35 al.
616 1922 31 23 v.
660 1911 113 41 State,
788 1912 63 34 221
868 1911 86 34 Ark.
968 1912 80 40 496,
1063 1913 68 33 254
1145 1911 142 35 S.W.2d
1301 1913 42 33 55

132 1959 138 43 (1953).

140 2067 31 32 2.
194 2065 205 35 COURT’S
421 2066 299 35 DISCRETION
742 2068 53 33 IN
816 2067 270 34 CONTEMPT
1106 2068 229 34 MATTERS

315 2166 75 34 The
400 2166 193 44 appellants
604 2177 108 33 argue
721 2166 78 35 that
808 2167 27 34 it
845 2166 28 34 is
883 2166 61 35 the
953 2167 173 44 appellees
1136 2166 77 35 who
1223 2167 123 34 should

131 2216 88 35 have
229 2215 87 35 been
326 2216 91 35 cited
427 2216 53 35 for
490 2221 188 39 contempt.
691 2216 145 36 Refusal
846 2216 40 35 of
893 2228 20 23 a
923 2217 79 34 trial
1013 2223 99 29 court
1122 2223 35 29 to
1167 2217 124 44 punish
1302 2228 44 24 an

131 2265 135 43 alleged
279 2271 201 30 contemnor
492 2266 68 34 will
574 2266 42 34 be
629 2267 167 34 reviewed
809 2267 45 43 by
866 2278 44 23 an
923 2267 174 44 appellate
1109 2272 98 30 court
1219 2267 80 43 only
1311 2272 36 29 to

130 2315 194 35 determine
335 2316 153 34 whether
499 2316 98 34 there
609 2316 62 34 has
683 2316 87 35 been
783 2328 44 23 an
839 2316 108 34 abuse
958 2317 40 34 of
1006 2317 196 34 discretion.
1215 2318 132 33 Barnes

130 2377 31 23 v.
183 2366 155 33 Pearson
363 2367 150 33 Termite
537 2366 30 33 &
591 2367 82 33 Pest
696 2365 154 40 Control,
873 2367 83 39 Inc.,
979 2367 67 33 266
1068 2367 85 34 Ark.
1176 2366 79 41 635,
1279 2367 66 33 587

131 2414 144 35 S.W.2d
297 2415 65 34 823
387 2414 137 44 (1979).
547 2415 65 34 We
631 2415 72 35 find
723 2416 68 34 this
812 2421 184 37 argument
1015 2416 146 35 without
1180 2416 112 34 merit.
