1663 2697
122 425 70 23 was
210 414 206 44 performed.
435 414 74 35 The
526 415 99 35 heart
642 415 39 35 of
695 426 62 24 our
774 415 151 35 decision
942 416 27 34 is
986 421 36 29 to
1039 416 43 34 be
1100 415 106 35 found
1223 416 36 34 in
1274 416 59 34 the

123 464 131 44 closing
275 465 195 44 paragraph
490 464 40 35 of
547 465 59 34 the
626 465 162 44 majority
807 465 149 45 opinion:

1264 275 66 33 483

339 540 73 35 The
435 540 211 36 celebration
669 541 40 34 of
728 552 20 23 a
772 541 172 43 marriage
967 542 92 43 gives
1083 542 67 34 rise
1172 547 35 29 to
1230 553 104 32 many

249 590 257 41 ramifications,
528 590 177 44 including
726 591 174 44 questions
921 591 40 35 of
979 591 208 45 legitimacy,
1209 591 124 35 inheri-

249 646 112 35 tance,
371 645 160 39 property
541 640 120 43 rights,
671 640 113 35 dower
793 640 68 36 and
871 641 212 41 homestead,
1094 641 68 35 and
1171 652 119 24 causes
1299 641 39 35 of

250 690 114 35 action
388 690 151 43 growing
563 696 60 29 out
646 689 39 35 of
705 690 59 35 the
787 690 138 35 marital
949 696 121 29 status.
1095 692 65 33 We
1183 691 86 34 have
1291 702 44 23 no

249 744 130 30 statute
400 740 112 34 which
535 740 157 44 provides
715 740 76 35 that
812 740 189 44 marriages
1024 741 85 34 such
1131 752 38 24 as
1192 741 58 34 the
1271 752 64 24 one

250 789 155 35 involved
420 790 92 40 here,
527 789 198 36 celebrated
739 790 35 34 in
789 790 143 35 another
947 796 102 35 state,
1064 802 60 23 are
1136 790 78 35 void
1228 791 35 34 in
1277 791 60 35 the

251 840 100 34 State
370 839 39 35 of
425 840 189 34 Arkansas.

126 914 66 34 We
203 925 57 23 see
270 925 44 24 no
325 925 121 24 reason
457 920 35 29 to
503 915 177 35 elaborate
691 926 92 33 upon
794 927 20 23 a
825 915 68 35 line
903 915 40 35 of
950 916 182 43 reasoning
1143 916 76 34 that
1230 916 27 34 is
1268 916 68 34 still

127 964 99 42 good.
247 965 76 33 The
341 964 195 35 chancellor
556 975 71 24 was
647 964 103 43 right.

218 1039 180 34 Affirmed.

219 1115 159 39 Purtle,
399 1115 42 40 J.,
462 1119 59 29 not
542 1114 256 43 participating.

153 1389 138 44 Johnny
312 1389 144 35 Charles
478 1390 182 34 BROWN
681 1400 28 24 v.
731 1391 44 33 A.
797 1390 37 34 L.
857 1390 279 42 LOCKHART,
1158 1390 157 35 Director

381 1440 177 34 Arkansas
580 1440 230 43 Department
829 1439 39 34 of
886 1440 202 35 Correction

130 1514 132 35 85-220

1019 1516 67 34 707
1108 1515 142 36 S.W.2d
1272 1517 67 34 304

457 1590 170 43 Supreme
648 1590 110 34 Court
778 1590 39 35 of
833 1590 179 35 Arkansas

420 1639 151 44 Opinion
592 1639 172 35 delivered
784 1640 99 44 April
904 1641 32 40 7,
961 1641 88 34 1986
