1660 2687
430 417 80 32 may
524 417 137 23 remove
674 406 82 33 him.
771 405 74 34 The
858 411 98 28 court
969 416 44 23 on
1027 405 43 34 its
1083 416 76 23 own
1173 405 131 34 motion
1317 416 92 32 may,
1423 415 38 23 or
1474 415 43 23 on

430 455 59 34 the
497 455 144 43 petition
650 454 39 34 of
695 465 44 23 an
749 454 185 34 interested
944 465 122 32 person
1076 455 98 39 shall,
1184 453 100 34 order
1293 454 59 34 the
1360 453 158 43 personal

430 504 268 43 representative
708 508 35 29 to
752 513 129 33 appear
891 503 68 34 and
969 503 94 33 show
1074 514 104 23 cause
1187 503 78 42 why
1273 502 44 34 he
1326 502 123 34 should
1459 507 60 28 not

430 553 43 34 be
482 553 171 34 removed.
663 552 75 34 The
747 553 151 33 removal
908 552 39 34 of
953 563 20 23 a
983 552 158 44 personal
1152 552 268 43 representative
1428 550 90 35 after

430 603 117 34 letters
560 602 86 35 have
657 602 86 35 been
755 601 82 44 duly
849 601 114 36 issued
974 607 36 29 to
1021 601 73 35 him
1105 602 81 34 does
1198 606 59 30 not
1269 601 187 35 invalidate
1466 600 52 35 his

430 653 125 35 official
576 658 73 29 acts
670 652 197 45 performed
888 652 91 45 prior
999 657 36 29 to
1055 652 161 35 removal.

306 266 68 34 434

396 729 34 33 A
455 728 143 42 hearing
623 739 69 23 was
718 727 79 35 held
821 738 44 24 on
890 728 59 34 the
973 727 142 41 motion,
1141 727 62 34 but
1227 737 44 24 no
1296 727 161 35 evidence
1481 737 38 23 or

306 778 185 43 testimony
503 788 69 23 was
586 777 174 43 produced
772 782 35 29 to
820 777 139 43 provide
972 788 67 32 any
1051 777 92 35 basis
1155 777 53 34 for
1220 777 176 42 removing
1410 777 107 33 West.

306 827 74 35 The
393 827 109 35 entire
515 827 143 43 hearing
671 827 172 34 consisted
856 827 39 34 of
905 832 184 38 argument
1102 827 44 43 by
1159 826 139 35 counsel
1312 825 206 43 concerning

307 877 152 35 whether
477 878 150 33 Newton
646 877 139 43 County
803 888 69 23 was
890 888 44 23 an
953 876 186 35 interested
1157 881 100 39 party
1275 875 106 36 based
1399 886 43 24 on
1460 875 59 34 the

307 928 191 43 possibility
510 927 76 35 that
598 928 59 34 the
669 931 110 30 estate
790 926 114 35 would
916 926 140 35 escheat
1067 932 36 29 to
1114 926 59 35 the
1185 930 137 39 county.
1335 926 75 34 The
1421 930 99 30 court

306 978 113 34 stated
434 983 36 29 at
485 977 58 34 the
557 977 92 35 close
662 977 40 34 of
713 977 58 34 the
785 976 144 44 hearing
944 976 75 35 that
1034 976 26 34 it
1075 988 68 23 was
1158 987 114 23 aware
1287 976 75 35 that
1376 976 27 34 it
1417 975 101 35 could

307 1038 137 24 remove
468 1038 44 23 an
536 1026 259 35 administrator
820 1037 43 24 on
888 1027 43 34 its
955 1037 76 23 own
1055 1027 130 35 motion
1210 1036 84 24 even
1318 1026 30 35 if
1368 1026 151 34 Newton

307 1077 140 43 County
456 1087 69 23 was
535 1081 59 29 not
604 1088 44 24 an
658 1076 185 35 interested
853 1081 111 39 party,
974 1076 62 34 but
1045 1076 77 34 that
1131 1076 26 34 it
1166 1075 102 35 could
1277 1075 157 35 consider
1443 1075 76 34 that

307 1136 37 23 as
365 1137 20 23 a
406 1126 112 34 factor
539 1126 33 33 in
593 1126 43 34 its
657 1125 161 34 decision.

397 1199 75 34 The
482 1199 144 42 hearing
638 1199 28 34 is
677 1204 60 28 not
748 1198 198 35 abstracted
958 1198 68 34 and
1039 1209 44 24 no
1094 1203 184 38 argument
1289 1198 29 34 is
1329 1198 104 34 made
1443 1208 76 24 now

306 1258 38 23 as
355 1253 36 29 to
402 1248 153 34 whether
566 1248 150 34 Newton
728 1248 139 43 County
879 1248 27 34 is
918 1258 45 23 an
974 1247 186 35 interested
1171 1252 111 39 party,
1295 1258 37 23 so
1342 1258 52 23 we
1404 1246 44 35 do
1460 1251 59 29 not

306 1297 157 35 consider
479 1297 76 34 that
571 1297 90 35 issue
676 1308 44 23 on
736 1298 134 43 appeal.
886 1298 125 33 Hazen
1025 1307 30 23 v.
1074 1298 79 41 City
1169 1296 46 44 of
1221 1296 212 41 Booneville,
1451 1296 68 34 260

306 1347 85 35 Ark.
403 1348 155 40 871, 545
569 1346 143 36 S.W.2d
722 1347 68 34 614
802 1346 138 44 (1977);
951 1346 169 35 Collier v.
1130 1348 75 33 Hot
1213 1346 149 44 Springs
1370 1346 150 43 Savings

310 1398 30 33 &
363 1399 97 33 Loan
479 1397 126 41 Ass’n.,
627 1398 68 34 272
716 1397 84 35 Ark.
826 1398 76 40 162,
924 1397 68 34 612
1012 1396 144 36 S.W.2d
1176 1397 68 34 730
1267 1395 137 44 (1981).

544 1473 31 33 It
590 1472 28 35 is
634 1473 59 34 the
708 1471 133 35 burden
856 1472 39 35 of
908 1471 176 45 appellant
1099 1477 36 29 to
1150 1476 138 39 present
1303 1483 20 23 a
1339 1471 120 35 record
1474 1482 44 23 on

307 1522 123 43 appeal
457 1522 274 43 demonstrating
758 1521 76 35 that
861 1522 59 34 the
946 1521 145 44 probate
1117 1521 127 35 court’s
1270 1521 152 36 decision
1449 1532 69 23 was

306 1571 128 44 clearly
449 1582 194 31 erroneous,
659 1571 69 35 and
742 1571 34 35 in
792 1571 59 35 the
865 1572 148 34 absence
1027 1570 39 35 of
1077 1571 77 35 that
1168 1571 154 44 showing
1336 1582 52 23 we
1401 1570 44 35 do
1459 1575 60 30 not

307 1632 143 24 reverse.
466 1624 119 32 Bostic
598 1633 30 23 v.
644 1624 120 32 Bostic
777 1623 135 39 Estate,
928 1622 64 33 281
1011 1621 85 35 Ark.
1117 1622 75 40 167,
1209 1621 68 34 662
1292 1620 143 36 S.W.2d
1452 1621 65 34 815

308 1671 137 43 (1984).
470 1672 64 33 We
554 1676 127 30 cannot
703 1682 61 32 say
785 1670 91 36 from
898 1671 58 34 the
977 1671 120 34 record
1120 1671 118 34 before
1259 1681 50 31 us,
1331 1670 187 43 consisting

306 1721 106 44 solely
423 1721 39 35 of
470 1721 59 35 the
539 1721 190 44 pleadings,
741 1721 76 34 that
828 1722 59 34 the
898 1720 145 45 probate
1053 1726 98 29 court
1162 1720 203 35 committed
1376 1731 93 23 error
1481 1731 37 23 as

306 1782 21 23 a
341 1776 127 29 matter
482 1771 39 34 of
532 1771 64 34 law
610 1771 34 34 in
659 1770 140 44 holding
814 1771 76 34 that
904 1781 68 33 any
986 1770 134 44 alleged
1134 1770 155 36 conflicts
1303 1781 38 24 or
1355 1770 163 34 misman­

307 1826 161 37 agement
479 1820 113 34 would
603 1821 43 34 be
656 1820 106 35 cured
773 1820 45 43 by
829 1820 202 44 appointing
1043 1831 20 23 a
1075 1820 127 44 special
1214 1819 259 35 administrator
1483 1825 36 29 to

307 1880 127 33 pursue
442 1870 59 34 the
510 1870 123 43 appeal
642 1870 39 34 of
687 1870 59 34 the
755 1870 152 34 Davison
913 1869 186 43 judgment
1107 1869 137 43 against
1252 1869 60 35 the
1320 1874 120 35 estate,
1450 1868 69 35 and

306 1919 35 34 in
361 1919 171 43 retaining
554 1919 96 35 West
670 1919 54 34 for
744 1919 46 34 all
810 1919 99 35 other
929 1929 174 34 purposes.

397 1993 180 34 Affirmed.

397 2069 160 39 Turtle,
578 2068 42 41 J.,
642 2073 59 29 not
721 2067 256 44 participating.
