1632 2696
133 400 141 34 Section
287 399 77 43 6(a)
379 400 105 34 limits
496 400 60 35 the
567 400 211 44 application
790 401 38 34 of
836 401 60 34 the
908 401 114 34 FOIA
1034 406 36 30 to
1081 401 197 35 individual
1288 406 60 30 tax

134 455 147 35 returns,
303 450 67 34 and
390 461 44 23 on
454 450 77 34 that
551 450 92 35 basis
664 450 59 35 the
742 451 196 34 chancellor
958 450 80 35 held
1058 451 77 34 that
1155 451 137 35 records
1312 451 39 35 of

134 505 113 29 motor
258 500 72 34 fuel
340 505 183 39 taxpayers
535 505 122 39 except
667 500 99 35 those
776 500 39 35 of
822 500 207 35 individuals
1040 512 60 23 are
1110 506 60 30 not
1180 501 167 35 excluded

135 549 91 35 from
240 550 189 43 inspection
443 550 68 34 and
525 550 157 44 copying.
698 550 116 35 While
826 551 98 34 there
936 550 28 35 is
977 561 97 24 room
1087 550 54 35 for
1153 551 194 35 considera-

135 599 56 35 ble
204 599 109 35 doubt
326 611 37 23 as
377 605 35 29 to
425 600 93 34 what
531 611 71 23 was
615 600 164 35 intended
792 600 109 35 under
914 601 60 35 the
986 600 155 44 wording
1154 600 39 35 of
1203 601 59 34 the
1274 602 75 34 Tax

135 649 195 35 Procedure
342 651 79 39 Act,
434 650 59 34 the
506 650 80 43 only
598 650 142 44 specific
751 650 115 43 lifting
879 650 39 35 of
927 650 59 35 the
998 650 189 35 disclosure
1198 651 150 43 require-

135 705 113 29 ments
262 699 39 34 of
311 700 59 34 the
384 700 112 34 FOIA
510 699 108 35 found
632 700 35 34 in
680 700 59 34 the
751 701 74 33 Tax
838 700 195 35 Procedure
1044 701 70 34 Act
1127 701 28 34 is
1168 700 133 35 limited
1313 706 36 29 to

136 749 199 35 individual
347 754 59 30 tax
419 755 136 29 returns
570 749 68 35 and
652 760 52 24 we
717 750 100 34 think
829 750 77 34 that
919 750 174 43 language
1106 755 92 30 must
1212 761 136 32 govern.

1303 261 42 33 85

227 835 75 34 The
326 835 271 34 Commissioner
621 835 166 35 contends
811 835 27 35 it
861 835 113 35 would
998 836 44 34 be
1064 836 227 43 incongruent
1314 841 36 30 to

136 889 140 38 exempt
290 884 60 34 the
364 889 111 30 motor
491 884 71 35 fuel
577 890 60 29 tax
652 890 135 30 returns
802 885 39 34 of
853 885 218 41 individuals,
1086 886 101 34 while
1201 886 149 43 denying

136 934 78 34 that
234 934 191 43 protection
446 939 35 29 to
501 935 237 43 corporations
759 934 68 35 and
847 935 246 44 partnerships.
1116 936 66 34 We
1201 935 151 35 concede

136 994 97 24 some
247 984 102 34 merit
362 989 35 29 to
411 984 59 34 the
484 989 195 38 argument,
694 985 132 43 though
840 990 59 29 not
914 985 136 43 enough
1064 990 36 30 to
1114 985 134 44 compel
1261 997 40 23 us
1315 990 36 30 to

137 1034 136 34 rewrite
284 1034 59 34 the
355 1039 208 30 enactment.
577 1034 75 35 The
663 1034 162 35 financial
838 1034 137 35 records
987 1035 39 34 of
1034 1036 236 43 corporations
1282 1035 68 35 and

137 1083 99 35 other
258 1084 155 34 business
435 1084 136 34 entities
593 1084 88 35 have
702 1084 235 45 traditionally
959 1085 146 44 enjoyed
1126 1085 65 35 less
1213 1086 139 43 privacy

137 1133 85 34 than
234 1133 206 35 individuals
452 1133 68 35 and
532 1134 76 34 that
620 1145 81 33 may
713 1134 86 35 have
810 1134 194 35 influenced
1015 1135 59 34 the
1085 1135 171 43 language
1266 1135 85 35 used

138 1183 35 34 in
193 1183 60 35 the
272 1184 75 34 Tax
367 1183 193 35 Procedure
579 1185 80 34 Act.

324 1270 64 34 We
412 1270 180 43 recognize
615 1270 60 35 the
698 1270 166 45 principle
887 1271 77 35 that
988 1276 215 30 enactments
1226 1282 44 24 on
1293 1271 60 35 the

138 1330 98 24 same
246 1320 135 43 subject
392 1331 59 24 are
461 1325 36 30 to
508 1320 44 35 be
563 1320 83 35 read
658 1321 34 34 in
704 1321 75 44 pari
790 1321 158 41 materia,
960 1321 83 35 with
1055 1321 86 35 each
1152 1327 36 29 to
1199 1322 44 34 be
1252 1322 100 43 given

138 1370 105 34 effect
259 1370 179 35 whenever
454 1370 159 44 possible,
636 1370 171 35 Vandiver
820 1382 31 23 v.
873 1371 227 44 Washington
1118 1373 148 42 County,
1284 1373 68 33 274

138 1420 86 34 Ark.
237 1420 156 41 561, 628
406 1420 144 35 S.W.2d
565 1422 12 33 1
595 1420 138 44 (1982).
744 1421 75 34 The
828 1421 80 44 only
918 1432 120 24 means
1049 1422 45 43 by
1104 1422 112 34 which
1226 1433 51 24 we
1286 1433 66 24 can

138 1470 77 42 give
225 1470 97 34 these
331 1475 215 30 enactments
557 1471 102 43 equal
670 1471 104 34 effect
783 1471 28 34 is
821 1476 36 29 to
866 1471 104 35 reach
980 1471 60 35 the
1049 1483 97 23 same
1155 1472 198 34 conclusion

139 1530 37 23 as
192 1520 60 33 the
266 1520 196 34 chancellor
477 1520 69 34 and
562 1520 89 34 limit
667 1520 59 34 the
741 1520 273 44 confidentiality
1028 1521 39 34 of
1079 1526 113 30 motor
1206 1521 72 35 fuel
1293 1527 60 29 tax

138 1569 138 34 records
290 1574 36 29 to
340 1570 98 33 those
452 1569 171 43 involving
638 1570 189 34 individual
841 1575 194 39 taxpayers.
1050 1572 51 33 To
1114 1571 45 34 do
1172 1571 181 34 otherwise

138 1618 114 34 would
266 1619 135 43 require
413 1624 67 29 two
493 1619 127 43 things,
635 1620 138 43 equally
785 1619 230 35 undesirable:
1029 1631 51 24 we
1092 1620 113 35 would
1218 1621 87 34 have
1317 1626 35 29 to

138 1669 117 43 repeal
274 1668 45 44 by
338 1668 213 44 implication
571 1669 76 34 that
666 1669 135 44 portion
819 1669 40 35 of
874 1670 59 34 the
951 1670 120 34 Motor
1090 1670 83 35 Fuel
1191 1671 74 34 Tax
1283 1671 70 34 Act

139 1718 142 43 making
294 1718 98 35 those
404 1718 137 35 records
554 1719 128 44 public,
696 1730 20 23 a
729 1719 91 35 form
831 1719 39 35 of
876 1719 145 44 judicial
1034 1720 195 43 legislating
1240 1721 113 34 which

138 1779 52 23 we
205 1768 44 34 do
264 1773 59 29 not
338 1768 107 41 favor,
460 1770 123 33 Nance
596 1780 31 23 v.
647 1768 183 42 Williams,
847 1770 66 34 263
929 1770 86 34 Ark.
1032 1771 79 39 237,
1128 1771 67 33 564
1210 1770 143 34 S.W.2d

139 1817 221 43 213(1978),
372 1818 68 34 and
451 1829 51 23 we
513 1818 113 34 would
638 1819 88 34 have
736 1824 35 29 to
782 1819 104 43 apply
896 1830 21 23 a
928 1830 135 23 narrow
1073 1820 234 34 construction
1317 1825 36 29 to

139 1867 60 34 the
215 1867 167 34 Freedom
397 1867 38 34 of
448 1867 230 35 Information
693 1869 69 33 Act
777 1869 136 42 against
928 1880 20 23 a
963 1869 69 34 line
1046 1869 39 34 of
1097 1880 62 23 our
1173 1880 96 24 cases
1284 1869 69 35 and

139 1917 204 34 authorities
354 1917 123 43 urging
487 1917 60 34 the
556 1923 172 38 contrary.
739 1919 132 33 Baxter
882 1919 138 42 County
1029 1920 241 42 Newspapers,
1282 1920 69 33 Inc.

138 1977 31 23 v.
183 1966 161 35 Medical
354 1967 103 43 Staff
461 1966 46 44 of
511 1969 133 32 Baxter
656 1967 151 35 General
817 1967 180 44 Hospital,
1012 1969 66 33 273
1093 1968 85 34 Ark.
1193 1969 78 40 511,
1285 1969 68 34 622

139 2016 144 34 S.W.2d
313 2017 66 34 495
411 2016 138 44 (1981);
577 2016 117 36 North
725 2017 144 35 Central
894 2019 103 33 Assn.
1027 2017 46 45 of
1095 2018 161 44 Colleges
1284 2018 72 35 and

138 2066 154 35 Schools
310 2078 30 23 v.
365 2069 122 33 Troutt
506 2069 110 38 Bros.,
637 2069 83 40 Inc.,
741 2068 64 35 261
828 2068 85 35 Ark.
935 2069 79 41 378,
1035 2069 66 34 548
1122 2068 143 35 S.W.2d
1286 2070 65 34 825

141 2116 140 43 (1977);
296 2117 86 35 Ark.
401 2118 145 34 Gazette
559 2129 31 23 v.
607 2117 159 42 Pickens,
784 2119 65 34 258
867 2119 85 34 Ark.
969 2119 56 41 69,
1043 2120 68 33 522
1126 2119 143 34 S.W.2d
1286 2120 67 34 350

141 2166 140 43 (1975);
306 2169 134 33 Laman
462 2179 30 23 v.
518 2167 171 41 McCord,
716 2169 66 33 245
808 2168 85 34 Ark.
919 2169 80 40 401,
1024 2170 69 33 432
1117 2169 143 34 S.W.2d
1285 2170 66 33 753

141 2216 140 42 (1968);
305 2216 66 34 See
395 2217 151 34 Access
570 2222 35 29 to
629 2217 121 34 Public
773 2217 154 35 Records
950 2218 121 34 Under
1094 2218 59 34 the
1175 2218 179 35 Arkansas

141 2265 168 35 Freedom
329 2266 39 34 of
386 2266 228 35 Information
634 2267 104 40 Act,
759 2266 176 35 Professor
955 2267 90 35 John
1065 2268 30 34 J.
1117 2267 171 41 Watkins,
1310 2269 42 33 37

139 2316 86 34 Ark.
248 2316 82 34 Law
351 2316 137 35 Review
510 2317 78 34 742.

326 2403 65 34 We
404 2402 168 35 conclude
584 2402 77 35 that
674 2403 60 34 the
747 2403 185 43 objectives
946 2403 40 35 of
996 2403 59 35 the
1069 2403 115 35 FOIA
1197 2414 60 24 are
1269 2404 86 34 such
