1640 2680
295 272 68 34 254

333 414 30 33 3.
386 412 205 35 COURT’S
613 412 296 34 DISCRETION
930 411 64 35 TO
1016 411 193 35 MODIFY
1230 408 239 38 PREVIOUS

803 461 194 35 ORDERS

526 536 205 44 Appellants
750 536 103 34 claim
871 536 59 34 the
949 535 208 35 Chancellor
1175 534 98 36 erred
1291 535 35 34 in
1345 535 51 34 his
1419 535 86 34 1985

295 587 100 34 order
423 587 44 44 by
494 586 174 44 enjoining
696 586 95 35 them
819 586 90 35 from
937 586 137 44 placing
1101 596 115 24 across
1243 585 59 35 the
1328 584 84 36 road
1439 595 68 34 any

295 637 213 35 obstruction
520 637 40 35 of
569 648 19 24 a
601 637 162 34 different
775 642 90 39 type,
878 647 38 24 or
928 636 35 35 in
975 647 20 24 a
1007 636 163 35 different
1181 636 158 44 position,
1352 635 84 35 than
1449 636 58 34 the

295 693 80 38 gate
389 687 141 35 utilized
544 687 34 35 in
591 687 216 44 September,
826 687 98 34 1976.
939 687 75 34 The
1026 686 161 44 granting
1200 697 38 23 or
1251 686 149 44 denying
1413 685 40 35 of
1462 697 45 23 an

296 737 190 43 injunction
503 737 27 34 is
547 748 19 23 a
583 742 127 29 matter
725 736 122 43 falling
863 737 119 34 within
998 736 59 34 the
1072 736 110 34 sound
1197 736 184 34 discretion
1397 735 39 35 of
1449 736 59 34 the

295 787 79 34 trial
386 792 98 29 court
495 786 68 34 and
577 786 42 34 its
630 786 151 34 decision
793 786 68 34 will
873 791 59 29 not
944 786 43 33 be
997 785 157 34 reversed
1165 796 44 23 on
1221 785 123 43 appeal
1355 785 114 34 unless
1481 785 26 34 it

296 836 27 33 is
333 836 128 42 clearly
471 846 193 23 erroneous.
675 837 140 31 Bassett
824 846 30 22 v.
868 835 79 41 City
957 834 45 43 of
1003 834 239 42 Fayetteville,
1253 835 68 33 282
1330 834 85 33 Ark.
1428 834 78 39 395,

296 883 221 35 669 S.W.2d
531 886 11 31 1
559 883 137 43 (1984).
706 883 206 44 Appellants
922 893 107 33 argue
1037 883 76 34 that
1122 883 59 33 the
1189 883 80 33 trial
1278 887 98 29 court
1385 882 122 34 should

296 933 99 34 allow
407 933 58 34 the
477 933 81 34 wire
568 938 81 38 gate
659 943 44 23 on
715 933 58 34 the
784 932 184 44 perimeter
979 932 39 34 of
1027 932 88 34 their
1126 937 162 38 property
1299 937 35 29 to
1345 931 112 41 stand,
1469 942 38 24 as

296 983 59 34 the
377 982 233 35 construction
633 982 39 34 of
691 993 95 23 some
808 987 81 38 gate
910 993 70 23 was
1003 992 181 33 necessary
1206 987 36 29 to
1264 986 133 39 protect
1419 981 89 35 their

296 1038 171 38 property.
480 1032 169 41 Granted,
661 1032 59 34 the
731 1042 114 24 owner
856 1031 39 35 of
903 1043 21 23 a
936 1032 147 34 servient
1094 1037 111 29 estate
1215 1042 81 32 may
1307 1036 93 29 erect
1411 1036 97 38 gates

296 1093 115 24 across
420 1082 59 35 the
488 1093 75 33 way
573 1082 29 35 if
609 1082 82 43 they
699 1093 60 23 are
767 1091 38 25 so
814 1081 146 41 located,
970 1080 220 36 constructed
1199 1091 38 24 or
1247 1080 213 35 maintained
1470 1091 38 24 as

296 1138 59 29 not
366 1132 253 43 unreasonably
630 1137 35 29 to
676 1131 163 35 interfere
849 1131 83 35 with
943 1131 59 35 the
1012 1131 92 43 right
1114 1131 40 34 of
1161 1141 156 34 passage,
1329 1130 69 35 and
1409 1130 99 35 when

296 1182 81 44 they
392 1193 59 23 are
466 1192 181 33 necessary
663 1181 53 35 for
731 1181 59 35 the
805 1181 232 44 preservation
1053 1181 68 34 and
1136 1191 124 34 proper
1275 1180 68 35 and
1359 1180 149 35 efficient

296 1243 61 23 use
366 1232 40 34 of
413 1232 58 34 the
482 1232 147 34 servient
639 1236 120 30 estate.
770 1230 136 36 Jordan
915 1241 30 24 v.
958 1231 116 34 Guinn
1087 1232 30 33 &
1129 1229 201 45 Etheridge,
1343 1230 66 34 253
1421 1230 85 34 Ark.

297 1283 78 39 315,
389 1282 66 34 485
470 1281 142 35 S.W.2d
625 1283 66 32 715
708 1281 136 43 (1972).
859 1282 178 40 However,
1050 1281 59 34 the
1120 1281 186 43 testimony
1318 1280 27 34 is
1358 1280 34 34 in
1404 1280 104 44 sharp

296 1331 138 35 conflict
443 1342 38 24 as
490 1337 35 28 to
534 1331 154 34 whether
696 1331 59 34 the
763 1331 82 34 wire
853 1336 91 38 gate,
954 1331 234 44 particularly,
1198 1341 38 24 as
1245 1330 151 44 opposed
1405 1335 35 29 to
1449 1330 60 34 the

300 1381 88 35 1976
406 1381 106 34 metal
529 1386 91 38 gate,
637 1381 203 34 constitutes
858 1392 44 24 an
919 1381 213 34 obstruction
1149 1385 35 30 to
1201 1380 59 34 the
1276 1379 172 44 roadway.
1468 1380 39 34 In

296 1431 68 34 this
382 1429 134 45 regard,
534 1441 51 24 we
602 1430 44 35 do
664 1436 59 29 not
740 1430 71 35 find
829 1430 77 35 that
923 1430 59 35 the
999 1430 236 35 Chancellor’s
1253 1429 147 44 findings
1418 1440 90 24 were

296 1480 128 43 clearly
444 1491 193 23 erroneous.

359 1563 32 33 4.
414 1562 228 35 MATTERS
663 1562 103 35 NOT
787 1562 187 35 BEFORE
993 1562 98 34 THE
1110 1562 146 34 TRIAL
1276 1561 167 35 COURT

386 1638 50 33 As
451 1642 36 29 to
501 1637 59 34 the
574 1637 82 35 final
672 1637 96 44 point
782 1636 131 44 argued
929 1637 45 43 by
988 1637 203 43 appellants,
1207 1647 51 24 we
1271 1636 71 35 find
1357 1636 76 35 that
1447 1636 60 35 the

296 1687 208 34 Chancellor
515 1687 59 34 did
586 1692 59 29 not
657 1697 54 24 err
723 1687 45 43 by
779 1687 113 42 ruling
903 1697 45 24 on
960 1686 107 34 issues
1079 1691 60 29 not
1149 1686 158 44 properly
1318 1686 118 34 before
1447 1686 60 34 the

295 1742 99 29 court
410 1736 69 35 and
496 1736 144 41 further,
657 1737 77 34 that
750 1737 59 34 the
825 1735 102 35 relief
939 1735 147 44 granted
1102 1747 69 23 was
1187 1746 132 33 proper.
1336 1735 75 35 The
1427 1736 79 34 trial

295 1787 127 33 court’s
447 1786 131 43 finding
603 1786 76 35 that
703 1786 60 34 the
787 1786 193 44 appellants
1005 1796 89 24 were
1119 1785 33 34 in
1177 1790 176 39 contempt
1376 1785 130 44 merely

296 1836 184 34 reiterated
501 1836 59 34 the
579 1836 92 43 prior
691 1835 117 35 orders
828 1835 40 35 of
889 1836 99 34 1976.

386 1910 180 35 Affirmed.

387 1986 159 40 Purtle,
568 1986 42 40 J.,
631 1990 59 29 not
710 1985 256 44 participating.
