1624 2688
304 259 44 33 60

390 1377 38 33 B.
450 1375 161 35 Michael
628 1375 141 45 Easley,
790 1376 54 35 for
864 1376 187 45 appellant.

390 1456 59 34 No
469 1467 171 34 response.

390 1536 99 34 Jack
501 1537 119 39 Holt,
631 1537 68 40 Jr.,
711 1536 108 35 Chief
825 1537 141 35 Justice.

977 1537 207 44 Appellants
1195 1538 102 43 Doug
1307 1538 69 34 and
1387 1539 126 42 Marge

299 1585 127 34 Glover
446 1585 189 43 petitioned
655 1590 35 30 to
710 1586 106 43 adopt
835 1586 90 34 their
945 1586 294 44 granddaughter,
1260 1588 253 43 nine-year-old

299 1634 125 34 Nicole
444 1634 138 41 Glover,
603 1635 77 34 who
700 1635 69 34 had
789 1635 89 35 lived
899 1636 83 34 with
1002 1636 97 34 them
1119 1637 241 43 continuously
1380 1637 53 34 for
1454 1637 59 35 the

299 1683 184 43 preceding
494 1683 79 35 four
584 1683 68 37 and
663 1684 160 35 one-half
830 1696 110 32 years.
952 1685 75 35 The
1037 1686 204 43 appellants’
1253 1697 61 23 son
1326 1687 186 35 consented

298 1737 36 29 to
345 1732 52 35 his
408 1732 200 45 daughter’s
620 1733 175 44 adoption,
807 1734 62 34 but
882 1735 105 43 Mary
999 1735 200 41 Crenshaw,
1210 1736 155 34 Nicole’s
1376 1736 136 35 mother

298 1782 69 34 and
395 1782 59 35 the
482 1783 165 44 appellee,
677 1783 138 35 refused
843 1789 35 29 to
906 1789 102 38 grant
1036 1785 61 34 her
1124 1791 152 29 consent.
1306 1786 205 43 Appellants

298 1832 193 43 attempted
512 1837 36 30 to
568 1832 159 45 dispense
747 1833 82 35 with
850 1834 60 34 the
931 1834 164 35 mother’s
1116 1840 142 29 consent
1279 1835 232 44 requirement

298 1881 149 44 through
461 1882 197 44 exceptions
672 1883 162 44 provided
848 1883 34 35 in
895 1884 85 34 Ark.
995 1884 90 35 Stat.
1099 1885 91 34 Ann.
1207 1884 17 43 §
1241 1885 128 34 56-207
1386 1884 123 45 (Supp.

302 1931 117 43 1985).
448 1932 74 34 The
550 1932 144 44 probate
721 1938 99 30 court
847 1933 81 35 held
956 1933 76 35 that
1060 1934 183 44 appellee’s
1271 1940 141 29 consent
1440 1946 70 23 was

298 1981 159 43 required
466 1981 69 35 and
544 1993 51 23 we
604 1982 123 37 affirm.
738 1982 170 44 Supreme
917 1983 111 34 Court
1033 1983 218 43 jurisdiction
1261 1984 27 34 is
1298 1990 168 37 pursuant
1475 1989 36 30 to

297 2030 84 44 Sup.
403 2031 57 34 Ct.
482 2031 42 34 R.
547 2031 171 43 29(1)(c).

528 2110 198 45 Generally,
746 2111 59 35 the
823 2112 138 34 natural
981 2117 139 39 parents
1139 2117 93 30 must
1250 2118 142 29 consent
1410 2118 36 30 to
1465 2124 45 24 an

297 2159 164 44 adoption
471 2160 54 34 for
534 2160 26 35 it
570 2166 35 29 to
615 2160 43 35 be
666 2161 102 34 valid.
779 2161 85 35 Ark.
875 2161 90 35 Stat.
976 2163 91 34 Ann.
1080 2162 18 43 §
1111 2163 129 34 56-206
1253 2162 122 45 (Supp.
1391 2162 117 44 1985).

296 2209 76 35 The
390 2210 197 44 exceptions
608 2210 34 35 in
663 2211 84 37 Ark.
769 2211 89 35 Stat.
880 2212 92 34 Ann.
996 2212 17 42 §
1037 2213 129 34 56-207
1187 2212 149 44 provide:

422 2288 53 43 (a)
498 2289 155 35 Consent
672 2295 36 29 to
728 2290 164 44 adoption
913 2291 27 34 is
961 2296 60 30 not
1040 2291 159 44 required
1219 2291 46 35 of:

496 2393 53 43 (1)
