1657 2702
133 414 86 43 days
245 414 129 41 before,
401 414 127 43 stating
554 414 77 35 that
656 414 176 43 appellant
857 414 114 34 would
996 419 176 38 represent
1197 412 148 35 himself.

135 465 190 43 Appellant
335 463 173 36 indicated
518 464 77 35 that
603 464 45 35 he
657 463 113 35 would
781 463 113 44 prefer
903 469 36 29 to
948 464 88 34 have
1045 463 139 34 counsel
1195 463 67 34 and
1273 462 76 35 that

135 514 44 34 he
188 514 69 34 had
268 514 192 44 attempted
470 519 35 29 to
515 514 119 34 obtain
644 513 98 35 other
752 514 138 34 counsel
901 514 62 34 but
973 513 69 34 had
1052 513 87 34 been
1149 523 198 25 unsuccess-

136 563 61 35 ful.
217 564 75 34 The
310 569 98 29 court
427 563 113 35 stated
560 564 76 34 that
655 563 176 45 appellant
850 564 113 34 would
982 563 44 34 be
1044 563 145 35 deemed
1208 568 35 30 to
1262 563 87 35 have

135 614 123 34 moved
276 614 53 34 for
345 625 20 23 a
382 614 229 34 continuance
628 613 68 35 and
713 613 58 34 the
788 614 130 33 motion
935 613 113 34 would
1065 613 43 34 be
1124 613 133 35 denied.
1275 613 74 34 The

134 669 225 37 government
385 663 80 34 then
492 664 182 43 presented
700 663 43 34 its
768 674 89 23 case.
884 663 103 35 After
1013 663 59 34 the
1096 663 252 43 government’s

135 713 245 43 presentation,
397 713 58 34 the
470 724 80 23 case
565 724 69 23 was
650 712 186 36 continued
851 713 54 34 for
920 724 65 23 one
1000 713 105 34 week.
1123 713 112 34 When
1251 717 98 30 court

136 763 224 41 reconvened,
381 763 175 43 appellant
576 763 68 34 still
664 762 59 35 did
743 768 59 29 not
820 763 88 34 have
927 763 139 34 counsel
1086 763 69 34 and
1174 763 59 34 the
1251 767 98 30 court

136 812 104 34 made
260 824 20 23 a
301 813 130 42 finding
451 812 39 35 of
507 813 98 42 guilt.
626 813 75 34 The
721 812 128 43 Eighth
870 812 134 35 Circuit
1025 812 118 35 found:

1279 272 66 33 247

352 890 56 34 On
423 889 66 34 this
506 889 119 35 record
641 900 50 24 we
705 895 127 29 cannot
846 889 71 35 find
932 890 76 34 that
1024 889 117 34 White
1156 889 194 43 knowingly

261 939 68 34 and
354 939 227 44 intelligently
606 939 130 35 waived
761 939 51 34 his
837 940 91 43 right
952 945 35 29 to
1012 940 139 33 counsel
1177 967 6 6 .
1211 967 6 7 .
1246 967 6 7 .
1278 939 70 34 Mr.

262 989 117 35 White
389 989 153 34 asserted
554 995 36 29 at
601 989 59 35 the
670 989 80 44 July
764 990 80 34 15th
855 989 207 44 proceeding
1073 989 77 35 that
1160 989 43 35 he
1213 989 136 35 wanted

261 1039 139 35 counsel
413 1039 68 34 and
493 1039 44 34 he
548 1039 133 35 related
693 1039 52 34 his
757 1039 238 35 unsuccessful
1007 1044 166 39 attempts
1184 1045 36 29 to
1232 1039 118 35 obtain

262 1090 144 34 another
426 1094 170 39 attorney.

353 1165 51 36 Of
412 1177 131 31 course,
555 1167 59 34 the
625 1166 92 45 right
728 1171 35 30 to
773 1167 139 35 counsel
924 1167 27 35 is
963 1178 20 24 a
994 1167 122 41 shield,
1128 1172 59 30 not
1198 1171 19 31 á
1229 1166 120 36 sword.

261 1218 33 33 A
311 1216 188 36 defendant
516 1217 63 35 has
596 1228 43 24 no
656 1217 92 43 right
764 1222 35 30 to
815 1218 216 44 manipulate
1047 1217 52 35 his
1116 1218 91 43 right
1224 1217 52 35 for
1292 1217 59 35 the

262 1278 147 33 purpose
419 1267 38 34 of
465 1267 161 44 delaying
638 1267 68 35 and
717 1267 193 44 disrupting
921 1268 60 34 the
991 1267 99 35 trial.
1118 1295 6 7 .
1153 1296 6 6 .
1172 1269 178 39 However,

261 1317 68 34 this
341 1317 118 34 record
471 1317 27 34 is
509 1317 209 35 insufficient
728 1322 36 29 to
775 1323 141 38 support
927 1329 20 23 a
958 1317 133 43 finding
1101 1317 39 34 of
1147 1317 204 35 intentional

263 1366 262 44 manipulation.
551 1367 65 34 For
639 1367 46 34 all
708 1378 51 22 we
781 1377 65 24 can
869 1368 70 40 tell,
963 1367 177 43 appellant
1162 1378 81 32 may
1265 1366 88 35 have

262 1415 205 43 discharged
483 1415 169 43 [retained
663 1416 153 43 counsel]
831 1416 54 34 for
895 1416 126 43 wholly
1030 1416 173 44 adequate
1213 1426 139 25 reasons

263 1465 68 34 and
347 1476 80 32 may
442 1465 86 35 have
543 1466 82 34 then
641 1466 191 43 proceeded
847 1466 34 34 in
896 1465 89 44 good
1000 1465 89 35 faith
1104 1471 36 29 to
1155 1470 147 40 attempt
1317 1471 35 29 to

263 1515 71 34 find
354 1515 185 35 substitute
559 1515 151 35 counsel.

229 1592 179 44 Although
424 1592 82 35 here
520 1593 59 34 the
594 1593 80 35 trial
685 1592 109 44 judge
808 1593 149 35 testified
972 1593 77 34 that
1064 1593 44 35 he
1122 1594 147 43 thought
1284 1593 67 34 this

138 1653 71 23 was
220 1643 68 33 “an
299 1643 102 34 effort
411 1653 38 23 or
459 1642 225 43 subterfuge”
696 1642 45 43 by
751 1643 59 34 the
820 1644 177 42 appellant
1007 1648 36 29 to
1053 1643 125 34 extend
1189 1643 94 40 time,
1294 1643 60 34 the

139 1691 121 34 record
276 1692 28 33 is
320 1691 206 35 insufficient
542 1697 36 29 to
594 1697 143 39 support
752 1692 85 34 such
853 1703 20 23 a
889 1692 132 42 finding
1037 1692 40 34 of
1089 1692 262 44 manipulation.

139 1740 65 34 We
215 1746 81 28 note
306 1741 34 33 in
351 1740 188 44 particular
550 1741 76 34 that
637 1741 205 44 appellant’s
853 1741 181 44 employed
1045 1742 139 34 counsel
1195 1741 157 35 initiated

138 1789 52 34 his
211 1800 76 24 own
308 1790 150 34 removal
479 1789 91 35 from
591 1791 68 34 this
679 1800 89 25 case.

229 1867 116 43 Again
359 1867 34 35 in
412 1866 129 36 Tollett
553 1878 30 24 v.
602 1866 128 36 United
740 1868 131 41 States,
886 1869 69 33 444
970 1867 85 35 F.2d
1070 1868 68 34 622
1154 1868 124 43 (1971)
1294 1867 59 35 the

138 1917 130 43 Eighth
298 1917 134 36 Circuit
461 1917 95 36 dealt
584 1918 84 35 with
697 1929 45 23 an
772 1919 176 43 appellant
976 1918 78 35 who
1082 1919 113 43 began
1225 1930 20 24 a
1273 1918 80 35 trial

138 1968 221 43 represented
376 1968 44 43 by
435 1968 156 35 retained
606 1968 151 35 counsel.
773 1968 75 35 The
862 1969 80 34 trial
957 1969 157 34 recessed
1130 1974 35 29 to
1180 1969 99 35 allow
1295 1969 59 34 the

138 2018 178 42 appellant
339 2023 35 29 to
397 2017 42 35 be
461 2018 282 43 psychiatrically
765 2019 192 34 evaluated.
982 2019 114 33 When
1119 2019 59 34 the
1200 2019 79 34 trial
1302 2029 50 24 re-

138 2067 134 40 sumed,
289 2067 59 34 the
364 2072 97 29 court
478 2068 182 43 explained
677 2068 26 34 it
719 2067 69 34 had
805 2068 155 34 received
976 2079 21 22 a
1014 2068 100 34 letter
1130 2068 91 34 from
1237 2068 115 44 appel-

138 2116 103 34 lant’s
251 2122 158 38 attorney
418 2117 128 42 stating
556 2117 77 34 that
641 2117 44 34 he
694 2117 69 34 and
772 2118 176 42 appellant
957 2117 69 34 had
1035 2117 117 34 talked
1162 2118 26 33 it
1196 2128 79 24 over
1284 2117 68 34 and

138 2166 178 43 appellant
331 2165 69 35 had
415 2166 209 35 terminated
640 2167 52 34 his
709 2167 243 43 employment.
969 2166 75 35 The
1058 2167 80 34 trial
1153 2172 98 29 court
1267 2166 85 41 said,

139 2215 146 35 “Under
299 2216 99 34 those
411 2215 280 42 circumstances,
706 2227 53 23 we
772 2216 87 35 have
873 2216 125 35 turned
1011 2216 75 34 him
1099 2217 94 34 loose
1208 2244 75 7 ...
1299 2217 56 34 Do

139 2276 68 33 you
219 2271 93 30 want
324 2271 35 30 to
370 2276 43 34 go
425 2266 90 35 back
526 2266 69 35 and
607 2266 119 44 testify
737 2266 145 36 without
894 2267 186 35 counsel?”
1093 2267 74 35 The
1179 2266 176 46 appellant

139 2316 131 43 replied
288 2317 116 34 “Yes”
423 2316 68 35 and
508 2327 44 24 no
569 2317 99 35 other
685 2316 190 35 discussion
892 2317 208 43 concerning
1117 2318 139 34 counsel
1273 2317 82 34 took

139 2366 100 43 place
251 2366 87 35 until
347 2367 73 42 just
432 2366 92 44 prior
536 2372 36 29 to
585 2367 211 42 sentencing.
810 2367 74 34 The
896 2367 129 43 Eighth
1038 2367 135 34 Circuit
1186 2366 168 41 reversed,

139 2415 120 43 noting
280 2416 76 34 that
376 2420 36 30 at
432 2416 59 34 the
511 2417 213 43 resumption
745 2416 39 34 of
801 2417 59 33 the
880 2417 154 41 hearing,
1055 2417 60 33 the
1134 2417 80 34 trial
1234 2421 108 30 court:
