1648 2680
297 403 204 44 appellant’s
515 402 99 41 brief,
629 402 176 44 appellant
818 401 112 35 Wade
943 400 105 35 asked
1062 401 76 34 that
1151 400 60 34 she
1224 400 43 34 be
1280 399 146 35 relieved
1440 399 67 34 and

297 454 76 34 that
392 453 43 34 he
454 453 42 34 be
515 452 143 35 allowed
677 457 35 29 to
731 450 146 46 proceed
896 461 61 34 pro
975 461 46 24 se.
1042 451 65 33 We
1125 449 145 44 granted
1289 449 59 35 the
1366 449 140 34 motion.

296 264 69 33 474

388 529 188 43 Appellant
595 538 75 24 now
689 527 78 35 asks
786 527 202 44 permission
1007 531 36 29 to
1061 525 263 44 “supplement”
1343 525 60 34 the
1421 524 91 35 brief

297 579 81 34 filed
388 579 45 43 by
444 578 142 43 Dickey.
599 577 107 34 What
716 577 44 34 he
769 577 28 34 is
807 576 153 43 actually
970 575 208 44 requesting,
1189 575 166 40 however,
1366 574 28 35 is
1405 580 59 28 not
1474 580 35 28 to

298 629 218 43 supplement
539 628 59 33 the
620 627 92 34 brief
732 627 62 33 but
817 626 117 34 rather
957 631 35 28 to
1016 625 106 43 adopt
1144 625 168 34 counsel’s
1336 624 91 34 brief
1447 624 62 34 but

298 678 186 34 substitute
508 677 51 34 his
584 687 75 24 own
684 681 183 38 argument
891 685 44 24 on
959 686 65 23 one
1047 675 96 43 point
1168 674 52 34 for
1244 674 59 34 the
1327 678 183 38 argument

298 728 135 34 written
447 727 45 43 by
504 726 150 35 counsel.
668 726 189 43 Appellant
869 725 62 34 has
945 723 163 36 attached
1121 729 35 29 to
1169 724 52 34 his
1234 724 131 34 motion
1378 723 59 34 the
1449 733 61 33 pro

298 788 37 23 se
352 776 92 35 brief
459 777 43 33 he
520 776 135 34 intends
674 781 35 29 to
727 775 57 34 file
802 775 29 34 if
846 775 67 34 this
932 774 131 35 motion
1081 774 27 34 is
1127 773 155 44 granted.
1303 774 30 33 It
1351 773 81 34 does
1451 778 59 28 not

299 826 157 35 conform
476 831 35 29 to
531 836 62 24 our
614 825 100 34 rules.

482 901 75 34 The
568 900 130 34 motion
710 900 28 34 is
748 899 135 35 denied.
895 898 189 44 Appellant
1095 909 70 23 was
1176 897 186 44 appointed
1374 907 135 33 compe­

299 956 74 29 tent
393 950 149 34 counsel.
565 951 55 33 He
640 950 103 34 chose
762 954 35 29 to
818 948 114 35 refuse
952 948 60 34 her
1033 948 188 34 assistance
1240 947 45 43 by
1304 947 207 42 voluntarily

300 1000 146 43 electing
459 1005 35 29 to
506 999 151 35 exercise
669 999 51 34 his
733 999 91 42 right
836 1003 35 29 to
884 1003 175 38 represent
1071 996 149 35 himself.
1234 997 65 33 We
1310 995 201 35 considered

299 1050 60 34 the
379 1049 92 34 brief
489 1049 80 34 filed
591 1048 45 44 by
656 1048 139 34 counsel
817 1053 35 29 to
874 1048 42 33 be
937 1047 202 34 withdrawn
1161 1047 98 33 when
1281 1046 139 34 counsel
1441 1056 70 23 was

300 1099 157 34 relieved.
487 1099 104 33 Since
619 1098 59 34 the
707 1097 186 43 attorney’s
922 1096 91 35 brief
1039 1097 27 34 is
1095 1107 44 23 no
1168 1096 117 42 longer
1314 1095 134 43 subject
1476 1100 36 29 to

300 1148 264 40 consideration,
586 1147 176 44 appellant
782 1147 27 34 is
830 1146 210 44 responsible
1060 1146 53 34 for
1133 1146 96 42 filing
1249 1156 21 23 a
1291 1144 92 35 brief
1400 1144 112 34 which

300 1198 174 34 conforms
487 1203 36 28 to
536 1208 62 23 our
611 1197 90 34 rules
714 1196 68 35 and
795 1196 112 35 which
920 1195 87 44 fully
1020 1200 154 39 presents
1187 1195 45 34 all
1246 1194 52 35 his
1312 1199 200 38 arguments

301 1248 53 34 for
369 1247 158 35 reversal.
541 1247 69 34 See
626 1247 111 34 Green
749 1257 30 24 v.
794 1246 113 41 State,
924 1246 66 34 277
1006 1246 84 34 Ark.
1111 1246 75 39 129,
1202 1245 67 34 639
1286 1243 142 35 S.W.2d
1445 1244 67 34 512

303 1297 136 43 (1982).

393 1372 136 35 Motion
550 1371 134 35 denied.

391 1448 160 40 Purtle,
572 1448 42 40 J.,
636 1452 60 29 not
716 1446 255 44 participating.

307 1722 122 42 Doyne
449 1721 144 40 LOYD,
614 1725 34 29 et
668 1720 56 40 al.,
746 1731 37 23 as
804 1719 179 34 Members
1003 1718 40 35 of
1060 1719 59 33 the
1139 1718 126 34 Chicot
1285 1717 140 43 County
1445 1716 62 35 Bd.

316 1770 39 34 of
373 1770 119 41 Educ.,
513 1771 148 42 Tommy
681 1769 167 41 POOLE,
870 1774 34 29 et
924 1769 56 40 al.,
1001 1768 86 34 Sam
1106 1767 261 41 ADKISSON,
1388 1772 34 29 et
1442 1767 55 40 al.,

326 1831 37 23 as
385 1820 178 34 Members
584 1819 39 35 of
641 1819 95 34 Lake
756 1819 135 43 Village
911 1818 84 34 Pub.
1017 1817 127 35 School
1165 1817 88 35 Dist.
1276 1816 62 35 Bd.
1359 1816 40 35 of
1415 1816 73 35 Dir.

323 1881 27 23 v.
373 1870 132 34 Lonnie
525 1869 204 40 KNIGHT,
750 1874 34 29 et
804 1868 56 41 al.,
881 1879 37 23 as
940 1867 179 35 Members
1140 1866 39 35 of
1196 1867 88 34 Ross
1305 1867 77 33 Van
1402 1866 91 34 Ness

317 1920 126 34 School
465 1919 61 34 Bd.
548 1919 39 34 of
605 1919 85 40 Dir.,
712 1919 116 34 James
850 1918 203 40 HANDIE,
1074 1922 34 29 et
1129 1917 56 40 al.,
1206 1927 37 24 as
1264 1916 178 35 Members
1462 1915 40 35 of

513 1968 138 35 Eudora
672 1968 126 34 School
819 1967 88 35 Dist.
932 1968 33 33 &
989 1967 62 34 Bd.
1072 1966 40 35 of
1129 1967 176 34 Directors

304 2045 129 33 85-259

1194 2042 67 33 706
1282 2040 142 35 S.W.2d
1446 2041 65 34 393

631 2118 170 44 Supreme
822 2118 110 34 Court
952 2117 39 35 of
1007 2117 179 34 Arkansas

594 2168 152 44 Opinion
766 2167 172 35 delivered
958 2167 100 44 April
1079 2168 32 40 7,
1136 2167 87 34 1986
