1655 2684
304 424 59 29 not
384 419 42 34 be
446 417 179 41 tolerated,
648 417 176 43 including
844 417 209 43 dishonesty,
1074 417 173 42 cheating,
1268 416 122 34 willful
1410 416 105 43 negli-

304 479 117 33 gence,
438 467 101 41 theft,
556 467 127 44 loafing
700 467 124 43 during
840 466 153 43 working
1010 467 94 41 time,
1122 466 69 35 and
1207 465 308 35 insubordination.

304 278 68 34 604

487 536 112 35 There
628 547 69 24 was
726 535 144 43 nothing
898 535 34 34 in
963 535 58 34 the
1049 534 186 36 handbook
1263 534 158 43 assuring
1449 545 68 33 any

303 587 178 43 employee
490 586 76 34 that
575 586 43 33 he
627 597 38 23 or
674 586 61 34 she
743 585 113 35 would
866 585 42 34 be
917 585 181 44 employed
1108 585 54 34 for
1171 596 19 23 a
1200 584 189 44 particular
1398 584 118 43 length

303 636 39 34 of
353 636 85 34 time
451 646 38 24 or
503 635 112 35 would
630 636 43 34 be
687 635 205 43 discharged
906 635 80 43 only
1000 634 53 35 for
1067 646 114 23 cause.
1198 636 121 32 Hence
1333 634 67 34 this
1415 633 27 35 is
1457 639 59 29 not

303 686 59 34 the
375 691 80 38 type
467 685 39 34 of
516 696 79 23 case
607 696 51 24 we
670 685 69 34 had
753 685 33 34 in
800 684 96 35 mind
909 685 34 33 in
956 685 157 34 Jackson
1123 696 31 22 v.
1168 683 137 35 Kinark
1318 684 115 43 Corp.,
1448 685 68 33 282

303 736 85 33 Ark.
415 736 78 39 548,
519 735 67 34 669
612 734 143 35 S.W.2d
780 735 66 34 898
874 733 138 43 (1984),
1037 734 99 34 when
1160 745 52 23 we
1236 733 198 34 mentioned
1458 734 59 34 the

303 784 192 44 possibility
512 783 39 35 of
566 784 193 43 modifying
777 784 59 34 the
853 784 243 34 common-law
1116 784 83 33 rule.
1220 784 94 33 Here
1331 783 59 33 the
1407 782 108 35 hand­

303 834 90 34 book
406 833 59 34 did
479 838 60 29 not
553 833 87 34 alter
654 834 76 34 that
744 833 83 34 rule.
843 834 131 42 Bryant
988 832 131 35 offered
1133 833 144 42 nothing
1291 832 70 34 else
1374 837 35 28 to
1423 832 93 34 show

303 883 76 34 that
396 883 52 34 his
465 883 234 43 employment
715 893 69 24 was
800 882 98 35 other
915 882 85 34 than
1016 888 36 29 at
1068 882 78 34 will.
1165 882 120 35 Under
1302 881 59 34 the
1377 881 64 35 law
1458 882 59 34 the

302 943 172 34 company
490 932 69 35 had
577 932 58 34 the
651 932 157 35 absolute
825 932 91 43 right
934 937 35 29 to
986 932 184 35 terminate
1187 931 159 44 Bryant’s
1364 932 150 43 employ­

303 988 95 29 ment
413 988 37 29 at
464 993 68 33 any
547 982 94 42 time,
653 983 73 43 just
741 993 37 24 as
794 982 44 35 he
852 981 69 35 had
937 982 58 34 the
1010 982 92 44 right
1116 987 36 29 to
1167 982 75 44 quit
1257 981 51 35 his
1320 981 62 43 job
1397 987 36 29 at
1448 992 68 33 any

303 1033 94 34 time.
414 1033 113 34 There
543 1043 70 24 was
629 1032 173 35 therefore
819 1043 43 23 no
878 1032 158 44 question
1053 1032 39 35 of
1106 1032 72 35 fact
1195 1031 54 35 for
1265 1031 59 35 the
1336 1031 81 44 jury
1433 1032 82 34 with

303 1082 123 43 regard
446 1088 35 28 to
500 1082 59 34 the
578 1082 152 35 asserted
750 1093 104 23 cause
872 1081 39 35 of
927 1082 114 34 action
1061 1082 54 34 for
1133 1081 170 43 wrongful
1323 1081 191 43 discharge.

393 1149 180 35 Affirmed.

394 1218 159 39 Purtle,
574 1217 43 40 J.,
638 1222 60 30 not
718 1216 255 45 participating.

391 1410 146 34 Charles
558 1410 43 33 D.
623 1410 253 40 RAGLAND,
898 1409 271 35 Commissioner
1189 1409 39 34 of
1245 1410 180 33 Revenues

382 1470 27 24 v.
432 1459 175 34 DELTIC
629 1460 139 34 FARM
793 1460 33 33 &
848 1459 188 35 TIMBER
1056 1459 259 40 COMPANY,
1337 1458 97 35 INC.

303 1532 129 33 85-249

1218 1531 66 33 708
1306 1530 144 35 S.W.2d
1471 1532 44 33 90

630 1603 170 43 Supreme
821 1602 110 34 Court
951 1601 39 35 of
1007 1602 179 35 Arkansas

581 1652 152 44 Opinion
753 1651 172 36 delivered
945 1653 100 43 April
1066 1653 55 40 28,
1147 1653 88 34 1986

587 1701 193 40 [Rehearing
799 1701 113 32 denied
931 1702 80 39 May
1030 1703 50 36 27,
1104 1701 124 40 1986.*]

368 2422 13 15 *
398 2423 92 29 Purtle,
505 2423 31 29 J.,
552 2426 43 21 not
609 2423 186 32 participating.
