1648 2696
1274 261 67 33 239

235 1807 94 43 Greg
345 1806 185 44 Stephens,
551 1805 54 35 for
625 1806 187 43 appellant.

233 1890 105 34 Steve
361 1889 119 41 Clark,
503 1879 99 54 Átt’y
623 1889 101 41 Gen.,
746 1889 55 43 by:
824 1890 107 42 Mary
951 1888 88 35 Beth
1060 1888 180 41 Sudduth,
1261 1889 93 33 Asst.

143 1939 100 44 Att’y
263 1939 100 41 Gen.,
385 1939 52 35 for
458 1939 165 44 appellee.

235 2024 99 34 Jack
351 2025 119 40 Holt,
486 2024 68 41 Jr.,
571 2023 108 35 Chief
691 2023 141 35 Justice.

848 2023 74 34 The
937 2023 188 44 appellant,
1140 2022 145 35 Charles
1301 2022 55 35 W.

144 2074 165 43 Philyaw,
329 2085 69 23 was
418 2073 179 36 convicted
617 2073 40 35 of
674 2073 192 44 attempted
886 2073 129 44 capital
1035 2072 140 35 murder
1194 2072 69 35 and
1283 2083 74 24 sen-

144 2124 124 35 tenced
282 2129 35 29 to
331 2135 20 23 a
366 2129 88 29 term
468 2123 39 35 of
519 2125 44 33 20
577 2135 99 33 years
691 2123 273 44 imprisonment,
978 2128 36 30 to
1028 2134 64 23 run
1106 2122 252 44 consecutively

144 2174 83 33 with
241 2184 20 23 a
275 2174 91 43 prior
379 2173 59 35 life
451 2178 171 30 sentence.
637 2174 56 33 He
706 2173 125 43 sought
843 2173 271 43 postconviction
1127 2172 101 34 relief
1237 2182 120 33 pursu-

144 2228 61 29 ant
221 2228 36 28 to
271 2223 85 33 Ark.
373 2224 42 32 R.
432 2223 109 33 Crim.
558 2223 35 33 P.
612 2224 54 39 37,
682 2223 112 33 which
809 2233 69 23 was
894 2222 124 34 denied
1034 2222 45 43 by
1093 2222 59 33 the
1166 2221 80 34 trial
1260 2226 98 29 court

145 2271 91 35 after
249 2283 20 23 a
282 2272 153 42 hearing.
450 2272 31 34 It
493 2272 28 34 is
534 2272 91 34 from
636 2271 77 35 that
725 2271 115 34 denial
852 2271 77 34 that
941 2271 68 34 this
1022 2271 123 43 appeal
1158 2270 28 34 is
1198 2270 159 42 brought.

145 2321 76 34 Our
238 2321 218 43 jurisdiction
477 2321 28 34 is
525 2320 107 35 based
652 2332 44 23 on
717 2321 83 43 Sup.
823 2321 56 34 Ct.
901 2321 42 33 R.
966 2320 82 42 29(1
1055 2319 83 43 )(e).

237 2405 180 43 Although
433 2405 59 35 the
507 2405 176 44 appellant
699 2404 112 35 raised
827 2415 186 24 numerous
1029 2404 107 34 issues
1152 2403 34 35 in
1202 2403 52 35 his
1270 2403 91 35 Rule
