1639 2700
106 422 59 34 the
177 421 163 44 majority
351 421 138 44 opinion
502 426 168 37 suggests.
684 421 31 34 It
727 420 62 34 has
801 419 211 45 precedence
1024 419 53 35 for
1089 430 40 23 us
1141 419 34 34 in
1187 418 87 43 light
1285 417 40 35 of

105 482 64 24 our
185 471 222 44 dependence
422 481 43 24 on
481 472 134 32 Brown.
632 470 75 35 The
723 469 79 35 trial
815 469 108 43 judge
938 469 35 34 in
988 468 147 35 Skaden
1150 468 80 34 held
1246 468 76 34 that

106 521 225 35 termination
343 521 143 34 benefits
497 520 163 44 virtually
671 519 162 35 identical
845 524 36 29 to
891 519 60 34 the
961 518 145 35 benefits
1119 518 34 35 in
1164 518 68 34 this
1243 528 80 24 case

106 582 90 23 were
206 577 60 29 not
276 571 157 34 divisible
442 575 172 39 property.
626 570 74 34 The
710 569 170 44 Supreme
890 568 111 35 Court
1011 568 169 41 reversed,
1190 567 131 43 finding

106 631 44 24 on
160 620 59 35 the
228 621 156 43 strength
393 620 39 35 of
437 620 59 35 the
504 621 125 33 Brown
637 619 152 35 decision
798 619 76 34 that
883 618 59 35 the
950 618 146 35 benefits
1104 629 90 23 were
1202 629 20 23 a
1231 617 91 35 form

107 670 39 35 of
168 669 160 36 deferred
353 669 259 45 compensation
638 681 37 23 as
700 668 151 45 opposed
875 673 36 30 to
935 679 21 24 a
981 679 95 24 mere
1100 673 222 39 expectancy,

108 720 135 43 leaving
260 720 80 44 only
356 725 35 30 to
408 720 59 34 the
481 719 80 35 trial
578 725 99 29 court
693 730 44 24 on
754 718 144 35 remand
914 718 154 35 whether
1084 723 36 30 to
1135 717 114 35 divide
1265 717 59 35 the

108 770 146 35 benefits
269 771 34 34 in
317 770 82 35 kind
413 781 37 23 as
464 768 167 42 received,
646 780 38 24 or
697 780 44 24 on
755 769 59 34 the
827 768 92 35 basis
932 768 40 35 of
982 773 138 39 present
1132 768 111 35 value.
1259 768 65 34 We

108 820 136 41 should,
266 821 14 34 I
301 820 140 41 submit,
463 819 106 44 adopt
589 830 20 24 a
630 819 132 35 similar
782 819 157 44 position.

1256 278 62 33 133

109 891 66 35 We
185 891 88 35 have
282 891 75 35 said
367 891 76 35 that
452 890 214 35 chancellors
677 901 59 24 are
745 890 99 44 given
854 889 109 35 broad
973 900 131 33 powers
1114 889 109 35 under
1235 889 17 42 §
1265 889 58 34 34-­

114 942 88 33 1214
234 946 36 30 to
300 941 183 34 distribute
514 946 163 38 property
707 940 35 35 in
773 940 147 40 divorce,
957 939 179 44 Williford
1163 950 30 23 v.
1230 938 96 35 Will­

109 990 106 45 iford,
246 992 68 34 280
342 991 84 34 Ark.
456 992 56 39 77,
541 991 67 33 655
639 989 144 36 S.W.2d
812 990 65 34 398
909 989 125 43 (1983)
1066 989 68 35 and
1162 989 77 34 that
1266 988 60 35 the

110 1041 191 43 legislative
313 1051 147 34 purpose
472 1040 129 35 behind
615 1040 18 43 §
649 1041 154 34 34-1214
816 1039 122 35 should
951 1044 60 29 not
1023 1040 44 34 be
1079 1038 189 36 frustrated
1280 1038 45 44 by

109 1090 156 44 drawing
290 1091 205 43 controlling
520 1090 206 35 differences
751 1090 154 34 between
931 1090 159 43 pensions
1114 1088 118 36 vested
1257 1088 68 35 and

110 1141 176 44 currently
303 1141 147 44 payable
467 1140 69 35 and
553 1140 99 35 those
668 1140 77 35 that
762 1151 59 24 are
837 1139 118 35 vested
972 1139 63 35 but
1052 1139 147 45 payable
1216 1139 34 34 in
1268 1139 59 34 the

111 1191 128 34 future.
255 1193 79 42 Day
346 1202 31 24 v.
392 1193 88 41 Day,
496 1201 119 33 supra.
633 1190 34 35 If
678 1201 53 24 we
745 1201 59 24 are
817 1195 36 29 to
867 1190 44 34 be
924 1190 200 41 consistent,
1139 1200 51 24 we
1204 1188 122 35 should

111 1241 114 34 affirm
245 1241 60 35 the
325 1241 205 34 chancellor.

257 1422 113 35 David
390 1423 30 34 J.
441 1422 188 34 POTTER
649 1433 29 23 v.
701 1422 102 43 Betty
825 1420 149 44 (Potter)
997 1421 187 35 EASLEY

113 1492 132 34 85-144

1007 1492 66 34 703
1095 1490 144 36 S.W.2d
1259 1491 68 33 442

442 1562 171 43 Supreme
633 1562 112 34 Court
764 1561 40 35 of
820 1561 179 35 Arkansas

367 1611 151 44 Opinion
539 1611 173 35 delivered
734 1611 175 43 February
930 1612 32 39 3,
987 1612 88 33 1986

382 1660 193 39 [Rehearing
593 1659 115 33 denied
727 1659 115 32 March
865 1660 47 37 10,
935 1659 126 40 1986.*]

183 2431 13 15 *
214 2432 92 29 Purtle,
321 2432 31 29 J.,
368 2436 43 21 not
426 2431 186 32 participating.
