1648 2680
426 389 162 34 different
608 399 107 28 cases,
736 387 39 34 of
792 398 85 32 your
897 398 75 23 own
994 386 72 34 free
1086 386 89 34 will?

303 248 68 33 632

520 464 85 33 MR.
629 463 272 34 MCDANIEL:
923 463 82 39 Yes,
1026 462 56 34 sir.

517 539 98 34 THE
628 538 177 35 COURT:
822 539 74 33 Has
909 548 135 33 anyone
1057 536 122 35 leaned
1192 547 44 24 on
1250 547 67 33 you
1330 541 35 30 to
1378 542 57 37 get
1448 547 67 33 you

427 595 35 28 to
483 588 100 45 plead
605 589 130 43 guilty?

519 666 87 34 MR.
629 665 273 34 MCDANIEL:
924 664 69 41 No,
1014 664 56 34 sir.

518 742 97 33 THE
631 740 177 35 COURT:
825 742 75 32 Has
915 750 134 33 anyone
1063 739 173 44 promised
1251 750 67 32 you
1333 739 152 34 whether
1501 739 14 33 I

427 790 113 33 would
561 795 121 37 accept
703 800 84 32 your
808 789 94 43 pleas
922 799 38 23 or
980 789 80 33 not?

520 864 86 33 MR.
630 863 272 33 MCDANIEL:
924 863 69 39 No,
1015 862 56 34 sir.

519 938 97 33 THE
629 937 177 34 COURT:
820 937 57 34 All
891 936 101 43 right.
1008 937 69 33 Mr.
1092 935 132 41 Bunch,
1237 935 45 34 do
1294 946 66 33 you
1374 935 86 34 have
1473 946 43 23 an

429 987 264 43 arrangement?

395 1062 215 41 Thereafter,
626 1063 59 34 the
700 1067 198 39 prosecutor
913 1061 179 35 described
1108 1061 59 34 the
1181 1061 77 44 plea
1274 1066 244 38 arrangement

305 1113 68 34 and
393 1113 59 34 the
469 1112 123 35 details
612 1112 39 35 of
666 1112 59 35 the
743 1112 203 43 allegations
965 1111 136 43 against
1120 1111 59 34 the
1197 1111 187 44 appellant.
1405 1110 112 35 When

305 1163 106 34 asked
423 1163 29 34 if
461 1163 43 34 he
515 1163 68 34 had
596 1163 167 43 anything
774 1168 35 29 to
821 1173 71 32 say,
904 1162 59 34 the
975 1161 204 44 appellant’s
1191 1161 139 34 counsel
1341 1160 177 35 discussed

305 1213 82 34 with
399 1213 59 34 the
470 1218 97 29 court
579 1212 179 43 obtaining
770 1223 20 23 a
802 1212 101 43 delay
914 1211 39 35 of
962 1210 149 36 transfer
1123 1216 35 29 to
1170 1211 59 34 the
1241 1211 229 44 Department
1481 1210 40 35 of

306 1263 202 35 Correction
525 1262 170 35 sufficient
711 1267 36 29 to
763 1262 99 34 allow
878 1261 59 35 the
953 1261 176 44 appellant
1145 1261 85 34 time
1245 1266 35 29 to
1297 1260 43 35 be
1355 1260 161 35 married.

305 1314 74 33 The
399 1318 98 29 court
518 1318 80 28 next
618 1312 186 34 addressed
824 1312 59 34 the
903 1311 176 44 appellant
1100 1322 37 23 as
1158 1311 142 34 follows:

520 1387 97 34 THE
637 1387 177 34 COURT:
834 1387 102 40 Now,
957 1386 70 34 Mr.
1049 1386 200 40 McDaniel,
1270 1385 59 35 did
1349 1396 67 33 you
1436 1385 82 34 read

429 1437 68 33 this
518 1437 76 43 plea
616 1436 317 34 recommendation
954 1435 119 35 before
1093 1446 66 32 you
1180 1435 120 43 signed
1320 1435 47 34 it?

522 1511 86 33 MR.
631 1510 273 34 MCDANIEL:
926 1511 82 39 Yes,
1029 1510 56 40 sir,
1108 1510 14 33 I
1143 1509 69 34 did.

520 1585 97 33 THE
632 1584 177 35 COURT:
826 1585 54 33 Do
894 1595 67 32 you
976 1584 87 34 have
1077 1595 67 32 any
1158 1583 175 44 questions
1348 1583 107 34 about
1469 1583 47 34 it?

521 1660 86 34 MR.
631 1659 273 35 MCDANIEL:
925 1659 70 41 No,
1016 1658 56 35 sir.

520 1736 97 34 THE
627 1735 177 35 COURT:
815 1735 96 40 Also,
922 1734 59 35 the
991 1734 228 35 Defendant’s
1229 1734 208 34 statement?
1449 1733 69 34 Did

430 1796 66 33 you
517 1785 82 34 read
620 1785 47 34 it?

522 1861 86 33 MR.
631 1860 274 34 MCDANIEL:
927 1860 71 33 Yes
1018 1859 56 34 sir.

520 1936 98 33 THE
632 1935 177 34 COURT:
825 1934 69 35 Did
909 1945 67 33 you
989 1934 75 43 sign
1079 1934 47 34 it?
1142 1934 101 40 Now,
1257 1933 106 35 that’s
1377 1944 141 23 concur-

430 1990 76 29 rent
526 1985 82 34 with
631 2012 6 7 .
665 2012 6 7 .
700 2012 6 7 .
728 1984 121 34 what’s
870 1984 59 34 the
949 1984 146 34 number
1115 1984 35 34 in
1171 1983 165 35 Madison
1357 1983 159 43 County?

522 2060 87 34 MR.
632 2059 183 35 BUNCH:
837 2060 80 33 You
938 2059 108 34 honor
1066 2059 105 34 that’s
1191 2069 44 23 on
1255 2058 60 34 the
1335 2059 117 33 79-51.

521 2135 97 33 THE
634 2134 177 34 COURT:
827 2134 59 34 All
902 2134 101 42 right.
1021 2134 14 33 I
1051 2133 87 34 have
1153 2133 104 34 noted
1273 2133 69 34 Mr.
1360 2133 158 33 McDan-

431 2184 72 34 iel’s
516 2184 77 43 plea
605 2183 39 35 of
653 2184 111 43 guilty
775 2194 44 23 on
832 2183 84 34 both
928 2183 97 34 these
1037 2193 96 24 cases
1146 2182 68 35 and
1227 2187 161 29 sentence
1400 2182 72 34 him
1484 2187 35 29 to

431 2233 77 43 fifty
521 2244 98 32 years
632 2233 34 34 in
679 2233 59 34 the
751 2234 230 42 Department
993 2232 39 34 of
1042 2232 220 34 Corrections
1274 2242 44 24 on
1331 2231 86 35 each
1429 2242 89 29 case,

431 2283 148 43 running
607 2282 251 44 concurrently,
887 2281 69 35 and
984 2282 72 34 also
1084 2281 240 43 concurrently
1352 2281 82 34 with
1462 2280 58 35 the

431 2338 161 29 sentence
605 2333 35 33 in
654 2332 165 35 Madison
833 2332 151 43 County,
998 2332 201 34 CR-79-51.
1215 2332 56 33 He
1284 2331 68 34 will
1366 2331 43 34 be
1421 2330 99 44 given

431 2382 109 35 credit
556 2382 53 35 for
629 2384 60 32 111
709 2382 84 43 days
805 2382 63 43 jail
884 2382 95 40 time,
995 2381 69 35 and
1079 2381 241 34 commitment
1335 2381 68 34 will
1419 2381 100 34 issue.
