1667 2702
146 399 69 35 this
232 400 128 43 clearly
377 400 164 35 remedial
559 400 205 43 legislation,
781 405 35 30 to
833 406 61 38 put
911 401 26 34 it
954 400 34 35 in
1006 400 59 34 the
1081 411 113 33 power
1210 399 39 35 of
1262 411 20 23 a
1299 410 61 33 gas

146 449 170 45 producer
337 456 35 29 to
393 451 212 34 circumvent
626 451 59 34 the
705 450 158 36 statute’s
885 450 130 44 impact
1037 450 44 44 by
1102 450 59 35 the
1181 450 89 35 form
1292 450 69 35 and

146 500 125 43 timing
291 500 40 34 of
348 500 51 35 his
420 500 87 35 sales
528 505 217 38 agreements
766 500 81 35 with
868 500 93 35 third
982 500 138 44 parties.

1292 259 63 33 341

239 612 251 43 Significantly,
502 612 59 34 the
571 612 66 35 last
647 617 162 30 sentence
817 612 39 35 of
863 613 85 34 Ark.
959 612 90 34 Stat.
1060 613 92 34 Ann.
1166 613 17 42 §
1197 613 165 34 53-525A

147 673 112 24 seems
270 667 36 29 to
317 662 179 44 recognize
507 662 76 34 that
594 662 183 35 situations
788 662 68 35 like
866 663 68 34 this
945 673 65 24 one
1020 662 114 34 would
1145 673 112 23 occur.
1269 662 93 34 That

147 717 163 29 sentence
327 712 112 34 would
456 712 187 35 substitute
660 713 59 34 the
736 722 61 33 gas
815 712 168 44 producer
1003 711 131 43 (TXO)
1154 712 53 34 for
1224 712 59 34 the
1299 722 61 32 gas

147 762 189 43 purchaser
351 761 140 43 (Arkla)
507 762 114 34 where
634 762 59 34 the
706 762 167 43 producer
887 762 69 35 had
969 761 162 35 assumed
1144 761 216 44 responsibil-

147 812 50 43 ity
212 811 40 34 of
265 812 127 43 paying
407 812 58 34 the
481 812 165 43 proceeds
662 812 59 34 “to
737 822 139 33 persons
892 811 126 44 legally
1033 811 145 35 entitled
1192 812 168 34 thereto.”

379 923 74 34 The
465 922 95 35 Trial
574 923 111 34 Court
698 922 103 35 made
813 934 20 23 a
846 923 131 42 finding
991 923 76 34 that
1080 934 20 23 a
1114 924 72 34 sale
1197 923 165 35 occurred

148 973 35 34 in
203 972 185 44 February,
412 973 98 34 1982.
529 972 83 35 This
630 984 70 23 was
718 972 59 35 the
794 972 81 36 date
892 973 76 35 that
986 973 187 35 Columbia
1190 974 74 34 first
1282 974 82 33 took

148 1021 151 44 delivery
311 1021 39 35 of
359 1033 60 32 gas
432 1021 110 36 under
554 1022 43 35 its
610 1027 157 30 contract
779 1023 82 34 with
873 1023 110 34 TXO.
997 1023 110 34 Arkla
1120 1024 81 34 took
1213 1022 149 44 delivery

148 1072 35 34 in
198 1072 99 43 May,
316 1073 98 33 1982.
429 1073 40 33 In
482 1072 110 34 either
606 1072 167 41 instance,
786 1072 60 35 the
858 1078 166 38 payment
1036 1078 37 29 to
1086 1073 60 34 the
1158 1073 93 35 bank
1263 1084 100 23 came

149 1121 105 35 much
266 1121 87 35 later
364 1122 83 35 than
458 1122 51 34 six
523 1121 53 44 (6)
590 1123 139 34 months
740 1122 90 35 after
841 1123 59 34 the
910 1122 82 35 date
1002 1122 40 34 of
1049 1123 74 34 first
1134 1123 81 34 sale.
1229 1123 64 34 We
1304 1134 59 23 are

149 1176 59 30 not
217 1172 169 43 prepared
395 1177 35 29 to
439 1182 61 33 say
509 1172 76 34 that
594 1172 59 35 the
662 1172 82 35 date
752 1171 39 36 of
796 1172 73 35 first
878 1173 72 34 sale
959 1172 102 34 could
1070 1172 43 35 be
1121 1172 144 45 delayed
1274 1173 88 34 until

148 1221 100 35 TXO
264 1221 139 35 entered
420 1222 71 34 into
507 1232 20 24 a
543 1221 126 36 formal
686 1227 199 38 agreement
900 1222 82 35 with
998 1222 110 35 Arkla
1124 1222 68 35 and
1208 1222 154 35 received

149 1276 175 39 payment.
336 1270 243 45 Accordingly,
591 1272 59 34 the
660 1272 140 44 penalty
810 1283 69 23 was
890 1272 160 44 properly
1060 1272 155 35 assessed
1225 1272 68 34 and
1304 1272 59 35 the

148 1331 80 24 case
248 1321 123 34 should
392 1321 42 35 be
454 1321 169 35 affirmed.

334 1434 82 34 Two
432 1432 98 36 other
546 1433 113 44 points
676 1433 140 35 deserve
832 1434 138 44 passing
987 1434 164 34 mention.
1168 1434 99 35 TXO
1283 1445 79 23 con­

149 1482 100 36 tends
262 1483 77 34 that
350 1483 59 35 the
421 1483 93 35 bank
525 1494 102 24 never
640 1483 179 35 furnished
832 1484 113 35 notice
957 1483 77 35 that
1046 1484 27 35 it
1084 1484 163 35 intended
1260 1489 35 30 to
1307 1485 57 34 file

149 1532 79 35 suit.
250 1533 112 34 There
382 1533 27 34 is
430 1544 43 23 no
493 1533 85 34 such
599 1534 233 43 requirement
851 1534 35 34 in
906 1535 70 34 Act
996 1535 68 33 269
1084 1534 40 34 of
1145 1535 98 34 1981.
1264 1535 99 33 TXO

149 1582 167 34 contends
328 1582 77 35 that
415 1583 60 34 the
485 1582 46 34 oil
544 1583 69 34 and
625 1594 61 32 gas
698 1584 93 33 lease
801 1583 156 44 imposed
969 1594 20 23 a
1000 1583 86 44 duty
1098 1594 44 24 on
1153 1584 60 34 the
1223 1583 94 34 bank
1327 1589 36 29 to

150 1631 104 35 make
267 1632 85 34 such
366 1643 20 24 a
401 1631 160 35 demand.
577 1632 75 35 The
666 1633 92 34 lease
771 1643 69 24 was
855 1638 59 29 not
929 1633 34 35 in
977 1633 60 34 the
1050 1633 131 41 record,
1197 1633 165 35 however.

150 1682 66 34 We
234 1692 60 24 are
311 1687 59 30 not
388 1681 168 45 prepared
575 1687 35 30 to
628 1693 181 25 announce
826 1683 77 35 that
920 1683 98 35 there
1035 1683 28 34 is
1081 1694 21 23 a
1120 1694 160 24 common
1298 1683 66 35 law

149 1731 191 44 obligation
360 1737 35 30 to
414 1733 76 43 give
510 1732 85 35 such
615 1733 114 35 notice
749 1733 34 35 in
803 1733 59 35 the
882 1734 148 34 absence
1049 1733 39 35 of
1105 1745 68 33 any
1193 1738 171 40 statutory

149 1782 234 43 requirement
403 1794 37 24 or
460 1789 201 37 agreement
681 1784 154 35 between
856 1784 59 35 the
934 1784 139 44 parties.

334 1894 74 34 The
425 1894 194 43 remaining
637 1895 91 34 issue
745 1894 148 35 involves
911 1895 60 35 the
988 1894 118 35 award
1123 1895 40 35 of
1177 1896 187 43 attorney’s

149 1943 84 34 fees.
252 1943 75 34 The
343 1944 94 34 Trial
456 1943 111 35 Court
584 1943 163 35 awarded
766 1945 196 40 $1,500.00.
982 1944 172 35 Evidence
1171 1956 70 23 was
1259 1945 104 34 intro­

149 1992 113 34 duced
276 1992 45 43 by
335 1993 59 34 the
407 1993 121 34 bank’s
542 1998 177 39 attorneys
733 1994 177 43 reflecting
924 1994 177 43 forty-two
1117 1994 77 43 (42)
1210 1995 103 33 hours
1328 1994 39 34 of

148 2042 96 34 work
255 2047 36 29 at
304 2042 126 37 $75.00
442 2052 60 34 per
514 2042 98 42 hour,
624 2043 60 35 the
695 2043 86 35 total
794 2044 203 42 amounting
1009 2048 36 30 to
1057 2044 196 41 $3,150.00.
1266 2044 50 34 As
1328 2044 35 34 in

149 2102 106 33 many
268 2092 98 34 other
379 2103 96 24 cases
488 2092 139 44 coming
640 2093 121 35 before
772 2093 68 35 this
854 2093 122 41 Court,
989 2104 53 24 we
1053 2093 98 35 defer
1163 2099 37 30 to
1212 2093 60 36 the
1284 2094 80 35 trial

146 2141 137 44 judge’s
310 2143 154 43 superior
490 2143 148 43 position
665 2149 36 29 to
728 2143 158 35 evaluate
912 2144 59 34 the
997 2144 110 34 worth
1133 2144 40 34 of
1196 2144 168 35 counsel’s

149 2192 158 34 services.
326 2192 74 35 The
417 2193 93 34 bank
527 2193 62 34 has
607 2193 183 44 requested
808 2193 191 35 additional
1017 2193 72 35 fees
1107 2193 54 35 for
1178 2194 94 34 work
1288 2204 75 34 per­

149 2241 136 34 formed
296 2242 34 34 in
340 2242 203 34 connection
553 2243 82 34 with
645 2243 68 34 this
723 2243 135 43 appeal,
869 2243 68 34 and
947 2254 51 23 we
1007 2248 102 37 grant
1119 2255 44 22 an
1173 2243 191 35 additional

149 2291 56 34 fee
225 2290 39 34 of
282 2291 196 40 $1,000.00.

241 2402 180 35 Affirmed.
