1660 2687
301 248 68 33 630

392 585 153 42 Morgan
565 584 39 33 E.
631 582 126 41 Welch;
778 582 68 34 and
866 581 157 36 Kenneth
1043 583 39 33 E.
1104 582 127 43 Suggs,
1253 580 53 36 for
1326 581 185 44 appellant.

391 661 104 34 Steve
518 659 120 41 Clark,
661 659 99 43 Att’y
781 658 100 42 Gen.,
904 659 54 43 by:
981 659 107 43 Mary
1109 657 87 35 Beth
1217 657 179 41 Sudduth,
1418 658 93 33 Asst.

302 710 98 44 Att’y
421 711 100 40 Gen.,
543 709 53 35 for
616 709 165 45 appellee.

393 788 125 33 David
532 787 209 39 Newbern,
755 786 141 34 Justice.

911 785 83 35 This
1008 785 27 34 is
1050 796 44 24 an
1108 785 123 44 appeal
1246 784 90 35 from
1350 784 114 34 denial
1478 784 38 35 of

302 836 285 43 post-conviction
598 835 100 35 relief
704 835 125 43 sought
838 840 168 39 pursuant
1015 840 35 29 to
1059 836 85 33 Ark.
1155 836 42 33 R.
1209 835 109 34 Crim.
1328 836 36 32 P.
1376 836 54 32 37.
1440 834 75 34 The

302 886 176 43 appellant
488 896 80 29 was,
579 896 92 33 upon
682 885 51 34 his
745 885 76 43 plea
831 885 39 34 of
876 885 120 42 guilty,
1007 884 179 34 convicted
1195 884 39 33 of
1241 884 97 34 three
1348 889 121 29 counts
1479 884 39 34 of

302 934 211 43 aggravated
526 934 147 44 robbery
686 934 68 34 and
766 944 65 23 one
843 939 104 29 count
959 933 39 34 of
1008 933 125 34 failure
1144 939 36 28 to
1192 943 139 33 appear.
1346 933 65 34 His
1424 938 90 38 post-

301 985 192 34 conviction
511 984 143 43 petition
672 983 133 43 alleged
822 983 195 34 ineffective
1033 983 190 34 assistance
1238 982 39 34 of
1290 982 139 35 counsel
1446 982 68 34 and

302 1034 125 34 failure
439 1033 38 34 of
486 1033 59 34 the
557 1033 78 34 trial
648 1038 98 29 court
758 1038 35 28 to
806 1032 113 35 follow
932 1032 59 34 the
1002 1032 187 43 provisions
1201 1031 40 34 of
1249 1032 85 34 Ark.
1348 1033 42 32 R.
1405 1031 108 34 Crim.

303 1084 35 33 P.
350 1083 295 40 24.4,24.5,24.6,
656 1082 68 35 and
735 1083 77 33 24.7
824 1082 34 34 in
868 1081 180 44 accepting
1058 1082 52 34 his
1120 1082 110 42 guilty
1239 1081 87 43 plea.
1338 1082 66 33 We
1413 1091 102 32 agree

303 1133 58 33 the
382 1133 78 33 trial
481 1137 98 29 court
598 1132 59 34 did
678 1137 59 29 not
757 1132 136 43 comply
914 1131 82 34 with
1016 1131 107 34 Rules
1144 1132 80 33 24.4
1245 1131 68 34 and
1335 1131 90 40 24.6,
1446 1131 68 33 and

303 1182 173 34 therefore
485 1192 51 23 we
546 1187 92 29 must
648 1192 133 23 reverse
790 1181 59 34 the
858 1181 129 34 refusal
997 1180 39 34 of
1043 1180 286 43 post-conviction
1339 1179 101 35 relief
1447 1180 68 34 and

302 1231 100 34 order
413 1232 58 33 the
482 1231 205 43 appellant’s
698 1231 192 34 conviction
901 1236 51 28 set
964 1230 104 34 aside.
1082 1231 65 33 We
1157 1229 87 35 need
1256 1235 59 29 not
1325 1229 121 34 decide
1456 1229 59 34 the

303 1281 106 35 issues
430 1281 181 44 presented
632 1281 34 34 in
687 1281 59 34 the
766 1280 272 35 ineffectiveness
1059 1280 39 34 of
1115 1279 139 35 counsel
1275 1284 193 38 argument.

534 1357 106 35 Rules
662 1358 79 33 24.4
762 1356 68 35 and
852 1357 79 34 24.6
952 1367 59 23 are
1031 1367 37 24 as
1089 1356 143 34 follows:

855 1433 130 35 RULE
1005 1433 81 34 24.4

806 1509 133 35 Advice
959 1509 44 43 by
1024 1509 111 35 Court

517 1585 74 33 The
610 1590 99 29 court
729 1585 87 34 shall
837 1590 59 29 not
916 1589 121 38 accept
1057 1596 20 23 a
1097 1585 78 43 plea
1195 1584 39 34 of
1250 1585 110 42 guilty
1380 1595 37 23 or
1437 1584 78 34 nolo

427 1633 208 34 contendere
649 1634 91 33 from
755 1644 19 23 a
789 1633 190 34 defendant
993 1633 145 34 without
1153 1633 74 34 first
1241 1633 201 42 addressing
1457 1633 59 34 the

426 1682 190 35 defendant
632 1682 204 44 personally,
854 1682 187 42 informing
1058 1682 73 34 him
1147 1682 39 33 of
1200 1681 68 34 and
1285 1681 229 43 determining

426 1732 77 33 that
523 1731 43 34 he
586 1731 239 34 understands:

520 1806 52 43 (a)
595 1807 59 34 the
674 1812 123 28 nature
816 1806 39 35 of
872 1807 59 33 the
951 1806 138 42 charge;

519 1881 54 43 (b)
590 1883 58 33 the
663 1881 206 44 mandatory
882 1881 184 35 minimum
1079 1886 172 35 sentence,
1266 1880 31 36 if
1307 1892 78 32 any,
1400 1891 43 24 on
1458 1880 58 35 the

426 1932 138 42 charge;

520 2006 50 43 (c)
593 2007 59 34 the
672 2006 193 35 maximum
885 2006 148 44 possible
1053 2011 162 29 sentence
1234 2016 44 24 on
1299 2006 59 34 the
1378 2006 137 42 charge,

428 2056 175 43 including
624 2057 76 34 that
721 2055 148 45 possible
889 2056 90 34 from
999 2055 218 35 consecutive
1237 2060 189 35 sentences;

520 2131 53 43 (d)
598 2132 76 34 that
696 2131 30 35 if
744 2132 59 34 the
824 2132 132 34 offense
977 2131 152 43 charged
1151 2131 27 34 is
1200 2142 65 23 one
1286 2131 54 34 for
1361 2130 112 35 which
1495 2142 19 23 a

426 2182 162 34 different
604 2193 38 23 or
659 2181 191 35 additional
866 2181 223 44 punishment
1105 2181 27 34 is
1150 2180 202 35 authorized
1368 2180 148 34 because

427 2232 59 34 the
500 2231 189 35 defendant
703 2231 62 34 has
779 2231 193 43 previously
985 2231 87 34 been
1086 2230 178 35 convicted
1278 2230 39 35 of
1328 2241 44 24 an
1386 2230 130 34 offense

427 2292 38 23 or
474 2281 147 34 offenses
631 2292 65 23 one
707 2280 53 43 (1)
771 2291 38 23 or
819 2292 95 23 more
922 2281 113 39 times,
1044 2281 59 34 the
1112 2280 156 44 previous
1278 2280 192 34 conviction
1479 2290 37 24 or

427 2330 209 35 convictions
647 2341 81 33 may
738 2331 42 33 be
790 2329 210 36 established
1010 2329 91 35 after
1111 2330 59 34 the
1178 2334 100 38 entry
1287 2329 39 35 of
1332 2329 53 34 his
1395 2329 76 43 plea
1482 2329 34 34 in

427 2381 59 34 the
495 2386 137 38 present
642 2380 126 41 action,
778 2380 144 44 thereby
931 2379 194 44 subjecting
1135 2379 72 35 him
1216 2384 36 29 to
1261 2379 85 35 such
1355 2379 162 34 different
