<?xml version='1.0' encoding='utf-8'?>
<alto xmlns="http://www.loc.gov/standards/alto/ns-v3#">
  <!--Created by Innodata R.E.D. RLI tool: 2017-04-25 06:27:28.825030-->
  <Description>
    <MeasurementUnit>pixel</MeasurementUnit>
    <sourceImageInformation>
      <fileName>32044078577194_00194_1.tif</fileName>
    </sourceImageInformation>
    <OCRProcessing ID="OP_1">
      <ocrProcessingStep>
        <processingStepDescription>Alto coordinates refer to the deskewed TIFF file. 
		To convert point (x, y) to original image (TIFF or JP2) apply transformation matrix T=(m00, m01, m10, m11, b0, b1) using the rule:
			T * (x,y) = (m00 * x + m01 * y + b0), (m10 * x + m11 * y + b1)</processingStepDescription>
        <processingStepSettings>RED.transform=(1.0, -0.0, 0.0, 1.0, 0.0, -0.0)</processingStepSettings>
      </ocrProcessingStep>
    </OCRProcessing>
  </Description>
  <Styles>
    <TextStyle FONTFAMILY="Times New Roman" FONTSIZE="10.50" FONTTYPE="serif" FONTWIDTH="proportional" ID="Style_2"/>
    <TextStyle FONTFAMILY="Times New Roman" FONTSIZE="10.50" FONTSTYLE="bold" FONTTYPE="serif" FONTWIDTH="proportional" ID="Style_3"/>
    <TextStyle FONTFAMILY="Times New Roman" FONTSIZE="10.50" FONTSTYLE="bold smallcaps" FONTTYPE="serif" FONTWIDTH="proportional" ID="Style_4"/>
    <TextStyle FONTFAMILY="Times New Roman" FONTSIZE="11.00" FONTSTYLE="italics" FONTTYPE="serif" FONTWIDTH="proportional" ID="Style_5"/>
  </Styles>
  <Tags>
    <StructureTag ID="b387-12" LABEL="p"/>
    <StructureTag ID="b388-1" LABEL="pagelabel"/>
    <StructureTag ID="b388-6" LABEL="p"/>
    <StructureTag ID="b388-7" LABEL="p"/>
    <StructureTag ID="b388-8" LABEL="p"/>
    <StructureTag ID="b388-9" LABEL="judges"/>
  </Tags>
  <Layout>
    <Page HEIGHT="2688" ID="PG_388" PHYSICAL_IMG_NR="388" WIDTH="1656">
      <PrintSpace HEIGHT="2688" HPOS="0" ID="PS_388" VPOS="0" WIDTH="1656">
        <TextBlock HEIGHT="144.0" HPOS="298.0" ID="BL_388.1" TAGREFS="b387-12" VPOS="410.0" WIDTH="1211.0">
          <TextLine HEIGHT="45" HPOS="298" ID="TL_388.1.1" VPOS="410" WIDTH="1211">
            <String CONTENT="perpetrator" HEIGHT="39" HPOS="298" ID="ST_388.1.1.1" STYLEREFS="Style_2" VPOS="416" WIDTH="215" WC="0.95" CC="00000000000" TAGREFS=""/>
            <SP HPOS="513" ID="SP_388.1.1.2" VPOS="410" WIDTH="12"/>
            <String CONTENT="of" HEIGHT="35" HPOS="525" ID="ST_388.1.1.3" STYLEREFS="Style_2" VPOS="410" WIDTH="39" WC="1.00" CC="00" TAGREFS=""/>
            <SP HPOS="564" ID="SP_388.1.1.4" VPOS="411" WIDTH="9"/>
            <String CONTENT="the" HEIGHT="34" HPOS="573" ID="ST_388.1.1.5" STYLEREFS="Style_2" VPOS="411" WIDTH="59" WC="0.99" CC="000" TAGREFS=""/>
            <SP HPOS="632" ID="SP_388.1.1.6" VPOS="411" WIDTH="12"/>
            <String CONTENT="crime." HEIGHT="34" HPOS="644" ID="ST_388.1.1.7" STYLEREFS="Style_2" VPOS="411" WIDTH="117" WC="0.99" CC="000000" TAGREFS=""/>
            <SP HPOS="761" ID="SP_388.1.1.8" VPOS="412" WIDTH="16"/>
            <String CONTENT="It" HEIGHT="33" HPOS="777" ID="ST_388.1.1.9" STYLEREFS="Style_2" VPOS="412" WIDTH="30" WC="1.00" CC="00" TAGREFS=""/>
            <SP HPOS="807" ID="SP_388.1.1.10" VPOS="411" WIDTH="13"/>
            <String CONTENT="includes" HEIGHT="34" HPOS="820" ID="ST_388.1.1.11" STYLEREFS="Style_2" VPOS="411" WIDTH="154" WC="0.99" CC="00000000" TAGREFS=""/>
            <SP HPOS="974" ID="SP_388.1.1.12" VPOS="411" WIDTH="13"/>
            <String CONTENT="homosexual" HEIGHT="34" HPOS="987" ID="ST_388.1.1.13" STYLEREFS="Style_2" VPOS="411" WIDTH="223" WC="1.00" CC="0000000000" TAGREFS=""/>
            <SP HPOS="1210" ID="SP_388.1.1.14" VPOS="411" WIDTH="13"/>
            <String CONTENT="conduct" HEIGHT="34" HPOS="1223" ID="ST_388.1.1.15" STYLEREFS="Style_2" VPOS="411" WIDTH="149" WC="0.95" CC="0000000" TAGREFS=""/>
            <SP HPOS="1372" ID="SP_388.1.1.16" VPOS="422" WIDTH="12"/>
            <String CONTENT="as" HEIGHT="23" HPOS="1384" ID="ST_388.1.1.17" STYLEREFS="Style_2" VPOS="422" WIDTH="37" WC="1.00" CC="00" TAGREFS=""/>
            <SP HPOS="1421" ID="SP_388.1.1.18" VPOS="411" WIDTH="13"/>
            <String CONTENT="well" HEIGHT="34" HPOS="1434" ID="ST_388.1.1.19" STYLEREFS="Style_2" VPOS="411" WIDTH="75" WC="0.83" CC="0000" TAGREFS=""/>
          </TextLine>
          <TextLine HEIGHT="44" HPOS="298" ID="TL_388.1.2" VPOS="460" WIDTH="1210">
            <String CONTENT="as" HEIGHT="24" HPOS="298" ID="ST_388.1.2.1" STYLEREFS="Style_2" VPOS="471" WIDTH="38" WC="1.00" CC="00" TAGREFS=""/>
            <SP HPOS="336" ID="SP_388.1.2.2" VPOS="465" WIDTH="11"/>
            <String CONTENT="most" HEIGHT="30" HPOS="347" ID="ST_388.1.2.3" STYLEREFS="Style_2" VPOS="465" WIDTH="90" WC="0.89" CC="0000" TAGREFS=""/>
            <SP HPOS="437" ID="SP_388.1.2.4" VPOS="466" WIDTH="10"/>
            <String CONTENT="types" HEIGHT="38" HPOS="447" ID="ST_388.1.2.5" STYLEREFS="Style_2" VPOS="466" WIDTH="97" WC="0.97" CC="00000" TAGREFS=""/>
            <SP HPOS="544" ID="SP_388.1.2.6" VPOS="460" WIDTH="11"/>
            <String CONTENT="of" HEIGHT="35" HPOS="555" ID="ST_388.1.2.7" STYLEREFS="Style_2" VPOS="460" WIDTH="39" WC="1.00" CC="00" TAGREFS=""/>
            <SP HPOS="594" ID="SP_388.1.2.8" VPOS="461" WIDTH="8"/>
            <String CONTENT="unnatural" HEIGHT="34" HPOS="602" ID="ST_388.1.2.9" STYLEREFS="Style_2" VPOS="461" WIDTH="186" WC="0.77" CC="000000000" TAGREFS=""/>
            <SP HPOS="788" ID="SP_388.1.2.10" VPOS="461" WIDTH="11"/>
            <String CONTENT="heterosexual" HEIGHT="34" HPOS="799" ID="ST_388.1.2.11" STYLEREFS="Style_2" VPOS="461" WIDTH="238" WC="0.96" CC="000000000000" TAGREFS=""/>
            <SP HPOS="1037" ID="SP_388.1.2.12" VPOS="461" WIDTH="11"/>
            <String CONTENT="conduct." HEIGHT="34" HPOS="1048" ID="ST_388.1.2.13" STYLEREFS="Style_2" VPOS="461" WIDTH="159" WC="0.93" CC="00000000" TAGREFS=""/>
            <SP HPOS="1207" ID="SP_388.1.2.14" VPOS="461" WIDTH="12"/>
            <String CONTENT="Ark." HEIGHT="34" HPOS="1219" ID="ST_388.1.2.15" STYLEREFS="Style_2" VPOS="461" WIDTH="85" WC="1.00" CC="0000" TAGREFS=""/>
            <SP HPOS="1304" ID="SP_388.1.2.16" VPOS="461" WIDTH="13"/>
            <String CONTENT="Stat." HEIGHT="34" HPOS="1317" ID="ST_388.1.2.17" STYLEREFS="Style_2" VPOS="461" WIDTH="88" WC="1.00" CC="00000" TAGREFS=""/>
            <SP HPOS="1405" ID="SP_388.1.2.18" VPOS="462" WIDTH="12"/>
            <String CONTENT="Ann." HEIGHT="33" HPOS="1417" ID="ST_388.1.2.19" STYLEREFS="Style_2" VPOS="462" WIDTH="91" WC="0.93" CC="0000" TAGREFS=""/>
          </TextLine>
          <TextLine HEIGHT="44" HPOS="300" ID="TL_388.1.3" VPOS="510" WIDTH="483">
            <String CONTENT="ยง" HEIGHT="42" HPOS="300" ID="ST_388.1.3.1" STYLEREFS="Style_2" VPOS="510" WIDTH="18" WC="0.68" CC="0" TAGREFS=""/>
            <SP HPOS="318" ID="SP_388.1.3.2" VPOS="511" WIDTH="22"/>
            <String CONTENT="41-1801" HEIGHT="33" HPOS="340" ID="ST_388.1.3.3" STYLEREFS="Style_2" VPOS="511" WIDTH="150" WC="0.82" CC="0000000" TAGREFS=""/>
            <SP HPOS="490" ID="SP_388.1.3.4" VPOS="510" WIDTH="27"/>
            <String CONTENT="(Supp." HEIGHT="44" HPOS="517" ID="ST_388.1.3.5" STYLEREFS="Style_2" VPOS="510" WIDTH="123" WC="0.90" CC="000000" TAGREFS=""/>
            <SP HPOS="640" ID="SP_388.1.3.6" VPOS="510" WIDTH="27"/>
            <String CONTENT="1985)." HEIGHT="42" HPOS="667" ID="ST_388.1.3.7" STYLEREFS="Style_2" VPOS="510" WIDTH="116" WC="0.96" CC="000000" TAGREFS=""/>
          </TextLine>
        </TextBlock>
        <TextBlock HEIGHT="34.0" HPOS="300.0" ID="BL_388.2" TAGREFS="b388-1" VPOS="270.0" WIDTH="67.0">
          <TextLine HEIGHT="34" HPOS="300" ID="TL_388.2.1" VPOS="270" WIDTH="67">
            <String CONTENT="354" HEIGHT="34" HPOS="300" ID="ST_388.2.1.1" STYLEREFS="Style_2" VPOS="270" WIDTH="67" WC="0.87" CC="000" TAGREFS=""/>
          </TextLine>
        </TextBlock>
        <TextBlock HEIGHT="192.0" HPOS="297.0" ID="BL_388.4" TAGREFS="b388-6" VPOS="584.0" WIDTH="1215.0">
          <TextLine HEIGHT="44" HPOS="388" ID="TL_388.4.1" VPOS="584" WIDTH="1121">
            <String CONTENT="The" HEIGHT="34" HPOS="388" ID="ST_388.4.1.1" STYLEREFS="Style_2" VPOS="584" WIDTH="74" WC="1.00" CC="000" TAGREFS=""/>
            <SP HPOS="462" ID="SP_388.4.1.2" VPOS="584" WIDTH="19"/>
            <String CONTENT="crime" HEIGHT="34" HPOS="481" ID="ST_388.4.1.3" STYLEREFS="Style_2" VPOS="584" WIDTH="108" WC="0.99" CC="00000" TAGREFS=""/>
            <SP HPOS="589" ID="SP_388.4.1.4" VPOS="584" WIDTH="18"/>
            <String CONTENT="of" HEIGHT="34" HPOS="607" ID="ST_388.4.1.5" STYLEREFS="Style_2" VPOS="584" WIDTH="40" WC="1.00" CC="00" TAGREFS=""/>
            <SP HPOS="647" ID="SP_388.4.1.6" VPOS="584" WIDTH="16"/>
            <String CONTENT="forcibly" HEIGHT="44" HPOS="663" ID="ST_388.4.1.7" STYLEREFS="Style_2" VPOS="584" WIDTH="146" WC="0.96" CC="00000000" TAGREFS=""/>
            <SP HPOS="809" ID="SP_388.4.1.8" VPOS="585" WIDTH="19"/>
            <String CONTENT="engaging" HEIGHT="42" HPOS="828" ID="ST_388.4.1.9" STYLEREFS="Style_2" VPOS="585" WIDTH="171" WC="0.97" CC="00000000" TAGREFS=""/>
            <SP HPOS="999" ID="SP_388.4.1.10" VPOS="585" WIDTH="21"/>
            <String CONTENT="in" HEIGHT="33" HPOS="1020" ID="ST_388.4.1.11" STYLEREFS="Style_2" VPOS="585" WIDTH="34" WC="0.85" CC="00" TAGREFS=""/>
            <SP HPOS="1054" ID="SP_388.4.1.12" VPOS="585" WIDTH="20"/>
            <String CONTENT="sexual" HEIGHT="34" HPOS="1074" ID="ST_388.4.1.13" STYLEREFS="Style_2" VPOS="585" WIDTH="118" WC="0.98" CC="000000" TAGREFS=""/>
            <SP HPOS="1192" ID="SP_388.4.1.14" VPOS="585" WIDTH="20"/>
            <String CONTENT="intercourse" HEIGHT="34" HPOS="1212" ID="ST_388.4.1.15" STYLEREFS="Style_2" VPOS="585" WIDTH="211" WC="0.96" CC="00000000000" TAGREFS=""/>
            <SP HPOS="1423" ID="SP_388.4.1.16" VPOS="585" WIDTH="18"/>
            <String CONTENT="is" HEIGHT="34" HPOS="1441" ID="ST_388.4.1.17" STYLEREFS="Style_2" VPOS="585" WIDTH="27" WC="1.00" CC="00" TAGREFS=""/>
            <SP HPOS="1468" ID="SP_388.4.1.18" VPOS="596" WIDTH="20"/>
            <String CONTENT="a" HEIGHT="23" HPOS="1488" ID="ST_388.4.1.19" STYLEREFS="Style_2" VPOS="596" WIDTH="21" WC="1.00" CC="0" TAGREFS=""/>
          </TextLine>
          <TextLine HEIGHT="44" HPOS="298" ID="TL_388.4.2" VPOS="633" WIDTH="1214">
            <String CONTENT="separately" HEIGHT="43" HPOS="298" ID="ST_388.4.2.1" STYLEREFS="Style_2" VPOS="634" WIDTH="194" WC="0.92" CC="0000000000" TAGREFS=""/>
            <SP HPOS="492" ID="SP_388.4.2.2" VPOS="633" WIDTH="11"/>
            <String CONTENT="defined" HEIGHT="35" HPOS="503" ID="ST_388.4.2.3" STYLEREFS="Style_2" VPOS="633" WIDTH="136" WC="0.90" CC="0000000" TAGREFS=""/>
            <SP HPOS="639" ID="SP_388.4.2.4" VPOS="634" WIDTH="12"/>
            <String CONTENT="crime" HEIGHT="34" HPOS="651" ID="ST_388.4.2.5" STYLEREFS="Style_2" VPOS="634" WIDTH="107" WC="1.00" CC="00000" TAGREFS=""/>
            <SP HPOS="758" ID="SP_388.4.2.6" VPOS="634" WIDTH="12"/>
            <String CONTENT="and" HEIGHT="34" HPOS="770" ID="ST_388.4.2.7" STYLEREFS="Style_2" VPOS="634" WIDTH="68" WC="0.92" CC="000" TAGREFS=""/>
            <SP HPOS="838" ID="SP_388.4.2.8" VPOS="634" WIDTH="14"/>
            <String CONTENT="is" HEIGHT="34" HPOS="852" ID="ST_388.4.2.9" STYLEREFS="Style_2" VPOS="634" WIDTH="27" WC="1.00" CC="00" TAGREFS=""/>
            <SP HPOS="879" ID="SP_388.4.2.10" VPOS="634" WIDTH="13"/>
            <String CONTENT="limited" HEIGHT="34" HPOS="892" ID="ST_388.4.2.11" STYLEREFS="Style_2" VPOS="634" WIDTH="132" WC="0.90" CC="0000000" TAGREFS=""/>
            <SP HPOS="1024" ID="SP_388.4.2.12" VPOS="639" WIDTH="13"/>
            <String CONTENT="to" HEIGHT="29" HPOS="1037" ID="ST_388.4.2.13" STYLEREFS="Style_2" VPOS="639" WIDTH="35" WC="1.00" CC="00" TAGREFS=""/>
            <SP HPOS="1072" ID="SP_388.4.2.14" VPOS="634" WIDTH="12"/>
            <String CONTENT="the" HEIGHT="34" HPOS="1084" ID="ST_388.4.2.15" STYLEREFS="Style_2" VPOS="634" WIDTH="59" WC="1.00" CC="000" TAGREFS=""/>
            <SP HPOS="1143" ID="SP_388.4.2.16" VPOS="634" WIDTH="12"/>
            <String CONTENT="heterosexual" HEIGHT="34" HPOS="1155" ID="ST_388.4.2.17" STYLEREFS="Style_2" VPOS="634" WIDTH="238" WC="0.97" CC="000000000000" TAGREFS=""/>
            <SP HPOS="1393" ID="SP_388.4.2.18" VPOS="640" WIDTH="12"/>
            <String CONTENT="act" HEIGHT="29" HPOS="1405" ID="ST_388.4.2.19" STYLEREFS="Style_2" VPOS="640" WIDTH="56" WC="1.00" CC="000" TAGREFS=""/>
            <SP HPOS="1461" ID="SP_388.4.2.20" VPOS="634" WIDTH="12"/>
            <String CONTENT="of" HEIGHT="34" HPOS="1473" ID="ST_388.4.2.21" STYLEREFS="Style_2" VPOS="634" WIDTH="39" WC="1.00" CC="00" TAGREFS=""/>
          </TextLine>
          <TextLine HEIGHT="44" HPOS="297" ID="TL_388.4.3" VPOS="683" WIDTH="1209">
            <String CONTENT="penetration" HEIGHT="43" HPOS="297" ID="ST_388.4.3.1" STYLEREFS="Style_2" VPOS="684" WIDTH="216" WC="0.99" CC="00000000000" TAGREFS=""/>
            <SP HPOS="513" ID="SP_388.4.3.2" VPOS="683" WIDTH="13"/>
            <String CONTENT="of" HEIGHT="34" HPOS="526" ID="ST_388.4.3.3" STYLEREFS="Style_2" VPOS="683" WIDTH="39" WC="1.00" CC="00" TAGREFS=""/>
            <SP HPOS="565" ID="SP_388.4.3.4" VPOS="694" WIDTH="9"/>
            <String CONTENT="a" HEIGHT="24" HPOS="574" ID="ST_388.4.3.5" STYLEREFS="Style_2" VPOS="694" WIDTH="20" WC="0.91" CC="0" TAGREFS=""/>
            <SP HPOS="594" ID="SP_388.4.3.6" VPOS="684" WIDTH="12"/>
            <String CONTENT="vagina" HEIGHT="42" HPOS="606" ID="ST_388.4.3.7" STYLEREFS="Style_2" VPOS="684" WIDTH="125" WC="1.00" CC="000000" TAGREFS=""/>
            <SP HPOS="731" ID="SP_388.4.3.8" VPOS="684" WIDTH="13"/>
            <String CONTENT="by" HEIGHT="43" HPOS="744" ID="ST_388.4.3.9" STYLEREFS="Style_2" VPOS="684" WIDTH="44" WC="0.96" CC="00" TAGREFS=""/>
            <SP HPOS="788" ID="SP_388.4.3.10" VPOS="695" WIDTH="13"/>
            <String CONTENT="a" HEIGHT="23" HPOS="801" ID="ST_388.4.3.11" STYLEREFS="Style_2" VPOS="695" WIDTH="20" WC="1.00" CC="0" TAGREFS=""/>
            <SP HPOS="821" ID="SP_388.4.3.12" VPOS="684" WIDTH="13"/>
            <String CONTENT="penis." HEIGHT="43" HPOS="834" ID="ST_388.4.3.13" STYLEREFS="Style_2" VPOS="684" WIDTH="106" WC="0.91" CC="000000" TAGREFS=""/>
            <SP HPOS="940" ID="SP_388.4.3.14" VPOS="684" WIDTH="14"/>
            <String CONTENT="Ark." HEIGHT="34" HPOS="954" ID="ST_388.4.3.15" STYLEREFS="Style_2" VPOS="684" WIDTH="84" WC="0.99" CC="0000" TAGREFS=""/>
            <SP HPOS="1038" ID="SP_388.4.3.16" VPOS="684" WIDTH="15"/>
            <String CONTENT="Stat." HEIGHT="34" HPOS="1053" ID="ST_388.4.3.17" STYLEREFS="Style_2" VPOS="684" WIDTH="89" WC="0.98" CC="00000" TAGREFS=""/>
            <SP HPOS="1142" ID="SP_388.4.3.18" VPOS="685" WIDTH="13"/>
            <String CONTENT="Ann." HEIGHT="33" HPOS="1155" ID="ST_388.4.3.19" STYLEREFS="Style_2" VPOS="685" WIDTH="92" WC="0.96" CC="0000" TAGREFS=""/>
            <SP HPOS="1247" ID="SP_388.4.3.20" VPOS="684" WIDTH="16"/>
            <String CONTENT="ยง" HEIGHT="42" HPOS="1263" ID="ST_388.4.3.21" STYLEREFS="Style_2" VPOS="684" WIDTH="17" WC="1.00" CC="0" TAGREFS=""/>
            <SP HPOS="1280" ID="SP_388.4.3.22" VPOS="683" WIDTH="15"/>
            <String CONTENT="41-1801(9)" HEIGHT="43" HPOS="1295" ID="ST_388.4.3.23" STYLEREFS="Style_2" VPOS="683" WIDTH="211" WC="0.96" CC="0099909900" TAGREFS=""/>
          </TextLine>
          <TextLine HEIGHT="44" HPOS="300" ID="TL_388.4.4" VPOS="732" WIDTH="265">
            <String CONTENT="(Supp." HEIGHT="44" HPOS="300" ID="ST_388.4.4.1" STYLEREFS="Style_2" VPOS="732" WIDTH="123" WC="1.00" CC="000000" TAGREFS=""/>
            <SP HPOS="423" ID="SP_388.4.4.2" VPOS="732" WIDTH="26"/>
            <String CONTENT="1985)." HEIGHT="43" HPOS="449" ID="ST_388.4.4.3" STYLEREFS="Style_2" VPOS="732" WIDTH="116" WC="0.95" CC="000000" TAGREFS=""/>
          </TextLine>
        </TextBlock>
        <TextBlock HEIGHT="442.0" HPOS="296.0" ID="BL_388.5" TAGREFS="b388-7" VPOS="807.0" WIDTH="1212.0">
          <TextLine HEIGHT="44" HPOS="387" ID="TL_388.5.1" VPOS="807" WIDTH="1121">
            <String CONTENT="The" HEIGHT="33" HPOS="387" ID="ST_388.5.1.1" STYLEREFS="Style_2" VPOS="807" WIDTH="75" WC="0.98" CC="000" TAGREFS=""/>
            <SP HPOS="462" ID="SP_388.5.1.2" VPOS="812" WIDTH="12"/>
            <String CONTENT="acts" HEIGHT="29" HPOS="474" ID="ST_388.5.1.3" STYLEREFS="Style_2" VPOS="812" WIDTH="73" WC="1.00" CC="0000" TAGREFS=""/>
            <SP HPOS="547" ID="SP_388.5.1.4" VPOS="817" WIDTH="13"/>
            <String CONTENT="are" HEIGHT="24" HPOS="560" ID="ST_388.5.1.5" STYLEREFS="Style_2" VPOS="817" WIDTH="60" WC="0.71" CC="000" TAGREFS=""/>
            <SP HPOS="620" ID="SP_388.5.1.6" VPOS="812" WIDTH="12"/>
            <String CONTENT="not" HEIGHT="29" HPOS="632" ID="ST_388.5.1.7" STYLEREFS="Style_2" VPOS="812" WIDTH="59" WC="0.80" CC="000" TAGREFS=""/>
            <SP HPOS="691" ID="SP_388.5.1.8" VPOS="807" WIDTH="12"/>
            <String CONTENT="of" HEIGHT="34" HPOS="703" ID="ST_388.5.1.9" STYLEREFS="Style_2" VPOS="807" WIDTH="40" WC="1.00" CC="00" TAGREFS=""/>
            <SP HPOS="743" ID="SP_388.5.1.10" VPOS="807" WIDTH="9"/>
            <String CONTENT="the" HEIGHT="34" HPOS="752" ID="ST_388.5.1.11" STYLEREFS="Style_2" VPOS="807" WIDTH="59" WC="0.97" CC="000" TAGREFS=""/>
            <SP HPOS="811" ID="SP_388.5.1.12" VPOS="818" WIDTH="12"/>
            <String CONTENT="same" HEIGHT="23" HPOS="823" ID="ST_388.5.1.13" STYLEREFS="Style_2" VPOS="818" WIDTH="96" WC="1.00" CC="0000" TAGREFS=""/>
            <SP HPOS="919" ID="SP_388.5.1.14" VPOS="807" WIDTH="12"/>
            <String CONTENT="general" HEIGHT="43" HPOS="931" ID="ST_388.5.1.15" STYLEREFS="Style_2" VPOS="807" WIDTH="139" WC="0.99" CC="0000000" TAGREFS=""/>
            <SP HPOS="1070" ID="SP_388.5.1.16" VPOS="807" WIDTH="13"/>
            <String CONTENT="character," HEIGHT="41" HPOS="1083" ID="ST_388.5.1.17" STYLEREFS="Style_2" VPOS="807" WIDTH="191" WC="0.97" CC="0000000000" TAGREFS=""/>
            <SP HPOS="1274" ID="SP_388.5.1.18" VPOS="807" WIDTH="14"/>
            <String CONTENT="and" HEIGHT="34" HPOS="1288" ID="ST_388.5.1.19" STYLEREFS="Style_2" VPOS="807" WIDTH="69" WC="1.00" CC="000" TAGREFS=""/>
            <SP HPOS="1357" ID="SP_388.5.1.20" VPOS="818" WIDTH="12"/>
            <String CONTENT="rape" HEIGHT="33" HPOS="1369" ID="ST_388.5.1.21" STYLEREFS="Style_2" VPOS="818" WIDTH="82" WC="1.00" CC="0000" TAGREFS=""/>
            <SP HPOS="1451" ID="SP_388.5.1.22" VPOS="807" WIDTH="12"/>
            <String CONTENT="by" HEIGHT="44" HPOS="1463" ID="ST_388.5.1.23" STYLEREFS="Style_2" VPOS="807" WIDTH="45" WC="1.00" CC="00" TAGREFS=""/>
          </TextLine>
          <TextLine HEIGHT="45" HPOS="297" ID="TL_388.5.2" VPOS="856" WIDTH="1211">
            <String CONTENT="sexual" HEIGHT="34" HPOS="297" ID="ST_388.5.2.1" STYLEREFS="Style_2" VPOS="856" WIDTH="118" WC="0.97" CC="000000" TAGREFS=""/>
            <SP HPOS="415" ID="SP_388.5.2.2" VPOS="856" WIDTH="12"/>
            <String CONTENT="intercourse" HEIGHT="35" HPOS="427" ID="ST_388.5.2.3" STYLEREFS="Style_2" VPOS="856" WIDTH="211" WC="0.95" CC="00000000000" TAGREFS=""/>
            <SP HPOS="638" ID="SP_388.5.2.4" VPOS="856" WIDTH="12"/>
            <String CONTENT="does" HEIGHT="35" HPOS="650" ID="ST_388.5.2.5" STYLEREFS="Style_2" VPOS="856" WIDTH="81" WC="0.92" CC="0000" TAGREFS=""/>
            <SP HPOS="731" ID="SP_388.5.2.6" VPOS="862" WIDTH="13"/>
            <String CONTENT="not" HEIGHT="29" HPOS="744" ID="ST_388.5.2.7" STYLEREFS="Style_2" VPOS="862" WIDTH="59" WC="0.88" CC="000" TAGREFS=""/>
            <SP HPOS="803" ID="SP_388.5.2.8" VPOS="857" WIDTH="12"/>
            <String CONTENT="contain" HEIGHT="34" HPOS="815" ID="ST_388.5.2.9" STYLEREFS="Style_2" VPOS="857" WIDTH="139" WC="0.87" CC="0000000" TAGREFS=""/>
            <SP HPOS="954" ID="SP_388.5.2.10" VPOS="857" WIDTH="13"/>
            <String CONTENT="all" HEIGHT="34" HPOS="967" ID="ST_388.5.2.11" STYLEREFS="Style_2" VPOS="857" WIDTH="46" WC="0.93" CC="000" TAGREFS=""/>
            <SP HPOS="1013" ID="SP_388.5.2.12" VPOS="856" WIDTH="12"/>
            <String CONTENT="of" HEIGHT="35" HPOS="1025" ID="ST_388.5.2.13" STYLEREFS="Style_2" VPOS="856" WIDTH="40" WC="1.00" CC="00" TAGREFS=""/>
            <SP HPOS="1065" ID="SP_388.5.2.14" VPOS="857" WIDTH="8"/>
            <String CONTENT="the" HEIGHT="34" HPOS="1073" ID="ST_388.5.2.15" STYLEREFS="Style_2" VPOS="857" WIDTH="59" WC="0.96" CC="000" TAGREFS=""/>
            <SP HPOS="1132" ID="SP_388.5.2.16" VPOS="857" WIDTH="12"/>
            <String CONTENT="elements" HEIGHT="34" HPOS="1144" ID="ST_388.5.2.17" STYLEREFS="Style_2" VPOS="857" WIDTH="165" WC="0.97" CC="00000000" TAGREFS=""/>
            <SP HPOS="1309" ID="SP_388.5.2.18" VPOS="857" WIDTH="12"/>
            <String CONTENT="of" HEIGHT="34" HPOS="1321" ID="ST_388.5.2.19" STYLEREFS="Style_2" VPOS="857" WIDTH="40" WC="1.00" CC="00" TAGREFS=""/>
            <SP HPOS="1361" ID="SP_388.5.2.20" VPOS="868" WIDTH="8"/>
            <String CONTENT="rape" HEIGHT="33" HPOS="1369" ID="ST_388.5.2.21" STYLEREFS="Style_2" VPOS="868" WIDTH="83" WC="0.99" CC="0000" TAGREFS=""/>
            <SP HPOS="1452" ID="SP_388.5.2.22" VPOS="857" WIDTH="11"/>
            <String CONTENT="by" HEIGHT="44" HPOS="1463" ID="ST_388.5.2.23" STYLEREFS="Style_2" VPOS="857" WIDTH="45" WC="1.00" CC="00" TAGREFS=""/>
          </TextLine>
          <TextLine HEIGHT="45" HPOS="297" ID="TL_388.5.3" VPOS="906" WIDTH="1209">
            <String CONTENT="deviate" HEIGHT="35" HPOS="297" ID="ST_388.5.3.1" STYLEREFS="Style_2" VPOS="906" WIDTH="135" WC="1.00" CC="0000000" TAGREFS=""/>
            <SP HPOS="432" ID="SP_388.5.3.2" VPOS="906" WIDTH="24"/>
            <String CONTENT="sexual" HEIGHT="35" HPOS="456" ID="ST_388.5.3.3" STYLEREFS="Style_2" VPOS="906" WIDTH="118" WC="0.96" CC="000000" TAGREFS=""/>
            <SP HPOS="574" ID="SP_388.5.3.4" VPOS="906" WIDTH="25"/>
            <String CONTENT="activity." HEIGHT="44" HPOS="599" ID="ST_388.5.3.5" STYLEREFS="Style_2" VPOS="906" WIDTH="151" WC="0.99" CC="000000000" TAGREFS=""/>
            <SP HPOS="750" ID="SP_388.5.3.6" VPOS="906" WIDTH="27"/>
            <String CONTENT="Thus," HEIGHT="42" HPOS="777" ID="ST_388.5.3.7" STYLEREFS="Style_2" VPOS="906" WIDTH="106" WC="0.85" CC="00000" TAGREFS=""/>
            <SP HPOS="883" ID="SP_388.5.3.8" VPOS="907" WIDTH="26"/>
            <String CONTENT="they" HEIGHT="43" HPOS="909" ID="ST_388.5.3.9" STYLEREFS="Style_2" VPOS="907" WIDTH="81" WC="0.89" CC="0000" TAGREFS=""/>
            <SP HPOS="990" ID="SP_388.5.3.10" VPOS="918" WIDTH="25"/>
            <String CONTENT="are" HEIGHT="23" HPOS="1015" ID="ST_388.5.3.11" STYLEREFS="Style_2" VPOS="918" WIDTH="59" WC="0.89" CC="000" TAGREFS=""/>
            <SP HPOS="1074" ID="SP_388.5.3.12" VPOS="912" WIDTH="24"/>
            <String CONTENT="two" HEIGHT="29" HPOS="1098" ID="ST_388.5.3.13" STYLEREFS="Style_2" VPOS="912" WIDTH="68" WC="0.95" CC="000" TAGREFS=""/>
            <SP HPOS="1166" ID="SP_388.5.3.14" VPOS="912" WIDTH="24"/>
            <String CONTENT="separate" HEIGHT="39" HPOS="1190" ID="ST_388.5.3.15" STYLEREFS="Style_2" VPOS="912" WIDTH="159" WC="1.00" CC="00000000" TAGREFS=""/>
            <SP HPOS="1349" ID="SP_388.5.3.16" VPOS="907" WIDTH="24"/>
            <String CONTENT="crimes." HEIGHT="34" HPOS="1373" ID="ST_388.5.3.17" STYLEREFS="Style_2" VPOS="907" WIDTH="133" WC="0.96" CC="0000000" TAGREFS=""/>
          </TextLine>
          <TextLine HEIGHT="45" HPOS="297" ID="TL_388.5.4" VPOS="956" WIDTH="1211">
            <String CONTENT="Correspondingly," HEIGHT="44" HPOS="297" ID="ST_388.5.4.1" STYLEREFS="Style_2" VPOS="956" WIDTH="325" WC="0.92" CC="0000000000000000" TAGREFS=""/>
            <SP HPOS="622" ID="SP_388.5.4.2" VPOS="957" WIDTH="12"/>
            <String CONTENT="the" HEIGHT="34" HPOS="634" ID="ST_388.5.4.3" STYLEREFS="Style_2" VPOS="957" WIDTH="59" WC="1.00" CC="000" TAGREFS=""/>
            <SP HPOS="693" ID="SP_388.5.4.4" VPOS="957" WIDTH="10"/>
            <String CONTENT="charge" HEIGHT="43" HPOS="703" ID="ST_388.5.4.5" STYLEREFS="Style_2" VPOS="957" WIDTH="127" WC="0.97" CC="000000" TAGREFS=""/>
            <SP HPOS="830" ID="SP_388.5.4.6" VPOS="956" WIDTH="9"/>
            <String CONTENT="of" HEIGHT="35" HPOS="839" ID="ST_388.5.4.7" STYLEREFS="Style_2" VPOS="956" WIDTH="40" WC="0.95" CC="00" TAGREFS=""/>
            <SP HPOS="879" ID="SP_388.5.4.8" VPOS="968" WIDTH="7"/>
            <String CONTENT="rape" HEIGHT="33" HPOS="886" ID="ST_388.5.4.9" STYLEREFS="Style_2" VPOS="968" WIDTH="83" WC="1.00" CC="0000" TAGREFS=""/>
            <SP HPOS="969" ID="SP_388.5.4.10" VPOS="957" WIDTH="10"/>
            <String CONTENT="by" HEIGHT="44" HPOS="979" ID="ST_388.5.4.11" STYLEREFS="Style_2" VPOS="957" WIDTH="45" WC="1.00" CC="00" TAGREFS=""/>
            <SP HPOS="1024" ID="SP_388.5.4.12" VPOS="957" WIDTH="10"/>
            <String CONTENT="sexual" HEIGHT="34" HPOS="1034" ID="ST_388.5.4.13" STYLEREFS="Style_2" VPOS="957" WIDTH="118" WC="0.98" CC="000000" TAGREFS=""/>
            <SP HPOS="1152" ID="SP_388.5.4.14" VPOS="957" WIDTH="11"/>
            <String CONTENT="intercourse" HEIGHT="35" HPOS="1163" ID="ST_388.5.4.15" STYLEREFS="Style_2" VPOS="957" WIDTH="211" WC="0.97" CC="00000000000" TAGREFS=""/>
            <SP HPOS="1374" ID="SP_388.5.4.16" VPOS="957" WIDTH="9"/>
            <String CONTENT="filed" HEIGHT="35" HPOS="1383" ID="ST_388.5.4.17" STYLEREFS="Style_2" VPOS="957" WIDTH="80" WC="0.97" CC="00000" TAGREFS=""/>
            <SP HPOS="1463" ID="SP_388.5.4.18" VPOS="957" WIDTH="10"/>
            <String CONTENT="in" HEIGHT="35" HPOS="1473" ID="ST_388.5.4.19" STYLEREFS="Style_2" VPOS="957" WIDTH="35" WC="0.78" CC="00" TAGREFS=""/>
          </TextLine>
          <TextLine HEIGHT="45" HPOS="296" ID="TL_388.5.5" VPOS="1006" WIDTH="1211">
            <String CONTENT="this" HEIGHT="35" HPOS="296" ID="ST_388.5.5.1" STYLEREFS="Style_2" VPOS="1006" WIDTH="68" WC="0.90" CC="0000" TAGREFS=""/>
            <SP HPOS="364" ID="SP_388.5.5.2" VPOS="1017" WIDTH="19"/>
            <String CONTENT="case" HEIGHT="24" HPOS="383" ID="ST_388.5.5.3" STYLEREFS="Style_2" VPOS="1017" WIDTH="80" WC="1.00" CC="0000" TAGREFS=""/>
            <SP HPOS="463" ID="SP_388.5.5.4" VPOS="1006" WIDTH="18"/>
            <String CONTENT="did" HEIGHT="35" HPOS="481" ID="ST_388.5.5.5" STYLEREFS="Style_2" VPOS="1006" WIDTH="59" WC="1.00" CC="000" TAGREFS=""/>
            <SP HPOS="540" ID="SP_388.5.5.6" VPOS="1012" WIDTH="19"/>
            <String CONTENT="not" HEIGHT="29" HPOS="559" ID="ST_388.5.5.7" STYLEREFS="Style_2" VPOS="1012" WIDTH="59" WC="1.00" CC="000" TAGREFS=""/>
            <SP HPOS="618" ID="SP_388.5.5.8" VPOS="1006" WIDTH="19"/>
            <String CONTENT="include" HEIGHT="35" HPOS="637" ID="ST_388.5.5.9" STYLEREFS="Style_2" VPOS="1006" WIDTH="138" WC="0.97" CC="0000000" TAGREFS=""/>
            <SP HPOS="775" ID="SP_388.5.5.10" VPOS="1007" WIDTH="18"/>
            <String CONTENT="the" HEIGHT="34" HPOS="793" ID="ST_388.5.5.11" STYLEREFS="Style_2" VPOS="1007" WIDTH="59" WC="1.00" CC="000" TAGREFS=""/>
            <SP HPOS="852" ID="SP_388.5.5.12" VPOS="1007" WIDTH="18"/>
            <String CONTENT="charge" HEIGHT="43" HPOS="870" ID="ST_388.5.5.13" STYLEREFS="Style_2" VPOS="1007" WIDTH="128" WC="1.00" CC="000000" TAGREFS=""/>
            <SP HPOS="998" ID="SP_388.5.5.14" VPOS="1007" WIDTH="18"/>
            <String CONTENT="of" HEIGHT="34" HPOS="1016" ID="ST_388.5.5.15" STYLEREFS="Style_2" VPOS="1007" WIDTH="40" WC="1.00" CC="00" TAGREFS=""/>
            <SP HPOS="1056" ID="SP_388.5.5.16" VPOS="1018" WIDTH="15"/>
            <String CONTENT="rape" HEIGHT="33" HPOS="1071" ID="ST_388.5.5.17" STYLEREFS="Style_2" VPOS="1018" WIDTH="83" WC="1.00" CC="0000" TAGREFS=""/>
            <SP HPOS="1154" ID="SP_388.5.5.18" VPOS="1007" WIDTH="19"/>
            <String CONTENT="by" HEIGHT="44" HPOS="1173" ID="ST_388.5.5.19" STYLEREFS="Style_2" VPOS="1007" WIDTH="45" WC="0.92" CC="00" TAGREFS=""/>
            <SP HPOS="1218" ID="SP_388.5.5.20" VPOS="1007" WIDTH="18"/>
            <String CONTENT="deviate" HEIGHT="35" HPOS="1236" ID="ST_388.5.5.21" STYLEREFS="Style_2" VPOS="1007" WIDTH="136" WC="1.00" CC="0000000" TAGREFS=""/>
            <SP HPOS="1372" ID="SP_388.5.5.22" VPOS="1008" WIDTH="18"/>
            <String CONTENT="sexual" HEIGHT="34" HPOS="1390" ID="ST_388.5.5.23" STYLEREFS="Style_2" VPOS="1008" WIDTH="117" WC="1.00" CC="000000" TAGREFS=""/>
          </TextLine>
          <TextLine HEIGHT="45" HPOS="296" ID="TL_388.5.6" VPOS="1056" WIDTH="1211">
            <String CONTENT="activity." HEIGHT="43" HPOS="296" ID="ST_388.5.6.1" STYLEREFS="Style_2" VPOS="1057" WIDTH="151" WC="0.94" CC="000000000" TAGREFS=""/>
            <SP HPOS="447" ID="SP_388.5.6.2" VPOS="1056" WIDTH="19"/>
            <String CONTENT="Under" HEIGHT="36" HPOS="466" ID="ST_388.5.6.3" STYLEREFS="Style_2" VPOS="1056" WIDTH="120" WC="0.98" CC="00000" TAGREFS=""/>
            <SP HPOS="586" ID="SP_388.5.6.4" VPOS="1057" WIDTH="16"/>
            <String CONTENT="the" HEIGHT="34" HPOS="602" ID="ST_388.5.6.5" STYLEREFS="Style_2" VPOS="1057" WIDTH="59" WC="0.92" CC="000" TAGREFS=""/>
            <SP HPOS="661" ID="SP_388.5.6.6" VPOS="1057" WIDTH="17"/>
            <String CONTENT="instructions" HEIGHT="34" HPOS="678" ID="ST_388.5.6.7" STYLEREFS="Style_2" VPOS="1057" WIDTH="220" WC="0.98" CC="000000000000" TAGREFS=""/>
            <SP HPOS="898" ID="SP_388.5.6.8" VPOS="1057" WIDTH="16"/>
            <String CONTENT="given," HEIGHT="43" HPOS="914" ID="ST_388.5.6.9" STYLEREFS="Style_2" VPOS="1057" WIDTH="111" WC="0.95" CC="000000" TAGREFS=""/>
            <SP HPOS="1025" ID="SP_388.5.6.10" VPOS="1057" WIDTH="18"/>
            <String CONTENT="the" HEIGHT="35" HPOS="1043" ID="ST_388.5.6.11" STYLEREFS="Style_2" VPOS="1057" WIDTH="59" WC="0.82" CC="000" TAGREFS=""/>
            <SP HPOS="1102" ID="SP_388.5.6.12" VPOS="1058" WIDTH="16"/>
            <String CONTENT="appellant" HEIGHT="43" HPOS="1118" ID="ST_388.5.6.13" STYLEREFS="Style_2" VPOS="1058" WIDTH="176" WC="0.94" CC="000000000" TAGREFS=""/>
            <SP HPOS="1294" ID="SP_388.5.6.14" VPOS="1069" WIDTH="16"/>
            <String CONTENT="may" HEIGHT="32" HPOS="1310" ID="ST_388.5.6.15" STYLEREFS="Style_2" VPOS="1069" WIDTH="81" WC="0.83" CC="000" TAGREFS=""/>
            <SP HPOS="1391" ID="SP_388.5.6.16" VPOS="1057" WIDTH="15"/>
            <String CONTENT="stand" HEIGHT="35" HPOS="1406" ID="ST_388.5.6.17" STYLEREFS="Style_2" VPOS="1057" WIDTH="101" WC="0.93" CC="00000" TAGREFS=""/>
          </TextLine>
          <TextLine HEIGHT="45" HPOS="296" ID="TL_388.5.7" VPOS="1106" WIDTH="1210">
            <String CONTENT="convicted" HEIGHT="34" HPOS="296" ID="ST_388.5.7.1" STYLEREFS="Style_2" VPOS="1107" WIDTH="178" WC="0.92" CC="000000000" TAGREFS=""/>
            <SP HPOS="474" ID="SP_388.5.7.2" VPOS="1106" WIDTH="14"/>
            <String CONTENT="of" HEIGHT="35" HPOS="488" ID="ST_388.5.7.3" STYLEREFS="Style_2" VPOS="1106" WIDTH="40" WC="1.00" CC="00" TAGREFS=""/>
            <SP HPOS="528" ID="SP_388.5.7.4" VPOS="1117" WIDTH="11"/>
            <String CONTENT="rape" HEIGHT="33" HPOS="539" ID="ST_388.5.7.5" STYLEREFS="Style_2" VPOS="1117" WIDTH="83" WC="1.00" CC="0000" TAGREFS=""/>
            <SP HPOS="622" ID="SP_388.5.7.6" VPOS="1107" WIDTH="14"/>
            <String CONTENT="by" HEIGHT="43" HPOS="636" ID="ST_388.5.7.7" STYLEREFS="Style_2" VPOS="1107" WIDTH="44" WC="1.00" CC="00" TAGREFS=""/>
            <SP HPOS="680" ID="SP_388.5.7.8" VPOS="1107" WIDTH="14"/>
            <String CONTENT="deviate" HEIGHT="34" HPOS="694" ID="ST_388.5.7.9" STYLEREFS="Style_2" VPOS="1107" WIDTH="136" WC="0.96" CC="0000000" TAGREFS=""/>
            <SP HPOS="830" ID="SP_388.5.7.10" VPOS="1108" WIDTH="14"/>
            <String CONTENT="sexual" HEIGHT="34" HPOS="844" ID="ST_388.5.7.11" STYLEREFS="Style_2" VPOS="1108" WIDTH="118" WC="1.00" CC="000000" TAGREFS=""/>
            <SP HPOS="962" ID="SP_388.5.7.12" VPOS="1107" WIDTH="14"/>
            <String CONTENT="activity," HEIGHT="44" HPOS="976" ID="ST_388.5.7.13" STYLEREFS="Style_2" VPOS="1107" WIDTH="152" WC="1.00" CC="000000000" TAGREFS=""/>
            <SP HPOS="1128" ID="SP_388.5.7.14" VPOS="1119" WIDTH="16"/>
            <String CONTENT="a" HEIGHT="23" HPOS="1144" ID="ST_388.5.7.15" STYLEREFS="Style_2" VPOS="1119" WIDTH="20" WC="1.00" CC="0" TAGREFS=""/>
            <SP HPOS="1164" ID="SP_388.5.7.16" VPOS="1108" WIDTH="15"/>
            <String CONTENT="charge" HEIGHT="43" HPOS="1179" ID="ST_388.5.7.17" STYLEREFS="Style_2" VPOS="1108" WIDTH="128" WC="1.00" CC="000000" TAGREFS=""/>
            <SP HPOS="1307" ID="SP_388.5.7.18" VPOS="1113" WIDTH="13"/>
            <String CONTENT="not" HEIGHT="29" HPOS="1320" ID="ST_388.5.7.19" STYLEREFS="Style_2" VPOS="1113" WIDTH="60" WC="0.79" CC="000" TAGREFS=""/>
            <SP HPOS="1380" ID="SP_388.5.7.20" VPOS="1108" WIDTH="14"/>
            <String CONTENT="made." HEIGHT="34" HPOS="1394" ID="ST_388.5.7.21" STYLEREFS="Style_2" VPOS="1108" WIDTH="112" WC="1.00" CC="00000" TAGREFS=""/>
          </TextLine>
          <TextLine HEIGHT="44" HPOS="296" ID="TL_388.5.8" VPOS="1156" WIDTH="1212">
            <String CONTENT="Conviction" HEIGHT="34" HPOS="296" ID="ST_388.5.8.1" STYLEREFS="Style_2" VPOS="1156" WIDTH="204" WC="0.95" CC="0000000000" TAGREFS=""/>
            <SP HPOS="500" ID="SP_388.5.8.2" VPOS="1167" WIDTH="23"/>
            <String CONTENT="upon" HEIGHT="33" HPOS="523" ID="ST_388.5.8.3" STYLEREFS="Style_2" VPOS="1167" WIDTH="91" WC="0.90" CC="0000" TAGREFS=""/>
            <SP HPOS="614" ID="SP_388.5.8.4" VPOS="1168" WIDTH="23"/>
            <String CONTENT="a" HEIGHT="23" HPOS="637" ID="ST_388.5.8.5" STYLEREFS="Style_2" VPOS="1168" WIDTH="20" WC="1.00" CC="0" TAGREFS=""/>
            <SP HPOS="657" ID="SP_388.5.8.6" VPOS="1157" WIDTH="22"/>
            <String CONTENT="charge" HEIGHT="42" HPOS="679" ID="ST_388.5.8.7" STYLEREFS="Style_2" VPOS="1157" WIDTH="128" WC="0.95" CC="000000" TAGREFS=""/>
            <SP HPOS="807" ID="SP_388.5.8.8" VPOS="1162" WIDTH="21"/>
            <String CONTENT="not" HEIGHT="29" HPOS="828" ID="ST_388.5.8.9" STYLEREFS="Style_2" VPOS="1162" WIDTH="60" WC="0.91" CC="000" TAGREFS=""/>
            <SP HPOS="888" ID="SP_388.5.8.10" VPOS="1157" WIDTH="21"/>
            <String CONTENT="made" HEIGHT="34" HPOS="909" ID="ST_388.5.8.11" STYLEREFS="Style_2" VPOS="1157" WIDTH="103" WC="1.00" CC="0000" TAGREFS=""/>
            <SP HPOS="1012" ID="SP_388.5.8.12" VPOS="1157" WIDTH="22"/>
            <String CONTENT="is" HEIGHT="34" HPOS="1034" ID="ST_388.5.8.13" STYLEREFS="Style_2" VPOS="1157" WIDTH="27" WC="1.00" CC="00" TAGREFS=""/>
            <SP HPOS="1061" ID="SP_388.5.8.14" VPOS="1168" WIDTH="23"/>
            <String CONTENT="a" HEIGHT="23" HPOS="1084" ID="ST_388.5.8.15" STYLEREFS="Style_2" VPOS="1168" WIDTH="20" WC="1.00" CC="0" TAGREFS=""/>
            <SP HPOS="1104" ID="SP_388.5.8.16" VPOS="1157" WIDTH="22"/>
            <String CONTENT="sheer" HEIGHT="34" HPOS="1126" ID="ST_388.5.8.17" STYLEREFS="Style_2" VPOS="1157" WIDTH="99" WC="1.00" CC="00000" TAGREFS=""/>
            <SP HPOS="1225" ID="SP_388.5.8.18" VPOS="1157" WIDTH="22"/>
            <String CONTENT="denial" HEIGHT="35" HPOS="1247" ID="ST_388.5.8.19" STYLEREFS="Style_2" VPOS="1157" WIDTH="115" WC="0.99" CC="000000" TAGREFS=""/>
            <SP HPOS="1362" ID="SP_388.5.8.20" VPOS="1157" WIDTH="22"/>
            <String CONTENT="of" HEIGHT="35" HPOS="1384" ID="ST_388.5.8.21" STYLEREFS="Style_2" VPOS="1157" WIDTH="38" WC="0.99" CC="00" TAGREFS=""/>
            <SP HPOS="1422" ID="SP_388.5.8.22" VPOS="1157" WIDTH="18"/>
            <String CONTENT="due" HEIGHT="35" HPOS="1440" ID="ST_388.5.8.23" STYLEREFS="Style_2" VPOS="1157" WIDTH="68" WC="0.93" CC="000" TAGREFS=""/>
          </TextLine>
          <TextLine HEIGHT="44" HPOS="296" ID="TL_388.5.9" VPOS="1205" WIDTH="1111">
            <String CONTENT="process." HEIGHT="33" HPOS="296" ID="ST_388.5.9.1" STYLEREFS="Style_2" VPOS="1216" WIDTH="146" WC="0.98" CC="00000000" TAGREFS=""/>
            <SP HPOS="442" ID="SP_388.5.9.2" VPOS="1205" WIDTH="26"/>
            <String CONTENT="Thornhill" HEIGHT="35" HPOS="468" ID="ST_388.5.9.3" STYLEREFS="Style_5" VPOS="1205" WIDTH="185" WC="0.98" CC="000000000" TAGREFS=""/>
            <SP HPOS="653" ID="SP_388.5.9.4" VPOS="1217" WIDTH="17"/>
            <String CONTENT="v." HEIGHT="23" HPOS="670" ID="ST_388.5.9.5" STYLEREFS="Style_2" VPOS="1217" WIDTH="30" WC="1.00" CC="00" TAGREFS=""/>
            <SP HPOS="700" ID="SP_388.5.9.6" VPOS="1206" WIDTH="20"/>
            <String CONTENT="Alabama," HEIGHT="41" HPOS="720" ID="ST_388.5.9.7" STYLEREFS="Style_5" VPOS="1206" WIDTH="189" WC="0.97" CC="00000000" TAGREFS=""/>
            <SP HPOS="909" ID="SP_388.5.9.8" VPOS="1207" WIDTH="23"/>
            <String CONTENT="310" HEIGHT="33" HPOS="932" ID="ST_388.5.9.9" STYLEREFS="Style_2" VPOS="1207" WIDTH="67" WC="0.93" CC="000" TAGREFS=""/>
            <SP HPOS="999" ID="SP_388.5.9.10" VPOS="1206" WIDTH="21"/>
            <String CONTENT="U.S." HEIGHT="35" HPOS="1020" ID="ST_388.5.9.11" STYLEREFS="Style_2" VPOS="1206" WIDTH="83" WC="1.00" CC="0000" TAGREFS=""/>
            <SP HPOS="1103" ID="SP_388.5.9.12" VPOS="1207" WIDTH="24"/>
            <String CONTENT="88," HEIGHT="40" HPOS="1127" ID="ST_388.5.9.13" STYLEREFS="Style_2" VPOS="1207" WIDTH="54" WC="0.79" CC="000" TAGREFS=""/>
            <SP HPOS="1181" ID="SP_388.5.9.14" VPOS="1207" WIDTH="22"/>
            <String CONTENT="96" HEIGHT="34" HPOS="1203" ID="ST_388.5.9.15" STYLEREFS="Style_2" VPOS="1207" WIDTH="44" WC="1.00" CC="00" TAGREFS=""/>
            <SP HPOS="1247" ID="SP_388.5.9.16" VPOS="1206" WIDTH="23"/>
            <String CONTENT="(1939)." HEIGHT="43" HPOS="1270" ID="ST_388.5.9.17" STYLEREFS="Style_2" VPOS="1206" WIDTH="137" WC="0.98" CC="0000000" TAGREFS=""/>
          </TextLine>
        </TextBlock>
        <TextBlock HEIGHT="532.0" HPOS="293.0" ID="BL_388.6" TAGREFS="b388-8" VPOS="1279.0" WIDTH="1218.0">
          <TextLine HEIGHT="45" HPOS="386" ID="TL_388.6.1" VPOS="1279" WIDTH="1125">
            <String CONTENT="Of" HEIGHT="34" HPOS="386" ID="ST_388.6.1.1" STYLEREFS="Style_2" VPOS="1279" WIDTH="52" WC="1.00" CC="00" TAGREFS=""/>
            <SP HPOS="438" ID="SP_388.6.1.2" VPOS="1290" WIDTH="9"/>
            <String CONTENT="course," HEIGHT="30" HPOS="447" ID="ST_388.6.1.3" STYLEREFS="Style_2" VPOS="1290" WIDTH="131" WC="0.99" CC="0000000" TAGREFS=""/>
            <SP HPOS="578" ID="SP_388.6.1.4" VPOS="1280" WIDTH="13"/>
            <String CONTENT="the" HEIGHT="34" HPOS="591" ID="ST_388.6.1.5" STYLEREFS="Style_2" VPOS="1280" WIDTH="59" WC="0.85" CC="000" TAGREFS=""/>
            <SP HPOS="650" ID="SP_388.6.1.6" VPOS="1280" WIDTH="12"/>
            <String CONTENT="appellant" HEIGHT="43" HPOS="662" ID="ST_388.6.1.7" STYLEREFS="Style_2" VPOS="1280" WIDTH="176" WC="0.94" CC="000000000" TAGREFS=""/>
            <SP HPOS="838" ID="SP_388.6.1.8" VPOS="1292" WIDTH="12"/>
            <String CONTENT="may" HEIGHT="31" HPOS="850" ID="ST_388.6.1.9" STYLEREFS="Style_2" VPOS="1292" WIDTH="81" WC="0.96" CC="000" TAGREFS=""/>
            <SP HPOS="931" ID="SP_388.6.1.10" VPOS="1281" WIDTH="12"/>
            <String CONTENT="well" HEIGHT="33" HPOS="943" ID="ST_388.6.1.11" STYLEREFS="Style_2" VPOS="1281" WIDTH="76" WC="0.89" CC="0000" TAGREFS=""/>
            <SP HPOS="1019" ID="SP_388.6.1.12" VPOS="1281" WIDTH="12"/>
            <String CONTENT="have" HEIGHT="34" HPOS="1031" ID="ST_388.6.1.13" STYLEREFS="Style_2" VPOS="1281" WIDTH="87" WC="0.95" CC="0000" TAGREFS=""/>
            <SP HPOS="1118" ID="SP_388.6.1.14" VPOS="1281" WIDTH="13"/>
            <String CONTENT="been" HEIGHT="34" HPOS="1131" ID="ST_388.6.1.15" STYLEREFS="Style_2" VPOS="1281" WIDTH="86" WC="0.84" CC="0000" TAGREFS=""/>
            <SP HPOS="1217" ID="SP_388.6.1.16" VPOS="1281" WIDTH="13"/>
            <String CONTENT="found" HEIGHT="34" HPOS="1230" ID="ST_388.6.1.17" STYLEREFS="Style_2" VPOS="1281" WIDTH="107" WC="0.83" CC="00000" TAGREFS=""/>
            <SP HPOS="1337" ID="SP_388.6.1.18" VPOS="1282" WIDTH="13"/>
            <String CONTENT="guilty" HEIGHT="42" HPOS="1350" ID="ST_388.6.1.19" STYLEREFS="Style_2" VPOS="1282" WIDTH="109" WC="0.94" CC="000000" TAGREFS=""/>
            <SP HPOS="1459" ID="SP_388.6.1.20" VPOS="1281" WIDTH="12"/>
            <String CONTENT="of" HEIGHT="34" HPOS="1471" ID="ST_388.6.1.21" STYLEREFS="Style_2" VPOS="1281" WIDTH="40" WC="1.00" CC="00" TAGREFS=""/>
          </TextLine>
          <TextLine HEIGHT="43" HPOS="295" ID="TL_388.6.2" VPOS="1329" WIDTH="1212">
            <String CONTENT="the" HEIGHT="34" HPOS="295" ID="ST_388.6.2.1" STYLEREFS="Style_2" VPOS="1329" WIDTH="59" WC="0.93" CC="000" TAGREFS=""/>
            <SP HPOS="354" ID="SP_388.6.2.2" VPOS="1329" WIDTH="15"/>
            <String CONTENT="crime" HEIGHT="34" HPOS="369" ID="ST_388.6.2.3" STYLEREFS="Style_2" VPOS="1329" WIDTH="107" WC="1.00" CC="00000" TAGREFS=""/>
            <SP HPOS="476" ID="SP_388.6.2.4" VPOS="1329" WIDTH="15"/>
            <String CONTENT="with" HEIGHT="34" HPOS="491" ID="ST_388.6.2.5" STYLEREFS="Style_2" VPOS="1329" WIDTH="82" WC="0.96" CC="0000" TAGREFS=""/>
            <SP HPOS="573" ID="SP_388.6.2.6" VPOS="1329" WIDTH="16"/>
            <String CONTENT="which" HEIGHT="34" HPOS="589" ID="ST_388.6.2.7" STYLEREFS="Style_2" VPOS="1329" WIDTH="112" WC="0.95" CC="00000" TAGREFS=""/>
            <SP HPOS="701" ID="SP_388.6.2.8" VPOS="1330" WIDTH="16"/>
            <String CONTENT="he" HEIGHT="34" HPOS="717" ID="ST_388.6.2.9" STYLEREFS="Style_2" VPOS="1330" WIDTH="43" WC="1.00" CC="00" TAGREFS=""/>
            <SP HPOS="760" ID="SP_388.6.2.10" VPOS="1340" WIDTH="15"/>
            <String CONTENT="was" HEIGHT="24" HPOS="775" ID="ST_388.6.2.11" STYLEREFS="Style_2" VPOS="1340" WIDTH="69" WC="1.00" CC="000" TAGREFS=""/>
            <SP HPOS="844" ID="SP_388.6.2.12" VPOS="1330" WIDTH="17"/>
            <String CONTENT="charged." HEIGHT="42" HPOS="861" ID="ST_388.6.2.13" STYLEREFS="Style_2" VPOS="1330" WIDTH="160" WC="0.93" CC="00000000" TAGREFS=""/>
            <SP HPOS="1021" ID="SP_388.6.2.14" VPOS="1331" WIDTH="19"/>
            <String CONTENT="However," HEIGHT="40" HPOS="1040" ID="ST_388.6.2.15" STYLEREFS="Style_2" VPOS="1331" WIDTH="179" WC="0.98" CC="00000000" TAGREFS=""/>
            <SP HPOS="1219" ID="SP_388.6.2.16" VPOS="1330" WIDTH="16"/>
            <String CONTENT="the" HEIGHT="34" HPOS="1235" ID="ST_388.6.2.17" STYLEREFS="Style_2" VPOS="1330" WIDTH="60" WC="1.00" CC="000" TAGREFS=""/>
            <SP HPOS="1295" ID="SP_388.6.2.18" VPOS="1331" WIDTH="15"/>
            <String CONTENT="conclusion" HEIGHT="34" HPOS="1310" ID="ST_388.6.2.19" STYLEREFS="Style_2" VPOS="1331" WIDTH="197" WC="0.86" CC="0000000000" TAGREFS=""/>
          </TextLine>
          <TextLine HEIGHT="45" HPOS="295" ID="TL_388.6.3" VPOS="1378" WIDTH="1212">
            <String CONTENT="does" HEIGHT="34" HPOS="295" ID="ST_388.6.3.1" STYLEREFS="Style_2" VPOS="1378" WIDTH="81" WC="1.00" CC="0000" TAGREFS=""/>
            <SP HPOS="376" ID="SP_388.6.3.2" VPOS="1383" WIDTH="12"/>
            <String CONTENT="not" HEIGHT="29" HPOS="388" ID="ST_388.6.3.3" STYLEREFS="Style_2" VPOS="1383" WIDTH="59" WC="0.94" CC="000" TAGREFS=""/>
            <SP HPOS="447" ID="SP_388.6.3.4" VPOS="1378" WIDTH="11"/>
            <String CONTENT="follow" HEIGHT="35" HPOS="458" ID="ST_388.6.3.5" STYLEREFS="Style_2" VPOS="1378" WIDTH="114" WC="0.97" CC="000000" TAGREFS=""/>
            <SP HPOS="572" ID="SP_388.6.3.6" VPOS="1379" WIDTH="11"/>
            <String CONTENT="that" HEIGHT="34" HPOS="583" ID="ST_388.6.3.7" STYLEREFS="Style_2" VPOS="1379" WIDTH="77" WC="0.91" CC="0000" TAGREFS=""/>
            <SP HPOS="660" ID="SP_388.6.3.8" VPOS="1379" WIDTH="11"/>
            <String CONTENT="the" HEIGHT="34" HPOS="671" ID="ST_388.6.3.9" STYLEREFS="Style_2" VPOS="1379" WIDTH="58" WC="1.00" CC="000" TAGREFS=""/>
            <SP HPOS="729" ID="SP_388.6.3.10" VPOS="1390" WIDTH="11"/>
            <String CONTENT="case" HEIGHT="23" HPOS="740" ID="ST_388.6.3.11" STYLEREFS="Style_2" VPOS="1390" WIDTH="79" WC="0.98" CC="0000" TAGREFS=""/>
            <SP HPOS="819" ID="SP_388.6.3.12" VPOS="1379" WIDTH="10"/>
            <String CONTENT="should" HEIGHT="34" HPOS="829" ID="ST_388.6.3.13" STYLEREFS="Style_2" VPOS="1379" WIDTH="123" WC="1.00" CC="000000" TAGREFS=""/>
            <SP HPOS="952" ID="SP_388.6.3.14" VPOS="1379" WIDTH="12"/>
            <String CONTENT="be" HEIGHT="34" HPOS="964" ID="ST_388.6.3.15" STYLEREFS="Style_2" VPOS="1379" WIDTH="42" WC="1.00" CC="00" TAGREFS=""/>
            <SP HPOS="1006" ID="SP_388.6.3.16" VPOS="1379" WIDTH="11"/>
            <String CONTENT="affirmed," HEIGHT="41" HPOS="1017" ID="ST_388.6.3.17" STYLEREFS="Style_2" VPOS="1379" WIDTH="169" WC="0.98" CC="000000000" TAGREFS=""/>
            <SP HPOS="1186" ID="SP_388.6.3.18" VPOS="1379" WIDTH="11"/>
            <String CONTENT="for" HEIGHT="35" HPOS="1197" ID="ST_388.6.3.19" STYLEREFS="Style_2" VPOS="1379" WIDTH="54" WC="0.93" CC="000" TAGREFS=""/>
            <SP HPOS="1251" ID="SP_388.6.3.20" VPOS="1380" WIDTH="11"/>
            <String CONTENT="the" HEIGHT="34" HPOS="1262" ID="ST_388.6.3.21" STYLEREFS="Style_2" VPOS="1380" WIDTH="59" WC="1.00" CC="000" TAGREFS=""/>
            <SP HPOS="1321" ID="SP_388.6.3.22" VPOS="1380" WIDTH="11"/>
            <String CONTENT="appellant" HEIGHT="43" HPOS="1332" ID="ST_388.6.3.23" STYLEREFS="Style_2" VPOS="1380" WIDTH="175" WC="0.96" CC="000000000" TAGREFS=""/>
          </TextLine>
          <TextLine HEIGHT="45" HPOS="295" ID="TL_388.6.4" VPOS="1427" WIDTH="1212">
            <String CONTENT="may" HEIGHT="32" HPOS="295" ID="ST_388.6.4.1" STYLEREFS="Style_2" VPOS="1438" WIDTH="81" WC="0.99" CC="000" TAGREFS=""/>
            <SP HPOS="376" ID="SP_388.6.4.2" VPOS="1427" WIDTH="5"/>
            <String CONTENT="just" HEIGHT="43" HPOS="381" ID="ST_388.6.4.3" STYLEREFS="Style_2" VPOS="1427" WIDTH="73" WC="0.96" CC="0000" TAGREFS=""/>
            <SP HPOS="454" ID="SP_388.6.4.4" VPOS="1438" WIDTH="9"/>
            <String CONTENT="as" HEIGHT="24" HPOS="463" ID="ST_388.6.4.5" STYLEREFS="Style_2" VPOS="1438" WIDTH="37" WC="1.00" CC="00" TAGREFS=""/>
            <SP HPOS="500" ID="SP_388.6.4.6" VPOS="1428" WIDTH="10"/>
            <String CONTENT="well" HEIGHT="34" HPOS="510" ID="ST_388.6.4.7" STYLEREFS="Style_2" VPOS="1428" WIDTH="75" WC="1.00" CC="0000" TAGREFS=""/>
            <SP HPOS="585" ID="SP_388.6.4.8" VPOS="1428" WIDTH="9"/>
            <String CONTENT="have" HEIGHT="34" HPOS="594" ID="ST_388.6.4.9" STYLEREFS="Style_2" VPOS="1428" WIDTH="87" WC="0.89" CC="0000" TAGREFS=""/>
            <SP HPOS="681" ID="SP_388.6.4.10" VPOS="1428" WIDTH="10"/>
            <String CONTENT="been" HEIGHT="34" HPOS="691" ID="ST_388.6.4.11" STYLEREFS="Style_2" VPOS="1428" WIDTH="86" WC="1.00" CC="0000" TAGREFS=""/>
            <SP HPOS="777" ID="SP_388.6.4.12" VPOS="1428" WIDTH="10"/>
            <String CONTENT="found" HEIGHT="35" HPOS="787" ID="ST_388.6.4.13" STYLEREFS="Style_2" VPOS="1428" WIDTH="108" WC="1.00" CC="00000" TAGREFS=""/>
            <SP HPOS="895" ID="SP_388.6.4.14" VPOS="1429" WIDTH="9"/>
            <String CONTENT="guilty" HEIGHT="43" HPOS="904" ID="ST_388.6.4.15" STYLEREFS="Style_2" VPOS="1429" WIDTH="110" WC="0.98" CC="000000" TAGREFS=""/>
            <SP HPOS="1014" ID="SP_388.6.4.16" VPOS="1428" WIDTH="8"/>
            <String CONTENT="of" HEIGHT="35" HPOS="1022" ID="ST_388.6.4.17" STYLEREFS="Style_2" VPOS="1428" WIDTH="39" WC="0.99" CC="00" TAGREFS=""/>
            <SP HPOS="1061" ID="SP_388.6.4.18" VPOS="1429" WIDTH="6"/>
            <String CONTENT="the" HEIGHT="34" HPOS="1067" ID="ST_388.6.4.19" STYLEREFS="Style_2" VPOS="1429" WIDTH="60" WC="0.76" CC="000" TAGREFS=""/>
            <SP HPOS="1127" ID="SP_388.6.4.20" VPOS="1429" WIDTH="8"/>
            <String CONTENT="crime" HEIGHT="34" HPOS="1135" ID="ST_388.6.4.21" STYLEREFS="Style_2" VPOS="1429" WIDTH="108" WC="0.88" CC="00000" TAGREFS=""/>
            <SP HPOS="1243" ID="SP_388.6.4.22" VPOS="1429" WIDTH="8"/>
            <String CONTENT="with" HEIGHT="34" HPOS="1251" ID="ST_388.6.4.23" STYLEREFS="Style_2" VPOS="1429" WIDTH="83" WC="1.00" CC="0000" TAGREFS=""/>
            <SP HPOS="1334" ID="SP_388.6.4.24" VPOS="1430" WIDTH="9"/>
            <String CONTENT="which" HEIGHT="33" HPOS="1343" ID="ST_388.6.4.25" STYLEREFS="Style_2" VPOS="1430" WIDTH="112" WC="0.80" CC="00000" TAGREFS=""/>
            <SP HPOS="1455" ID="SP_388.6.4.26" VPOS="1430" WIDTH="9"/>
            <String CONTENT="he" HEIGHT="33" HPOS="1464" ID="ST_388.6.4.27" STYLEREFS="Style_2" VPOS="1430" WIDTH="43" WC="0.96" CC="00" TAGREFS=""/>
          </TextLine>
          <TextLine HEIGHT="43" HPOS="295" ID="TL_388.6.5" VPOS="1477" WIDTH="1213">
            <String CONTENT="was" HEIGHT="22" HPOS="295" ID="ST_388.6.5.1" STYLEREFS="Style_2" VPOS="1488" WIDTH="69" WC="1.00" CC="000" TAGREFS=""/>
            <SP HPOS="364" ID="SP_388.6.5.2" VPOS="1483" WIDTH="21"/>
            <String CONTENT="not" HEIGHT="28" HPOS="385" ID="ST_388.6.5.3" STYLEREFS="Style_5" VPOS="1483" WIDTH="60" WC="0.96" CC="000" TAGREFS=""/>
            <SP HPOS="445" ID="SP_388.6.5.4" VPOS="1477" WIDTH="19"/>
            <String CONTENT="charged," HEIGHT="43" HPOS="464" ID="ST_388.6.5.5" STYLEREFS="Style_2" VPOS="1477" WIDTH="162" WC="0.93" CC="00000000" TAGREFS=""/>
            <SP HPOS="626" ID="SP_388.6.5.6" VPOS="1477" WIDTH="21"/>
            <String CONTENT="and" HEIGHT="34" HPOS="647" ID="ST_388.6.5.7" STYLEREFS="Style_2" VPOS="1477" WIDTH="69" WC="1.00" CC="000" TAGREFS=""/>
            <SP HPOS="716" ID="SP_388.6.5.8" VPOS="1478" WIDTH="20"/>
            <String CONTENT="that" HEIGHT="33" HPOS="736" ID="ST_388.6.5.9" STYLEREFS="Style_2" VPOS="1478" WIDTH="76" WC="1.00" CC="0000" TAGREFS=""/>
            <SP HPOS="812" ID="SP_388.6.5.10" VPOS="1477" WIDTH="20"/>
            <String CONTENT="would" HEIGHT="35" HPOS="832" ID="ST_388.6.5.11" STYLEREFS="Style_2" VPOS="1477" WIDTH="113" WC="0.89" CC="00000" TAGREFS=""/>
            <SP HPOS="945" ID="SP_388.6.5.12" VPOS="1478" WIDTH="19"/>
            <String CONTENT="constitute" HEIGHT="34" HPOS="964" ID="ST_388.6.5.13" STYLEREFS="Style_2" VPOS="1478" WIDTH="188" WC="0.96" CC="0000000000" TAGREFS=""/>
            <SP HPOS="1152" ID="SP_388.6.5.14" VPOS="1478" WIDTH="19"/>
            <String CONTENT="the" HEIGHT="34" HPOS="1171" ID="ST_388.6.5.15" STYLEREFS="Style_2" VPOS="1478" WIDTH="59" WC="0.92" CC="000" TAGREFS=""/>
            <SP HPOS="1230" ID="SP_388.6.5.16" VPOS="1478" WIDTH="19"/>
            <String CONTENT="denial" HEIGHT="34" HPOS="1249" ID="ST_388.6.5.17" STYLEREFS="Style_2" VPOS="1478" WIDTH="115" WC="0.96" CC="000000" TAGREFS=""/>
            <SP HPOS="1364" ID="SP_388.6.5.18" VPOS="1478" WIDTH="20"/>
            <String CONTENT="of" HEIGHT="34" HPOS="1384" ID="ST_388.6.5.19" STYLEREFS="Style_2" VPOS="1478" WIDTH="40" WC="1.00" CC="00" TAGREFS=""/>
            <SP HPOS="1424" ID="SP_388.6.5.20" VPOS="1478" WIDTH="16"/>
            <String CONTENT="due" HEIGHT="35" HPOS="1440" ID="ST_388.6.5.21" STYLEREFS="Style_2" VPOS="1478" WIDTH="68" WC="0.89" CC="000" TAGREFS=""/>
          </TextLine>
          <TextLine HEIGHT="45" HPOS="295" ID="TL_388.6.6" VPOS="1526" WIDTH="1211">
            <String CONTENT="process." HEIGHT="35" HPOS="295" ID="ST_388.6.6.1" STYLEREFS="Style_2" VPOS="1534" WIDTH="146" WC="0.92" CC="00000000" TAGREFS=""/>
            <SP HPOS="441" ID="SP_388.6.6.2" VPOS="1526" WIDTH="23"/>
            <String CONTENT="Since" HEIGHT="34" HPOS="464" ID="ST_388.6.6.3" STYLEREFS="Style_2" VPOS="1526" WIDTH="104" WC="0.83" CC="00000" TAGREFS=""/>
            <SP HPOS="568" ID="SP_388.6.6.4" VPOS="1526" WIDTH="21"/>
            <String CONTENT="it" HEIGHT="35" HPOS="589" ID="ST_388.6.6.5" STYLEREFS="Style_2" VPOS="1526" WIDTH="26" WC="1.00" CC="00" TAGREFS=""/>
            <SP HPOS="615" ID="SP_388.6.6.6" VPOS="1526" WIDTH="21"/>
            <String CONTENT="is" HEIGHT="34" HPOS="636" ID="ST_388.6.6.7" STYLEREFS="Style_2" VPOS="1526" WIDTH="28" WC="0.95" CC="00" TAGREFS=""/>
            <SP HPOS="664" ID="SP_388.6.6.8" VPOS="1527" WIDTH="22"/>
            <String CONTENT="impossible" HEIGHT="43" HPOS="686" ID="ST_388.6.6.9" STYLEREFS="Style_2" VPOS="1527" WIDTH="199" WC="0.89" CC="0000000000" TAGREFS=""/>
            <SP HPOS="885" ID="SP_388.6.6.10" VPOS="1532" WIDTH="21"/>
            <String CONTENT="to" HEIGHT="29" HPOS="906" ID="ST_388.6.6.11" STYLEREFS="Style_2" VPOS="1532" WIDTH="35" WC="1.00" CC="00" TAGREFS=""/>
            <SP HPOS="941" ID="SP_388.6.6.12" VPOS="1527" WIDTH="21"/>
            <String CONTENT="determine" HEIGHT="34" HPOS="962" ID="ST_388.6.6.13" STYLEREFS="Style_2" VPOS="1527" WIDTH="192" WC="0.99" CC="000000000" TAGREFS=""/>
            <SP HPOS="1154" ID="SP_388.6.6.14" VPOS="1527" WIDTH="21"/>
            <String CONTENT="from" HEIGHT="35" HPOS="1175" ID="ST_388.6.6.15" STYLEREFS="Style_2" VPOS="1527" WIDTH="91" WC="0.89" CC="0000" TAGREFS=""/>
            <SP HPOS="1266" ID="SP_388.6.6.16" VPOS="1528" WIDTH="22"/>
            <String CONTENT="the" HEIGHT="34" HPOS="1288" ID="ST_388.6.6.17" STYLEREFS="Style_2" VPOS="1528" WIDTH="59" WC="1.00" CC="000" TAGREFS=""/>
            <SP HPOS="1347" ID="SP_388.6.6.18" VPOS="1528" WIDTH="20"/>
            <String CONTENT="general" HEIGHT="43" HPOS="1367" ID="ST_388.6.6.19" STYLEREFS="Style_2" VPOS="1528" WIDTH="139" WC="0.98" CC="0000000" TAGREFS=""/>
          </TextLine>
          <TextLine HEIGHT="46" HPOS="293" ID="TL_388.6.7" VPOS="1575" WIDTH="1214">
            <String CONTENT="verdict" HEIGHT="35" HPOS="293" ID="ST_388.6.7.1" STYLEREFS="Style_2" VPOS="1575" WIDTH="131" WC="1.00" CC="0000000" TAGREFS=""/>
            <SP HPOS="424" ID="SP_388.6.7.2" VPOS="1575" WIDTH="11"/>
            <String CONTENT="of" HEIGHT="35" HPOS="435" ID="ST_388.6.7.3" STYLEREFS="Style_2" VPOS="1575" WIDTH="39" WC="1.00" CC="00" TAGREFS=""/>
            <SP HPOS="474" ID="SP_388.6.7.4" VPOS="1576" WIDTH="8"/>
            <String CONTENT="guilty" HEIGHT="44" HPOS="482" ID="ST_388.6.7.5" STYLEREFS="Style_2" VPOS="1576" WIDTH="109" WC="0.93" CC="000000" TAGREFS=""/>
            <SP HPOS="591" ID="SP_388.6.7.6" VPOS="1576" WIDTH="11"/>
            <String CONTENT="the" HEIGHT="35" HPOS="602" ID="ST_388.6.7.7" STYLEREFS="Style_2" VPOS="1576" WIDTH="60" WC="0.88" CC="000" TAGREFS=""/>
            <SP HPOS="662" ID="SP_388.6.7.8" VPOS="1577" WIDTH="10"/>
            <String CONTENT="crime" HEIGHT="34" HPOS="672" ID="ST_388.6.7.9" STYLEREFS="Style_2" VPOS="1577" WIDTH="107" WC="0.87" CC="00000" TAGREFS=""/>
            <SP HPOS="779" ID="SP_388.6.7.10" VPOS="1576" WIDTH="11"/>
            <String CONTENT="for" HEIGHT="35" HPOS="790" ID="ST_388.6.7.11" STYLEREFS="Style_2" VPOS="1576" WIDTH="53" WC="1.00" CC="000" TAGREFS=""/>
            <SP HPOS="843" ID="SP_388.6.7.12" VPOS="1577" WIDTH="11"/>
            <String CONTENT="which" HEIGHT="34" HPOS="854" ID="ST_388.6.7.13" STYLEREFS="Style_2" VPOS="1577" WIDTH="112" WC="0.93" CC="00000" TAGREFS=""/>
            <SP HPOS="966" ID="SP_388.6.7.14" VPOS="1577" WIDTH="12"/>
            <String CONTENT="appellant" HEIGHT="44" HPOS="978" ID="ST_388.6.7.15" STYLEREFS="Style_2" VPOS="1577" WIDTH="176" WC="1.00" CC="000000000" TAGREFS=""/>
            <SP HPOS="1154" ID="SP_388.6.7.16" VPOS="1588" WIDTH="12"/>
            <String CONTENT="was" HEIGHT="24" HPOS="1166" ID="ST_388.6.7.17" STYLEREFS="Style_2" VPOS="1588" WIDTH="69" WC="1.00" CC="000" TAGREFS=""/>
            <SP HPOS="1235" ID="SP_388.6.7.18" VPOS="1577" WIDTH="11"/>
            <String CONTENT="convicted," HEIGHT="42" HPOS="1246" ID="ST_388.6.7.19" STYLEREFS="Style_2" VPOS="1577" WIDTH="190" WC="0.93" CC="0000000000" TAGREFS=""/>
            <SP HPOS="1436" ID="SP_388.6.7.20" VPOS="1578" WIDTH="12"/>
            <String CONTENT="the" HEIGHT="34" HPOS="1448" ID="ST_388.6.7.21" STYLEREFS="Style_2" VPOS="1578" WIDTH="59" WC="0.94" CC="000" TAGREFS=""/>
          </TextLine>
          <TextLine HEIGHT="46" HPOS="294" ID="TL_388.6.8" VPOS="1625" WIDTH="1211">
            <String CONTENT="conviction" HEIGHT="35" HPOS="294" ID="ST_388.6.8.1" STYLEREFS="Style_2" VPOS="1625" WIDTH="192" WC="0.88" CC="0000000000" TAGREFS=""/>
            <SP HPOS="486" ID="SP_388.6.8.2" VPOS="1631" WIDTH="14"/>
            <String CONTENT="cannot" HEIGHT="30" HPOS="500" ID="ST_388.6.8.3" STYLEREFS="Style_2" VPOS="1631" WIDTH="127" WC="1.00" CC="000000" TAGREFS=""/>
            <SP HPOS="627" ID="SP_388.6.8.4" VPOS="1626" WIDTH="14"/>
            <String CONTENT="be" HEIGHT="35" HPOS="641" ID="ST_388.6.8.5" STYLEREFS="Style_2" VPOS="1626" WIDTH="43" WC="1.00" CC="00" TAGREFS=""/>
            <SP HPOS="684" ID="SP_388.6.8.6" VPOS="1626" WIDTH="13"/>
            <String CONTENT="upheld." HEIGHT="44" HPOS="697" ID="ST_388.6.8.7" STYLEREFS="Style_2" VPOS="1626" WIDTH="137" WC="0.94" CC="0000000" TAGREFS=""/>
            <SP HPOS="834" ID="SP_388.6.8.8" VPOS="1626" WIDTH="15"/>
            <String CONTENT="Stromberg v." HEIGHT="45" HPOS="849" ID="ST_388.6.8.9" STYLEREFS="Style_5" VPOS="1626" WIDTH="249" WC="1.0" CC="000000000000" TAGREFS=""/>
            <SP HPOS="1098" ID="SP_388.6.8.10" VPOS="1627" WIDTH="18"/>
            <String CONTENT="California," HEIGHT="44" HPOS="1116" ID="ST_388.6.8.11" STYLEREFS="Style_5" VPOS="1627" WIDTH="208" WC="0.96" CC="00000000000" TAGREFS=""/>
            <SP HPOS="1324" ID="SP_388.6.8.12" VPOS="1629" WIDTH="15"/>
            <String CONTENT="283" HEIGHT="33" HPOS="1339" ID="ST_388.6.8.13" STYLEREFS="Style_2" VPOS="1629" WIDTH="66" WC="0.87" CC="000" TAGREFS=""/>
            <SP HPOS="1405" ID="SP_388.6.8.14" VPOS="1628" WIDTH="17"/>
            <String CONTENT="U.S." HEIGHT="34" HPOS="1422" ID="ST_388.6.8.15" STYLEREFS="Style_2" VPOS="1628" WIDTH="83" WC="1.00" CC="0000" TAGREFS=""/>
          </TextLine>
          <TextLine HEIGHT="46" HPOS="295" ID="TL_388.6.9" VPOS="1676" WIDTH="1211">
            <String CONTENT="359," HEIGHT="41" HPOS="295" ID="ST_388.6.9.1" STYLEREFS="Style_2" VPOS="1676" WIDTH="78" WC="1.00" CC="0000" TAGREFS=""/>
            <SP HPOS="373" ID="SP_388.6.9.2" VPOS="1677" WIDTH="25"/>
            <String CONTENT="368" HEIGHT="34" HPOS="398" ID="ST_388.6.9.3" STYLEREFS="Style_2" VPOS="1677" WIDTH="65" WC="0.91" CC="000" TAGREFS=""/>
            <SP HPOS="463" ID="SP_388.6.9.4" VPOS="1676" WIDTH="25"/>
            <String CONTENT="(1931)." HEIGHT="43" HPOS="488" ID="ST_388.6.9.5" STYLEREFS="Style_2" VPOS="1676" WIDTH="137" WC="0.96" CC="0000000" TAGREFS=""/>
            <SP HPOS="625" ID="SP_388.6.9.6" VPOS="1678" WIDTH="23"/>
            <String CONTENT="An" HEIGHT="33" HPOS="648" ID="ST_388.6.9.7" STYLEREFS="Style_2" VPOS="1678" WIDTH="57" WC="1.00" CC="00" TAGREFS=""/>
            <SP HPOS="705" ID="SP_388.6.9.8" VPOS="1677" WIDTH="22"/>
            <String CONTENT="appellate" HEIGHT="44" HPOS="727" ID="ST_388.6.9.9" STYLEREFS="Style_2" VPOS="1677" WIDTH="172" WC="0.98" CC="000000000" TAGREFS=""/>
            <SP HPOS="899" ID="SP_388.6.9.10" VPOS="1682" WIDTH="21"/>
            <String CONTENT="court" HEIGHT="30" HPOS="920" ID="ST_388.6.9.11" STYLEREFS="Style_2" VPOS="1682" WIDTH="99" WC="0.98" CC="00000" TAGREFS=""/>
            <SP HPOS="1019" ID="SP_388.6.9.12" VPOS="1677" WIDTH="21"/>
            <String CONTENT="should" HEIGHT="35" HPOS="1040" ID="ST_388.6.9.13" STYLEREFS="Style_2" VPOS="1677" WIDTH="123" WC="0.79" CC="000000" TAGREFS=""/>
            <SP HPOS="1163" ID="SP_388.6.9.14" VPOS="1683" WIDTH="21"/>
            <String CONTENT="not" HEIGHT="29" HPOS="1184" ID="ST_388.6.9.15" STYLEREFS="Style_2" VPOS="1683" WIDTH="60" WC="0.78" CC="000" TAGREFS=""/>
            <SP HPOS="1244" ID="SP_388.6.9.16" VPOS="1678" WIDTH="21"/>
            <String CONTENT="speculate" HEIGHT="44" HPOS="1265" ID="ST_388.6.9.17" STYLEREFS="Style_2" VPOS="1678" WIDTH="177" WC="0.98" CC="000000000" TAGREFS=""/>
            <SP HPOS="1442" ID="SP_388.6.9.18" VPOS="1689" WIDTH="20"/>
            <String CONTENT="on" HEIGHT="23" HPOS="1462" ID="ST_388.6.9.19" STYLEREFS="Style_2" VPOS="1689" WIDTH="44" WC="1.00" CC="00" TAGREFS=""/>
          </TextLine>
          <TextLine HEIGHT="46" HPOS="293" ID="TL_388.6.10" VPOS="1726" WIDTH="1212">
            <String CONTENT="which" HEIGHT="34" HPOS="293" ID="ST_388.6.10.1" STYLEREFS="Style_2" VPOS="1726" WIDTH="113" WC="1.00" CC="00000" TAGREFS=""/>
            <SP HPOS="406" ID="SP_388.6.10.2" VPOS="1726" WIDTH="14"/>
            <String CONTENT="charge" HEIGHT="43" HPOS="420" ID="ST_388.6.10.3" STYLEREFS="Style_2" VPOS="1726" WIDTH="128" WC="0.99" CC="000000" TAGREFS=""/>
            <SP HPOS="548" ID="SP_388.6.10.4" VPOS="1738" WIDTH="13"/>
            <String CONTENT="a" HEIGHT="23" HPOS="561" ID="ST_388.6.10.5" STYLEREFS="Style_2" VPOS="1738" WIDTH="20" WC="1.00" CC="0" TAGREFS=""/>
            <SP HPOS="581" ID="SP_388.6.10.6" VPOS="1726" WIDTH="14"/>
            <String CONTENT="defendant" HEIGHT="35" HPOS="595" ID="ST_388.6.10.7" STYLEREFS="Style_2" VPOS="1726" WIDTH="189" WC="0.83" CC="000000000" TAGREFS=""/>
            <SP HPOS="784" ID="SP_388.6.10.8" VPOS="1738" WIDTH="14"/>
            <String CONTENT="was" HEIGHT="23" HPOS="798" ID="ST_388.6.10.9" STYLEREFS="Style_2" VPOS="1738" WIDTH="70" WC="1.00" CC="000" TAGREFS=""/>
            <SP HPOS="868" ID="SP_388.6.10.10" VPOS="1727" WIDTH="15"/>
            <String CONTENT="found" HEIGHT="34" HPOS="883" ID="ST_388.6.10.11" STYLEREFS="Style_2" VPOS="1727" WIDTH="108" WC="0.92" CC="00000" TAGREFS=""/>
            <SP HPOS="991" ID="SP_388.6.10.12" VPOS="1727" WIDTH="14"/>
            <String CONTENT="guilty" HEIGHT="44" HPOS="1005" ID="ST_388.6.10.13" STYLEREFS="Style_2" VPOS="1727" WIDTH="111" WC="0.94" CC="000000" TAGREFS=""/>
            <SP HPOS="1116" ID="SP_388.6.10.14" VPOS="1728" WIDTH="13"/>
            <String CONTENT="in" HEIGHT="34" HPOS="1129" ID="ST_388.6.10.15" STYLEREFS="Style_2" VPOS="1728" WIDTH="35" WC="0.96" CC="00" TAGREFS=""/>
            <SP HPOS="1164" ID="SP_388.6.10.16" VPOS="1727" WIDTH="14"/>
            <String CONTENT="order" HEIGHT="35" HPOS="1178" ID="ST_388.6.10.17" STYLEREFS="Style_2" VPOS="1727" WIDTH="100" WC="1.00" CC="00000" TAGREFS=""/>
            <SP HPOS="1278" ID="SP_388.6.10.18" VPOS="1733" WIDTH="14"/>
            <String CONTENT="to" HEIGHT="29" HPOS="1292" ID="ST_388.6.10.19" STYLEREFS="Style_2" VPOS="1733" WIDTH="36" WC="1.00" CC="00" TAGREFS=""/>
            <SP HPOS="1328" ID="SP_388.6.10.20" VPOS="1728" WIDTH="13"/>
            <String CONTENT="uphold" HEIGHT="44" HPOS="1341" ID="ST_388.6.10.21" STYLEREFS="Style_2" VPOS="1728" WIDTH="130" WC="0.92" CC="000000" TAGREFS=""/>
            <SP HPOS="1471" ID="SP_388.6.10.22" VPOS="1739" WIDTH="14"/>
            <String CONTENT="a" HEIGHT="24" HPOS="1485" ID="ST_388.6.10.23" STYLEREFS="Style_2" VPOS="1739" WIDTH="20" WC="1.00" CC="0" TAGREFS=""/>
          </TextLine>
          <TextLine HEIGHT="35" HPOS="294" ID="TL_388.6.11" VPOS="1776" WIDTH="202">
            <String CONTENT="conviction." HEIGHT="35" HPOS="294" ID="ST_388.6.11.1" STYLEREFS="Style_2" VPOS="1776" WIDTH="202" WC="0.92" CC="00000000000" TAGREFS=""/>
          </TextLine>
        </TextBlock>
        <TextBlock HEIGHT="43.0" HPOS="384.0" ID="BL_388.7" TAGREFS="b388-9" VPOS="1851.0" WIDTH="683.0">
          <TextLine HEIGHT="43" HPOS="384" ID="TL_388.7.1" VPOS="1851" WIDTH="683">
            <String CONTENT="Newbern," HEIGHT="41" HPOS="384" ID="ST_388.7.1.1" STYLEREFS="Style_4" VPOS="1851" WIDTH="208" WC="0.72" CC="00000000" TAGREFS=""/>
            <SP HPOS="592" ID="SP_388.7.1.2" VPOS="1852" WIDTH="21"/>
            <String CONTENT="J.," HEIGHT="40" HPOS="613" ID="ST_388.7.1.3" STYLEREFS="Style_2" VPOS="1852" WIDTH="42" WC="0.98" CC="099" TAGREFS=""/>
            <SP HPOS="655" ID="SP_388.7.1.4" VPOS="1851" WIDTH="18"/>
            <String CONTENT="joins" HEIGHT="43" HPOS="673" ID="ST_388.7.1.5" STYLEREFS="Style_3" VPOS="1851" WIDTH="90" WC="1.00" CC="00000" TAGREFS=""/>
            <SP HPOS="763" ID="SP_388.7.1.6" VPOS="1852" WIDTH="21"/>
            <String CONTENT="in" HEIGHT="33" HPOS="784" ID="ST_388.7.1.7" STYLEREFS="Style_3" VPOS="1852" WIDTH="35" WC="1.00" CC="00" TAGREFS=""/>
            <SP HPOS="819" ID="SP_388.7.1.8" VPOS="1852" WIDTH="20"/>
            <String CONTENT="this" HEIGHT="34" HPOS="839" ID="ST_388.7.1.9" STYLEREFS="Style_3" VPOS="1852" WIDTH="68" WC="0.89" CC="0000" TAGREFS=""/>
            <SP HPOS="907" ID="SP_388.7.1.10" VPOS="1852" WIDTH="21"/>
            <String CONTENT="dissent." HEIGHT="34" HPOS="928" ID="ST_388.7.1.11" STYLEREFS="Style_3" VPOS="1852" WIDTH="139" WC="1.00" CC="00000000" TAGREFS=""/>
          </TextLine>
        </TextBlock>
      </PrintSpace>
    </Page>
  </Layout>
</alto>
