1648 2680
306 283 65 33 508

397 531 38 34 G.
457 532 94 32 Ross
569 529 119 35 Smith
712 531 31 33 &
764 530 114 38 Asso.,
899 530 96 39 P.A.,
1016 528 54 34 for
1090 528 186 44 appellant.

398 635 155 43 Cearley,
575 634 167 35 Mitchell
763 636 30 32 &
814 634 184 40 Roachell,
1019 634 55 42 by:
1094 633 161 34 Richard
1277 635 45 32 W.
1343 632 176 35 Roachell

305 684 68 35 and
393 684 92 34 Paul
503 686 32 32 J.
562 683 114 41 Ward,
697 683 54 34 for
770 683 165 43 appellee.

395 790 99 33 Jack
516 790 119 39 Holt,
655 789 69 40 Jr.,
745 787 107 35 Chief
869 787 140 35 Justice.

1030 787 75 34 The
1124 787 161 43 teaching
1305 791 157 30 contract
1480 786 40 34 of

305 839 165 44 appellee,
491 839 162 42 Imogene
672 838 129 41 Strain,
820 849 70 23 was
910 842 59 30 not
988 837 157 34 renewed
1164 837 54 34 for
1236 836 60 35 the
1319 837 195 34 1982-1983

304 889 117 34 school
445 899 81 33 year
551 888 44 43 by
619 888 59 34 the
702 888 158 34 Western
885 887 115 35 Grove
1023 887 126 34 School
1174 886 145 35 District
1343 886 114 35 Board
1480 886 40 34 of

305 938 186 35 Directors.
509 939 87 33 Mrs.
613 938 118 34 Strain
747 937 168 44 appealed
931 937 61 34 her
1008 937 217 34 nonrenewal
1241 942 35 29 to
1292 937 59 34 the
1365 937 151 33 Newton

305 988 139 43 County
461 988 134 34 Circuit
611 987 110 35 Court
737 987 113 34 where
866 987 59 34 the
941 986 137 35 board’s
1093 986 152 35 decision
1261 997 70 24 was
1348 985 167 35 affirmed.

304 1037 266 44 Subsequently,
589 1038 88 34 Mrs.
696 1037 128 41 Strain,
842 1036 168 44 appealed
1028 1042 35 29 to
1081 1036 59 34 the
1156 1036 179 34 Arkansas
1353 1036 111 34 Court
1480 1035 40 35 of

304 1088 153 44 Appeals
482 1087 112 35 which
620 1087 156 35 reversed
802 1087 59 34 the
885 1087 123 34 circuit
1032 1091 99 30 court
1156 1086 34 34 in
1215 1097 45 23 an
1285 1085 231 44 unpublished

304 1137 139 44 opinion
454 1137 69 35 and
535 1137 188 35 remanded
734 1137 59 34 the
803 1147 80 24 case
894 1136 53 35 for
958 1136 253 35 consideration
1223 1136 39 34 of
1269 1135 166 44 damages
1448 1135 68 35 and

304 1187 206 43 mitigation.
522 1187 104 34 After
636 1198 20 23 a
668 1187 143 43 hearing
821 1197 44 24 on
877 1186 155 41 remand,
1043 1186 59 35 the
1113 1186 122 34 circuit
1245 1191 99 29 court
1355 1185 161 35 awarded

305 1238 87 33 Mrs.
407 1237 118 34 Strain
539 1237 89 34 back
641 1247 67 33 pay
721 1236 54 35 for
788 1237 59 34 the
859 1242 68 29 two
940 1247 99 33 years
1052 1236 62 34 she
1126 1247 70 23 was
1209 1241 60 29 out
1282 1235 40 35 of
1331 1236 105 40 work,
1451 1236 65 34 less

304 1287 61 34 her
374 1287 160 42 earnings
544 1286 35 35 in
588 1286 207 43 mitigation.
807 1287 31 34 It
847 1286 27 34 is
885 1286 91 34 from
985 1286 76 34 that
1070 1285 152 35 decision
1232 1296 44 24 on
1286 1285 144 35 remand
1439 1285 77 35 that

304 1336 59 34 the
373 1336 116 34 school
500 1335 134 35 district
645 1336 116 42 brings
772 1336 68 34 this
851 1336 134 43 appeal.
997 1336 76 33 Our
1079 1335 219 43 jurisdiction
1309 1335 28 34 is
1348 1340 168 38 pursuant

303 1391 36 28 to
359 1385 84 43 Sup.
465 1385 56 34 Ct.
543 1386 42 33 R.
608 1385 171 42 29(l)(c).

394 1490 74 34 The
478 1490 135 34 district
623 1489 74 35 first
707 1489 166 35 contends
884 1490 77 34 that
973 1490 87 34 Mrs.
1072 1489 118 35 Strain
1201 1500 70 23 was
1282 1489 80 44 only
1372 1488 143 35 entitled

303 1545 36 29 to
349 1551 44 23 an
403 1539 116 35 award
529 1539 39 35 of
575 1540 89 34 back
673 1550 68 34 pay
750 1539 54 35 for
813 1550 65 24 one
887 1550 82 33 year
979 1538 69 36 and
1058 1539 76 35 that
1144 1539 59 35 the
1212 1544 109 36 court,
1331 1538 183 42 therefore,

303 1589 98 35 erred
417 1590 34 34 in
466 1590 122 43 basing
603 1590 59 34 the
677 1589 117 36 award
808 1600 44 24 on
868 1590 59 34 the
941 1594 167 39 two-year
1122 1589 119 44 period
1256 1589 154 35 between
1427 1589 87 35 Mrs.

303 1640 147 35 Strain’s
459 1640 217 35 nonrenewal
686 1639 69 35 and
763 1640 61 34 her
833 1640 271 34 reinstatement.
1115 1639 148 42 Second,
1272 1639 60 35 the
1340 1639 176 44 appellant

303 1701 124 32 argues
447 1690 77 35 that
545 1691 87 34 Mrs.
653 1690 118 35 Strain
791 1690 59 34 did
871 1695 59 29 not
950 1690 103 34 make
1072 1689 203 35 reasonable
1295 1695 165 39 attempts
1480 1695 35 29 to

303 1740 159 43 mitigate
474 1740 61 35 her
546 1740 175 43 damages.
737 1741 64 33 We
813 1740 71 34 find
897 1751 44 23 no
953 1740 101 34 merit
1066 1745 36 29 to
1114 1740 109 34 either
1235 1740 199 34 contention
1447 1739 68 35 and

304 1790 113 35 affirm
437 1790 58 34 the
515 1790 121 35 circuit
656 1795 108 29 court.

393 1871 188 44 Appellant
597 1871 98 35 relies
711 1882 44 24 on
771 1871 68 34 this
855 1871 127 34 court’s
998 1871 151 34 decision
1165 1871 35 34 in
1216 1872 145 33 Marion
1378 1871 136 42 County

302 1920 116 35 Rural
426 1920 134 35 School
568 1923 89 32 Dist.
669 1922 67 33 No.
751 1922 16 33 1
780 1932 30 23 v.
821 1920 137 41 Rastle,
970 1921 66 34 265
1048 1920 85 35 Ark.
1147 1921 134 40 33, 576
1292 1920 143 34 S.W.2d
1447 1921 67 33 502

305 1970 137 43 (1979).
455 1971 38 34 In
504 1970 77 35 that
590 1981 80 24 case
681 1970 59 35 the
750 1970 140 35 teacher
901 1970 69 35 had
981 1981 20 24 a
1012 1981 164 32 one-year
1186 1970 162 43 teaching
1359 1975 156 29 contract

303 2020 53 34 for
375 2020 59 34 the
458 2021 195 33 1974-1975
675 2020 116 34 school
812 2031 92 32 year.
925 2020 128 34 Notice
1072 2020 40 34 of
1128 2020 218 34 nonrenewal
1365 2031 70 23 was
1455 2025 59 29 not

303 2070 158 43 properly
470 2070 99 42 given
578 2075 36 29 to
623 2069 59 35 the
691 2069 140 35 teacher
840 2080 38 24 as
888 2069 163 44 provided
1061 2070 45 42 by
1115 2069 59 34 the
1183 2074 130 29 statute
1322 2070 34 33 in
1366 2069 103 34 effect
1478 2074 36 29 at

302 2119 77 34 that
402 2119 95 40 time,
522 2119 85 34 Ark.
632 2119 90 34 Stat.
747 2120 92 33 Ann.
867 2119 17 42 §
912 2118 212 43 80-1304(b)
1153 2118 124 44 (Supp.
1307 2118 116 43 1977).
1449 2119 65 34 We

302 2168 157 35 affirmed
474 2168 59 34 the
546 2168 79 35 trial
639 2168 127 35 court’s
780 2168 142 43 holding
936 2168 76 34 that
1026 2168 59 34 the
1098 2168 162 43 teaching
1274 2173 157 29 contract
1444 2179 69 23 was

302 2218 170 34 extended
483 2218 44 43 by
537 2218 178 44 operation
726 2218 39 34 of
772 2218 65 34 law
848 2218 53 34 for
911 2218 59 34 the
980 2217 206 44 succeeding
1197 2229 92 32 year,
1305 2218 208 40 1975-1976,

302 2268 69 34 and
383 2268 60 34 the
453 2267 135 35 district
600 2278 70 24 was
682 2268 104 34 liable
797 2273 36 29 to
845 2268 122 34 Rastle
979 2267 53 35 for
1044 2268 77 34 that
1133 2267 110 44 year’s
1256 2267 124 44 salary.
1394 2267 121 35 Rastle

302 2317 141 44 argued,
457 2317 166 42 however,
637 2318 76 34 that
726 2318 43 34 he
781 2317 123 35 should
917 2318 72 34 also
1002 2317 43 35 be
1057 2317 161 35 awarded
1231 2328 20 24 a
1264 2317 114 44 salary
1390 2317 54 35 for
1456 2317 59 35 the

306 2368 197 34 1976-1977
516 2367 116 35 school
643 2378 82 33 year
736 2367 93 35 since
840 2368 43 34 he
894 2378 101 24 never
1006 2367 156 35 received
1173 2372 172 39 statutory
1355 2367 113 34 notice
1478 2367 39 34 of

302 2417 218 34 nonrenewal
536 2417 69 34 and
622 2417 59 34 the
697 2417 163 34 district’s
876 2417 217 34 contractual
1110 2417 147 43 liability
1272 2416 114 35 would
1402 2416 111 35 there-
