1668 2700
299 392 59 34 the
371 393 111 34 Court
496 391 103 35 noted
613 391 76 35 that
702 391 59 35 the
775 391 55 35 fee
843 391 27 34 is
884 402 20 23 a
919 390 179 35 moderate
1111 395 154 36 amount,
1280 390 27 34 it
1320 390 27 34 is
1361 389 84 35 used
1459 389 54 35 for

300 442 58 35 the
375 443 134 43 upkeep
526 442 39 35 of
579 441 188 44 highways,
785 440 69 36 and
873 441 49 35 “it
938 441 28 35 is
984 440 143 36 exacted
1145 440 145 35 without
1306 439 154 44 hostility
1478 445 35 29 to

300 493 132 43 foreign
461 503 38 24 or
527 492 180 35 interstate
735 491 241 41 transactions,
1005 491 102 43 being
1136 490 155 45 imposed
1320 490 72 35 also
1420 501 92 33 upon

299 543 168 34 domestic
485 542 148 35 vehicles
652 542 165 44 operated
836 542 34 33 in
891 541 67 35 like
976 541 227 34 conditions.”
1223 541 123 40 There,
1366 546 68 34 too,
1454 541 59 34 the

299 593 110 33 Court
428 603 70 22 was
517 591 203 35 confronted
740 592 82 33 with
842 591 58 34 the
919 596 183 37 argument
1121 590 76 34 that
1216 590 58 34 the
1293 589 220 35 out-of-state

299 642 127 32 carrier
440 651 77 24 uses
531 641 60 33 the
604 640 101 34 roads
719 640 39 33 of
768 640 152 41 Georgia
934 640 65 33 less
1013 639 85 34 than
1111 639 60 34 the
1184 639 88 34 local
1286 639 156 39 carriers,
1456 644 56 37 yet

300 690 81 43 they
395 700 67 32 pay
476 689 59 34 the
548 699 96 24 same
658 694 154 29 amount.
827 688 75 34 The
915 688 111 34 Court
1039 687 91 41 held,
1146 687 118 43 “[t]he
1277 687 56 34 fee
1346 687 28 34 is
1388 687 53 33 for
1454 687 59 34 the

299 738 164 44 privilege
474 738 53 34 for
539 749 20 23 a
571 749 61 23 use
643 749 38 23 as
693 738 173 34 extensive
877 748 37 24 as
927 738 59 33 the
997 737 128 34 carrier
1136 736 85 35 wills
1233 736 77 34 that
1321 737 26 33 it
1359 736 88 34 shall
1459 736 52 34 be.

299 788 113 34 There
437 787 26 34 is
489 788 143 42 nothing
657 787 252 34 unreasonable
933 798 37 23 or
995 786 195 44 oppressive
1213 786 35 34 in
1273 796 20 24 a
1319 785 132 35 burden
1475 796 38 24 so

300 837 155 44 imposed
475 865 6 6 .
509 866 7 6 .
544 865 6 7 .
569 837 78 35 One
664 837 76 34 who
757 836 148 35 receives
923 848 20 23 a
960 836 164 44 privilege
1141 836 145 35 without
1303 835 89 35 limit
1409 835 28 34 is
1454 840 60 30 not

299 887 161 44 wronged
482 888 45 44 by
548 888 52 34 his
622 898 75 25 own
719 887 129 35 refusal
870 892 35 29 to
927 886 101 44 enjoy
1048 887 27 34 it
1096 897 38 24 as
1155 886 109 44 freely
1285 897 38 24 as
1345 886 43 35 he
1408 885 103 45 may”

302 938 176 43 (citations
499 938 174 43 omitted).

299 253 67 33 496

391 1025 104 39 Here,
520 1024 59 34 the
602 1028 144 31 amount
769 1023 39 35 of
827 1023 59 35 the
910 1023 55 35 fee
988 1023 27 34 is
1039 1028 59 30 not
1122 1022 102 44 being
1248 1023 204 43 challenged
1475 1033 38 24 as

300 1075 251 34 unreasonable
567 1085 65 33 per
650 1085 48 30 se,
718 1073 60 35 the
797 1084 125 33 money
941 1073 28 34 is
988 1073 85 34 used
1093 1072 54 35 for
1166 1073 60 34 the
1244 1072 136 44 upkeep
1400 1071 39 35 of
1455 1072 59 35 the

300 1124 177 43 highways
488 1124 151 35 traveled
651 1124 44 43 by
705 1123 58 35 the
772 1123 145 35 carriers
928 1123 102 43 being
1041 1122 113 41 taxed,
1165 1122 69 35 and
1245 1122 59 34 the
1313 1128 59 29 tax
1382 1123 132 43 applies

299 1179 36 29 to
346 1173 133 44 foreign
491 1173 68 35 and
570 1173 169 35 domestic
748 1173 145 35 carriers
904 1173 101 35 alike.
1016 1173 75 34 The
1101 1173 181 34 interstate
1292 1172 145 35 carriers
1448 1183 65 23 can

300 1229 59 38 opt
367 1229 36 29 to
412 1234 67 33 pay
488 1224 59 34 the
555 1223 62 34 flat
625 1223 65 35 fee.
700 1223 75 35 The
783 1223 73 34 fact
864 1222 77 36 that
949 1223 82 43 they
1039 1222 45 35 do
1092 1227 60 30 not
1161 1222 103 35 make
1272 1222 173 35 extensive
1453 1233 61 23 use

299 1273 40 35 of
353 1274 60 34 the
431 1274 118 34 state’s
568 1273 189 43 highways,
775 1273 82 34 does
876 1278 60 29 not
954 1272 102 35 make
1074 1272 59 35 the
1151 1277 60 30 tax
1229 1271 110 35 levied
1357 1271 155 35 discrim-

300 1323 145 43 inatory.

390 1407 127 43 Again,
544 1408 34 33 in
603 1409 94 32 Aero
722 1407 209 43 Mayflower
960 1409 138 32 Transit
1125 1407 61 34 Co.
1212 1418 31 22 v.
1269 1406 63 35 Bd.
1360 1405 47 44 of
1422 1407 89 33 R.R.

301 1457 175 35 Comm’rs
488 1457 46 44 of
539 1458 183 38 Montana,
738 1463 33 28 et
784 1456 59 41 al.,
858 1457 67 34 332
938 1456 84 35 U.S.
1037 1457 66 34 495
1121 1455 138 43 (1947),
1273 1455 59 35 the
1344 1456 170 43 Supreme

301 1506 110 35 Court
420 1506 176 35 discussed
605 1511 67 30 two
681 1506 62 35 flat
752 1506 160 43 highway
921 1511 97 30 taxes
1027 1505 156 45 imposed
1193 1506 58 34 “in
1260 1505 253 35 consideration

299 1556 40 34 of
346 1557 60 34 the
416 1567 61 23 use
486 1556 40 35 of
534 1556 58 35 the
603 1556 177 43 highways
791 1556 39 34 of
838 1555 68 35 this
917 1555 124 35 state.”
1053 1555 75 35 The
1139 1555 110 35 Court
1260 1555 109 35 found
1380 1555 133 35 neither

300 1606 158 34 exaction
475 1605 260 35 discriminated
753 1606 136 43 against
907 1606 181 34 interstate
1104 1615 196 25 commerce
1316 1605 94 35 since
1427 1605 86 34 each

300 1656 131 43 applies
445 1655 91 35 alike
549 1661 35 29 to
597 1655 172 35 local'and
783 1656 181 34 interstate
977 1655 196 43 operations
1187 1654 69 35 and
1270 1655 133 34 neither
1417 1659 96 30 taxes

299 1706 113 34 traffic
427 1716 38 23 or
481 1710 212 30 movements
709 1705 120 43 taking
846 1704 98 44 place
960 1704 135 35 outside
1111 1705 184 34 Montana.
1312 1704 75 35 The
1402 1704 111 35 Court

300 1755 123 35 stated:

424 1841 119 34 Motor
554 1841 145 34 carriers
710 1840 54 35 for
776 1841 84 40 hire,
873 1840 69 35 and
954 1840 224 44 particularly
1189 1839 156 35 truckers
1356 1839 39 35 of
1403 1839 109 44 heavy

423 1891 117 42 goods,
568 1890 67 34 like
661 1890 187 44 appellant,
876 1890 103 35 make
1004 1889 185 45 especially
1215 1889 150 35 arduous
1390 1900 61 24 use
1476 1888 40 35 of

423 1940 178 44 roadways
629 1940 167 43 entailing
824 1950 92 24 wear
943 1939 68 35 and
1040 1945 75 29 tear
1142 1939 104 35 much
1274 1938 134 45 beyond
1436 1939 76 35 that

424 1990 165 43 resulting
617 1989 91 35 from
735 1990 139 42 general
902 1989 274 35 indiscriminate
1203 1989 117 44 public
1346 2000 61 23 use
1435 2016 6 6 .
1469 2017 6 6 .
1503 2016 7 7 .

424 2039 179 43 Although
622 2040 59 34 the
701 2044 90 30 state
810 2050 81 32 may
910 2044 60 29 not
989 2038 237 35 discriminate
1245 2038 137 42 against
1400 2049 37 23 or
1456 2049 55 24 ex-

423 2089 101 34 clude
546 2088 85 34 such
653 2089 181 34 interstate
856 2089 114 34 traffic
991 2088 176 42 generally
1189 2088 35 34 in
1247 2088 59 33 the
1327 2098 62 24 use
1411 2088 39 33 of
1468 2088 43 33 its

424 2137 188 44 highways,
627 2138 68 34 this
709 2137 81 35 does
805 2142 60 29 not
878 2148 104 24 mean
996 2137 77 35 that
1086 2137 59 34 the
1159 2142 90 29 state
1263 2136 27 35 is
1305 2136 158 44 required
1476 2142 36 29 to

424 2186 134 35 furnish
578 2186 98 35 those
695 2186 161 35 facilities
875 2191 36 30 to
931 2187 26 34 it
977 2186 73 35 free
1068 2186 39 35 of
1123 2186 129 43 charge
1270 2196 38 24 or
1327 2186 124 34 indeed
1469 2197 43 23 on

423 2237 102 43 equal
535 2242 106 30 terms
650 2236 83 35 with
743 2237 98 34 other
850 2237 113 35 traffic
972 2241 60 29 not
1041 2235 169 44 inflicting
1219 2235 132 35 similar
1360 2235 151 35 destruc-

423 2287 69 34 tive
509 2287 120 34 effects
649 2314 6 7 .
684 2314 6 7 .
718 2314 6 7 .
744 2287 186 34 Interstate
947 2286 112 35 traffic
1077 2286 138 44 equally
1231 2285 83 35 with
1332 2286 182 34 intrastate

423 2347 82 33 may
530 2337 43 34 be
598 2335 159 45 required
783 2342 35 29 to
844 2347 67 33 pay
936 2347 21 23 a
982 2335 68 35 fair
1075 2336 102 34 share
1202 2335 39 35 of
1263 2335 59 35 the
1347 2340 73 29 cost
1445 2334 69 36 and

424 2386 243 35 maintenance
687 2386 205 43 reasonably
911 2386 132 34 related
1063 2391 36 29 to
1118 2385 60 35 the
1196 2396 62 23 use
1277 2385 104 35 made
1400 2384 39 35 of
1455 2385 59 34 the
