1668 2700
145 385 69 34 and
233 385 173 43 requiring
424 385 133 34 AP&L
574 390 36 29 to
627 385 209 43 specifically
853 385 156 35 describe
1027 385 68 35 and
1113 385 169 35 condemn
1300 385 59 34 the

146 434 98 35 lands
262 435 119 34 within
399 435 58 34 the
475 434 153 44 “danger
646 435 94 35 tree”
759 445 91 24 area.
869 436 34 33 A
920 435 117 43 public
1054 435 143 44 utility’s
1215 435 91 43 right
1323 440 36 29 to

145 484 171 35 condemn
335 484 131 44 private
483 491 162 38 property
662 485 27 34 is
707 485 170 43 governed
895 484 45 44 by
958 485 121 34 article
1100 486 51 40 12,
1172 485 17 42 §
1210 486 19 33 9
1248 485 39 34 of
1300 485 60 34 the

145 535 179 34 Arkansas
346 534 235 35 Constitution
601 535 112 34 which
735 534 166 45 provides:

1291 245 66 33 529

271 616 59 34 No
341 622 171 38 property,
525 627 62 24 nor
598 616 92 43 right
701 616 39 35 of
748 627 85 33 way,
846 616 87 35 shall
945 616 44 35 be
999 616 244 45 appropriated
1255 622 35 29 to
1301 616 59 35 the

271 677 61 23 use
351 665 39 35 of
408 677 67 33 any
495 666 219 44 corporation
734 666 87 35 until
842 666 64 35 full
926 667 261 44 compensation
1208 666 151 35 therefor

270 716 88 35 shall
371 716 43 34 be
425 717 75 34 first
512 716 104 35 made
627 721 37 30 to
675 717 60 34 the
746 727 125 31 owner,
884 717 35 34 in
931 728 137 32 money,
1080 727 38 25 or
1131 717 75 35 first
1217 717 142 35 secured

272 766 44 44 by
343 766 72 35 him
443 767 44 43 by
514 777 20 24 a
562 767 134 44 deposit
723 767 39 35 of
786 778 135 33 money,
949 767 113 35 which
1089 768 270 44 compensation,

271 816 218 44 irrespective
497 816 40 35 of
542 828 69 32 any
620 817 128 34 benefit
757 816 89 36 from
856 828 68 32 any
932 817 251 44 improvement
1192 818 167 44 proposed

271 866 46 43 by
339 866 84 34 such
446 867 230 43 corporation,
700 866 87 35 shall
810 867 43 34 be
875 867 217 34 ascertained
1115 867 45 44 by
1183 878 20 23 a
1222 867 80 44 jury
1324 867 38 35 of

271 916 121 34 twelve
401 927 90 30 men,
501 916 34 34 in
546 927 20 23 a
576 921 99 30 court
684 916 39 35 of
730 921 196 39 competent
932 916 230 43 jurisdiction,
1173 928 38 23 as
1220 917 87 34 shall
1318 917 43 34 be

271 965 195 44 prescribed
488 965 44 44 by
552 966 76 34 law.

148 1046 39 34 In
197 1048 200 33 Baucum v.
409 1047 85 34 Ark.
506 1048 122 33 Power
640 1048 31 33 &
684 1047 103 43 Light
800 1048 72 40 Co.,
889 1048 63 33 179
964 1048 85 33 Ark.
1066 1048 130 40 154,
1208 1047 94 35 15
1315 1047 45 34 S.W.2d

148 1097 67 33 399
234 1096 138 42 (1929),
388 1096 67 34 this
472 1097 111 34 Court
598 1096 80 35 held
694 1097 76 34 that
786 1097 120 34 article
925 1098 41 33 12
984 1097 18 43 §
1020 1098 20 34 9
1057 1096 39 35 of
1108 1097 59 35 the
1182 1097 178 34 Arkansas

148 1145 236 35 Constitution
395 1146 158 44 required
564 1152 165 38 payment
738 1145 40 36 of
784 1146 58 35 the
852 1146 63 35 full
925 1146 69 35 fair
1003 1147 136 35 market
1147 1147 101 35 value
1257 1147 39 35 of
1303 1147 59 34 the

147 1195 239 44 right-of-way
395 1201 35 29 to
440 1196 59 35 the
508 1206 125 25 owner.
646 1197 39 34 In
696 1196 166 42 addition,
873 1197 85 35 Ark.
970 1197 89 35 Stat.
1071 1198 91 34 Ann.
1176 1197 41 43 §§
1231 1198 129 34 35-302

146 1245 69 34 and
234 1246 187 34 73-276.15
440 1256 126 33 govern
584 1247 162 34 AP&L’s
763 1246 91 43 right
871 1252 36 29 to
923 1247 172 35 condemn
1112 1248 132 43 private
1260 1258 99 33 prop­

147 1300 85 38 erty.
250 1296 51 33 As
318 1295 113 35 stated
448 1296 35 34 in
499 1295 101 43 Loyd
614 1306 30 24 v.
661 1295 202 35 Southwest
878 1296 87 35 Ark.
987 1296 154 35 Utilities
1160 1297 114 44 Corp.,
1293 1297 68 34 264

146 1345 86 34 Ark.
255 1345 79 40 818,
356 1345 78 40 825,
457 1346 67 34 580
544 1345 144 34 S.W.2d
709 1346 67 34 935
800 1345 137 43 (1979):

272 1426 95 35 Such
378 1432 146 30 statutes
535 1426 198 45 delegating
745 1427 59 36 the
814 1438 114 34 power
939 1428 40 34 of
986 1428 154 35 eminent
1151 1429 140 34 domain
1302 1439 59 25 are

271 1477 133 43 strictly
419 1477 184 35 construed
619 1478 35 34 in
670 1477 97 35 favor
783 1477 39 35 of
834 1478 59 35 the
908 1478 215 35 landowners
1139 1479 148 35 because
1302 1479 59 35 the

272 1537 113 33 power
401 1527 28 34 is
445 1527 35 35 in
496 1526 204 45 derogation
716 1528 40 34 of
770 1538 20 24 a
806 1538 161 25 common
983 1528 103 44 right.
1106 1529 79 43 City
1202 1528 45 44 of
1255 1528 106 35 Little

271 1576 139 35 Rock v.
420 1578 154 42 Sawyer,
585 1578 66 34 228
661 1578 86 34 Ark.
759 1578 155 41 516,
924 1578 95 35 309
1030 1577 45 36 S.W.2d
1085 1580 44 33 30
1141 1578 136 44 (1958).
1287 1578 74 35 The

271 1627 80 43 only
362 1626 90 43 right
463 1626 40 36 of
510 1637 117 25 access
637 1627 147 43 granted
795 1627 45 45 by
850 1628 97 35 these
957 1633 147 30 statutes
1116 1629 27 34 is
1154 1628 59 35 the
1223 1629 92 43 right
1325 1634 36 29 to

272 1676 140 44 acquire
433 1688 19 23 a
474 1676 239 45 right-of-way
733 1688 38 24 or
792 1678 202 35 reasonable
1015 1688 126 25 access.
1164 1679 84 34 Ark.
1270 1679 90 35 Stat.

271 1727 92 34 Ann.
387 1726 40 43 §§
451 1728 130 33 35-302
602 1727 69 35 and
693 1728 199 34 73-276.15.

146 1808 86 34 Ark.
260 1807 89 35 Stat.
377 1808 91 35 Ann.
497 1808 17 43 §
543 1808 308 45 73-276.15(a)(2)
881 1809 116 45 (Repl.
1029 1810 105 43 1979)
1162 1810 152 44 requires
1340 1822 20 23 a

147 1857 232 45 “description
400 1858 39 35 of
457 1858 59 36 the
537 1858 81 36 land
640 1859 104 35 taken
766 1859 170 37 sufficient
957 1859 54 36 for
1032 1860 59 35 the
1111 1860 250 36 identification

146 1908 170 35 thereof.”

332 1992 39 32 In
380 1991 103 33 State
493 2001 44 24 ex
546 1991 61 34 rel.
618 1991 177 42 Publicity
807 1993 31 32 &
850 1991 114 34 Parks
976 1993 237 33 Commission
1221 2003 30 22 v.
1262 1992 98 40 Earl,

146 2040 67 33 233
235 2039 85 34 Ark.
342 2040 78 39 348,
442 2040 65 34 345
529 2039 94 35 S.W.­
645 2040 46 33 2d
711 2041 44 34 20
777 2040 137 43 (1961),
934 2040 187 44 rehearing
1137 2041 135 40 denied,
1292 2041 68 34 this

147 2088 112 34 Court
272 2087 101 35 faced
386 2099 20 23 a
419 2088 165 35 situation
597 2088 132 35 similar
741 2094 36 30 to
790 2089 59 34 the
861 2100 80 24 case
953 2095 37 29 at
1001 2090 74 34 bar.
1089 2090 75 34 The
1175 2090 185 34 condemn­

146 2137 59 43 ing
223 2137 176 44 authority
416 2137 125 44 sought
558 2143 36 29 to
611 2138 171 36 condemn
800 2150 20 23 a
839 2140 67 34 350
924 2138 74 36 foot
1015 2139 85 44 strip
1117 2139 40 35 of
1171 2139 81 35 land
1269 2140 54 34 for
1340 2151 21 23 a

146 2197 143 33 runway
302 2187 79 40 and,
395 2187 34 34 in
441 2187 167 42 addition,
622 2199 20 23 a
655 2189 69 33 400
737 2188 73 35 foot
822 2189 85 43 strip
919 2188 40 34 of
968 2188 81 35 land
1062 2199 44 24 on
1118 2189 110 34 either
1240 2189 73 34 side
1324 2189 40 34 of

146 2236 60 35 the
220 2246 143 34 runway
377 2236 53 35 for
444 2237 59 34 the
517 2247 148 34 purpose
678 2237 40 34 of
729 2237 145 44 keeping
889 2243 89 29 trees
993 2242 59 31 cut
1066 2238 69 35 and
1149 2238 163 35 trimmed
1325 2243 36 30 to

146 2285 179 36 eliminate
353 2286 231 36 obstructions
613 2293 35 29 to
678 2287 154 36 aircraft.
861 2288 84 35 This
975 2288 111 35 Court
1114 2288 159 35 followed
1302 2288 60 36 the

146 2338 161 33 Baucum
320 2348 80 24 case
413 2337 70 35 and
496 2337 81 35 held
590 2338 78 34 that
680 2338 60 34 the
753 2337 231 44 condemning
998 2338 176 45 authority
1188 2344 93 29 must
1294 2350 68 33 pay

147 2386 64 35 full
231 2387 136 34 market
385 2387 101 35 value
505 2387 54 34 for
578 2388 59 34 the
655 2388 69 34 400
744 2388 73 35 foot
836 2389 102 43 strips
958 2388 40 34 of
1013 2388 92 35 land.
1127 2389 39 34 In
1184 2389 98 41 Earl,
1302 2389 60 34 the
