1642 2694
302 295 43 33 34

391 691 123 33 Janice
537 689 174 35 Williams
734 688 165 42 Wheeler,
921 689 53 34 for
995 689 185 43 appellant.

396 769 131 43 Wright
545 771 30 32 &
596 769 151 43 Chaney,
764 771 94 39 P.A.,
875 770 54 43 by:
950 771 121 32 Travis
1085 771 42 33 R.
1144 772 117 40 Berry,
1278 769 53 35 for
1347 771 164 43 appellee.

390 850 140 34 Steele
549 850 113 40 Hays,
681 849 140 35 Justice.

839 850 75 34 The
930 849 153 45 primary
1099 850 91 34 issue
1206 855 35 29 to
1258 850 43 34 be
1317 850 143 35 decided
1478 850 34 34 in

300 899 67 34 this
383 899 137 34 divorce
535 899 68 34 suit
620 899 26 34 is
663 900 59 33 the
738 910 123 33 proper
876 899 201 44 disposition
1093 900 39 34 of
1145 900 152 43 military
1313 900 199 35 retirement

300 959 67 33 pay
378 948 108 34 under
497 949 84 34 Ark.
593 949 89 34 Stat.
695 950 91 33 Ann.
800 949 17 42 §
831 949 296 42 34-1214(A)(l).
1139 949 223 35 Jurisdiction
1372 955 86 29 rests
1469 960 44 23 on

301 998 90 34 Rule
411 997 171 43 29(l)(c).

390 1079 189 44 Appellant
596 1079 140 35 Marvin
753 1080 126 43 Young
896 1079 68 35 and
981 1080 155 43 appellee
1153 1079 111 36 Linda
1281 1081 126 43 Young
1423 1091 89 24 were

300 1128 149 35 married
462 1129 34 33 in
509 1129 154 44 January
680 1130 85 34 1963
780 1129 68 35 and
861 1130 88 35 lived
962 1130 157 43 together
1131 1142 37 23 as
1181 1130 159 35 husband
1352 1130 68 35 and
1433 1130 80 35 wife

299 1179 86 34 until
395 1179 164 41 October,
574 1180 98 34 1984.
684 1179 139 35 Marvin
833 1180 128 43 Young
969 1179 69 35 had
1048 1180 87 35 been
1144 1180 34 35 in
1188 1181 59 34 the
1255 1181 131 34 United
1395 1181 116 35 States

299 1229 64 34 Air
383 1230 106 34 Force
507 1229 90 34 from
616 1230 154 43 January
792 1230 88 34 1960
899 1229 87 35 until
1005 1230 52 34 his
1075 1230 201 35 retirement
1294 1230 34 34 in
1346 1231 165 43 January,

304 1279 98 34 1980.
421 1279 39 34 In
477 1279 163 41 October,
663 1280 88 34 1984
768 1279 111 35 Linda
897 1281 126 41 Young
1040 1279 80 35 filed
1137 1280 54 34 for
1207 1279 146 35 divorce.
1372 1280 140 34 Marvin

300 1328 126 43 Young
440 1327 59 34 did
514 1333 58 29 not
587 1333 133 30 contest
734 1329 140 34 Linda’s
889 1329 137 34 divorce
1039 1329 68 34 suit
1122 1329 34 34 in
1171 1329 153 34 October
1342 1331 98 33 1984.
1457 1330 56 34 He

299 1377 105 34 asked
433 1377 59 34 the
519 1383 98 29 court
645 1383 35 29 to
709 1377 113 35 divide
850 1379 59 33 the
936 1384 162 38 property
1126 1379 34 34 in
1189 1378 213 35 accordance
1429 1379 82 34 with

298 1427 178 34 Arkansas
497 1427 75 34 law.
594 1427 74 35 The
688 1433 98 29 court
805 1428 146 42 granted
972 1428 59 34 the
1050 1428 138 34 divorce
1207 1427 68 35 and
1296 1428 137 34 divided
1453 1429 59 34 the

299 1481 161 39 property
489 1476 39 34 of
554 1477 59 34 the
642 1476 127 44 parties
798 1477 177 42 including
1005 1477 141 34 Marvin
1175 1478 156 42 Young’s
1360 1478 152 43 military

299 1526 199 34 retirement
508 1536 77 33 pay,
596 1526 131 42 finding
737 1526 26 34 it
772 1527 139 33 marital
921 1531 161 39 property
1091 1527 35 33 in
1136 1526 213 35 accordance
1357 1527 82 34 with
1449 1538 62 23 our

298 1575 151 35 decision
466 1575 34 34 in
516 1577 77 42 Day
608 1587 30 23 v.
655 1578 88 40 Day,
761 1576 63 34 281
844 1576 85 34 Ark.
947 1576 79 40 261,
1043 1577 67 33 663
1128 1576 142 35 S.W.2d
1287 1578 67 33 719
1372 1576 136 43 (1984).

297 1625 75 34 The
392 1630 98 30 court
510 1625 137 35 divided
669 1625 58 35 the
748 1625 152 44 military
921 1626 141 44 pension
1084 1626 292 44 proportionately
1396 1632 35 29 to
1451 1627 59 34 the

298 1675 146 34 number
453 1674 40 34 of
500 1686 98 32 years
608 1675 39 34 of
654 1675 172 43 marriage
836 1675 77 35 that
922 1675 180 35 coincided
1111 1676 82 35 with
1204 1676 139 35 Marvin
1354 1676 155 44 Young’s

298 1724 152 43 military
464 1725 139 41 service,
617 1725 60 34 the
689 1725 142 34 method
845 1725 173 45 approved
1032 1726 35 34 in
1081 1725 180 36 Marshall
1272 1737 31 23 v.
1317 1725 191 42 Marshall,

299 1775 65 33 285
387 1774 84 35 Ark.
494 1775 79 40 426,
595 1776 66 33 688
683 1774 143 35 S.W.2d
848 1777 67 33 279
939 1775 137 44 (1985).

389 1856 39 33 In
450 1855 166 35 Womack
631 1867 30 23 v.
684 1856 176 41 Womack,
882 1857 41 34 16
940 1856 85 35 Ark.
1043 1857 90 43 App.
1156 1858 62 34 139
1238 1856 137 43 (1985),
1393 1868 20 23 a
1430 1867 80 24 case

297 1904 168 44 factually
482 1916 81 32 very
580 1906 131 34 similar
729 1911 36 29 to
782 1906 59 34 the
858 1917 66 23 one
942 1906 118 35 before
1077 1918 50 29 us,
1146 1907 59 34 the
1221 1907 158 43 question
1397 1907 39 34 of
1450 1908 60 33 the

297 1954 201 44 disposition
522 1955 39 34 of
581 1966 20 23 a
625 1955 152 43 military
800 1956 142 43 pension
966 1966 69 24 was
1059 1961 37 29 at
1118 1956 100 35 issue.
1242 1956 74 34 The
1340 1957 110 34 Court
1473 1956 39 34 of

297 2005 153 42 Appeals
470 2004 108 34 found
599 2005 76 34 that
694 2006 78 41 Day
792 2005 69 34 and
881 2005 43 34 its
944 2015 153 34 progeny
1116 2005 69 35 had
1204 2005 209 35 established
1432 2006 77 34 that

297 2054 152 43 military
464 2054 200 34 retirement
677 2054 145 34 benefits
836 2055 187 34 constitute
1037 2055 139 34 marital
1189 2060 161 39 property
1364 2055 68 34 and
1446 2066 63 24 our

297 2103 92 43 prior
398 2102 141 44 holding
549 2114 44 23 on
603 2104 77 34 that
689 2103 134 43 subject
833 2104 35 34 in
877 2103 154 35 Paulsen
1039 2115 30 23 v.
1079 2104 163 41 Paulsen,
1254 2105 67 34 269
1331 2105 85 34 Ark.
1429 2106 78 39 523,

297 2153 63 33 601
377 2152 143 35 S.W.2d
534 2154 65 33 873
615 2152 138 44 (1980),
766 2164 69 23 was
847 2153 194 44 effectively
1052 2153 177 36 overruled
1241 2154 35 34 in
1287 2156 87 41 Day,
1388 2165 118 33 supra,

296 2202 189 39 Marshall,
512 2213 120 33 supra,
658 2202 69 36 and
753 2203 129 43 Gentry
907 2215 30 23 v.
965 2203 139 43 Gentry,
1130 2205 68 33 282
1223 2204 84 34 Ark.
1333 2205 80 40 413,
1440 2204 66 35 668

296 2251 144 35 S.W.2d
453 2252 67 34 947
538 2252 137 43 (1984).
690 2253 66 34 We
769 2252 71 35 find
854 2253 143 43 nothing
1011 2253 35 34 in
1059 2253 204 44 appellant’s
1277 2259 183 37 argument
1473 2259 36 29 to

296 2306 151 30 warrant
467 2312 20 24 a
508 2307 161 39 contrary
689 2302 141 43 finding.

386 2383 75 34 The
473 2383 177 43 appellant
662 2382 106 35 raises
781 2388 67 29 two
861 2388 200 38 arguments
1075 2384 95 34 aside
1182 2384 90 34 from
1285 2384 59 34 the
1356 2384 153 43 military

295 2437 119 38 aspect
429 2431 39 34 of
481 2432 59 34 the
555 2433 153 43 pension,
725 2433 208 43 contending
950 2432 97 35 there
1062 2444 69 23 was
1147 2444 94 24 error
1256 2433 35 34 in
1307 2433 59 34 the
1381 2433 127 35 court’s
