<?xml version='1.0' encoding='utf-8'?>
<alto xmlns="http://www.loc.gov/standards/alto/ns-v3#">
  <!--Created by Innodata R.E.D. RLI tool: 2017-04-25 06:27:34.307030-->
  <Description>
    <MeasurementUnit>pixel</MeasurementUnit>
    <sourceImageInformation>
      <fileName>32044078577194_00257_1.tif</fileName>
    </sourceImageInformation>
    <OCRProcessing ID="OP_1">
      <ocrProcessingStep>
        <processingStepDescription>Alto coordinates refer to the deskewed TIFF file. 
		To convert point (x, y) to original image (TIFF or JP2) apply transformation matrix T=(m00, m01, m10, m11, b0, b1) using the rule:
			T * (x,y) = (m00 * x + m01 * y + b0), (m10 * x + m11 * y + b1)</processingStepDescription>
        <processingStepSettings>RED.transform=(1.0, -0.0, 0.0, 1.0, 0.0, -0.0)</processingStepSettings>
      </ocrProcessingStep>
    </OCRProcessing>
  </Description>
  <Styles>
    <TextStyle FONTFAMILY="Times New Roman" FONTSIZE="11.00" FONTTYPE="serif" FONTWIDTH="proportional" ID="Style_4"/>
    <TextStyle FONTFAMILY="Times New Roman" FONTSIZE="11.00" FONTSTYLE="italics" FONTTYPE="serif" FONTWIDTH="proportional" ID="Style_5"/>
    </Styles>
  <Tags>
    <StructureTag ID="b513-13" LABEL="p"/>
    <StructureTag ID="b514-1" LABEL="pagelabel"/>
    <StructureTag ID="b514-6" LABEL="p"/>
    <StructureTag ID="b514-7" LABEL="p"/>
    <StructureTag ID="b514-8" LABEL="blockquote"/>
    <StructureTag ID="b514-9" LABEL="p"/>
  </Tags>
  <Layout>
    <Page HEIGHT="2680" ID="PG_514" PHYSICAL_IMG_NR="514" WIDTH="1648">
      <PrintSpace HEIGHT="2680" HPOS="0" ID="PS_514" VPOS="0" WIDTH="1648">
        <TextBlock HEIGHT="444.0" HPOS="307.0" ID="BL_514.1" TAGREFS="b513-13" VPOS="421.0" WIDTH="1213.0">
          <TextLine HEIGHT="47" HPOS="307" ID="TL_514.1.1" VPOS="421" WIDTH="1213">
            <String CONTENT="access" HEIGHT="24" HPOS="307" ID="ST_514.1.1.1" STYLEREFS="Style_4" VPOS="435" WIDTH="116" WC="1.00" CC="000000" TAGREFS=""/>
            <SP HPOS="423" ID="SP_514.1.1.2" VPOS="430" WIDTH="17"/>
            <String CONTENT="to" HEIGHT="29" HPOS="440" ID="ST_514.1.1.3" STYLEREFS="Style_4" VPOS="430" WIDTH="35" WC="1.00" CC="00" TAGREFS=""/>
            <SP HPOS="475" ID="SP_514.1.1.4" VPOS="424" WIDTH="16"/>
            <String CONTENT="her" HEIGHT="35" HPOS="491" ID="ST_514.1.1.5" STYLEREFS="Style_4" VPOS="424" WIDTH="61" WC="0.81" CC="000" TAGREFS=""/>
            <SP HPOS="552" ID="SP_514.1.1.6" VPOS="428" WIDTH="16"/>
            <String CONTENT="property," HEIGHT="40" HPOS="568" ID="ST_514.1.1.7" STYLEREFS="Style_4" VPOS="428" WIDTH="172" WC="0.97" CC="000000000" TAGREFS=""/>
            <SP HPOS="740" ID="SP_514.1.1.8" VPOS="423" WIDTH="18"/>
            <String CONTENT="because" HEIGHT="35" HPOS="758" ID="ST_514.1.1.9" STYLEREFS="Style_4" VPOS="423" WIDTH="148" WC="1.00" CC="0000000" TAGREFS=""/>
            <SP HPOS="906" ID="SP_514.1.1.10" VPOS="423" WIDTH="16"/>
            <String CONTENT="it" HEIGHT="34" HPOS="922" ID="ST_514.1.1.11" STYLEREFS="Style_4" VPOS="423" WIDTH="26" WC="1.00" CC="00" TAGREFS=""/>
            <SP HPOS="948" ID="SP_514.1.1.12" VPOS="422" WIDTH="16"/>
            <String CONTENT="has" HEIGHT="35" HPOS="964" ID="ST_514.1.1.13" STYLEREFS="Style_4" VPOS="422" WIDTH="62" WC="1.00" CC="000" TAGREFS=""/>
            <SP HPOS="1026" ID="SP_514.1.1.14" VPOS="433" WIDTH="16"/>
            <String CONTENT="some" HEIGHT="24" HPOS="1042" ID="ST_514.1.1.15" STYLEREFS="Style_4" VPOS="433" WIDTH="96" WC="1.00" CC="0000" TAGREFS=""/>
            <SP HPOS="1138" ID="SP_514.1.1.16" VPOS="421" WIDTH="16"/>
            <String CONTENT="frontage" HEIGHT="43" HPOS="1154" ID="ST_514.1.1.17" STYLEREFS="Style_4" VPOS="421" WIDTH="159" WC="0.96" CC="00000000" TAGREFS=""/>
            <SP HPOS="1313" ID="SP_514.1.1.18" VPOS="432" WIDTH="16"/>
            <String CONTENT="on" HEIGHT="23" HPOS="1329" ID="ST_514.1.1.19" STYLEREFS="Style_4" VPOS="432" WIDTH="44" WC="0.69" CC="00" TAGREFS=""/>
            <SP HPOS="1373" ID="SP_514.1.1.20" VPOS="421" WIDTH="17"/>
            <String CONTENT="Beaver" HEIGHT="34" HPOS="1390" ID="ST_514.1.1.21" STYLEREFS="Style_4" VPOS="421" WIDTH="130" WC="0.82" CC="000000" TAGREFS=""/>
          </TextLine>
          <TextLine HEIGHT="47" HPOS="308" ID="TL_514.1.2" VPOS="470" WIDTH="1211">
            <String CONTENT="Lake," HEIGHT="41" HPOS="308" ID="ST_514.1.2.1" STYLEREFS="Style_4" VPOS="475" WIDTH="105" WC="0.95" CC="00000" TAGREFS=""/>
            <SP HPOS="413" ID="SP_514.1.2.2" VPOS="486" WIDTH="12"/>
            <String CONTENT="a" HEIGHT="23" HPOS="425" ID="ST_514.1.2.3" STYLEREFS="Style_4" VPOS="486" WIDTH="20" WC="1.00" CC="0" TAGREFS=""/>
            <SP HPOS="445" ID="SP_514.1.2.4" VPOS="474" WIDTH="11"/>
            <String CONTENT="navigable" HEIGHT="43" HPOS="456" ID="ST_514.1.2.5" STYLEREFS="Style_4" VPOS="474" WIDTH="182" WC="0.95" CC="000000000" TAGREFS=""/>
            <SP HPOS="638" ID="SP_514.1.2.6" VPOS="478" WIDTH="9"/>
            <String CONTENT="watercourse." HEIGHT="30" HPOS="647" ID="ST_514.1.2.7" STYLEREFS="Style_4" VPOS="478" WIDTH="239" WC="0.94" CC="000000000000" TAGREFS=""/>
            <SP HPOS="886" ID="SP_514.1.2.8" VPOS="473" WIDTH="12"/>
            <String CONTENT="The" HEIGHT="34" HPOS="898" ID="ST_514.1.2.9" STYLEREFS="Style_4" VPOS="473" WIDTH="74" WC="1.00" CC="000" TAGREFS=""/>
            <SP HPOS="972" ID="SP_514.1.2.10" VPOS="477" WIDTH="10"/>
            <String CONTENT="statute," HEIGHT="36" HPOS="982" ID="ST_514.1.2.11" STYLEREFS="Style_4" VPOS="477" WIDTH="140" WC="1.00" CC="00000000" TAGREFS=""/>
            <SP HPOS="1122" ID="SP_514.1.2.12" VPOS="471" WIDTH="12"/>
            <String CONTENT="Section" HEIGHT="35" HPOS="1134" ID="ST_514.1.2.13" STYLEREFS="Style_4" VPOS="471" WIDTH="140" WC="0.92" CC="0000000" TAGREFS=""/>
            <SP HPOS="1274" ID="SP_514.1.2.14" VPOS="472" WIDTH="11"/>
            <String CONTENT="76-110," HEIGHT="40" HPOS="1285" ID="ST_514.1.2.15" STYLEREFS="Style_4" VPOS="472" WIDTH="142" WC="0.97" CC="9999990" TAGREFS=""/>
            <SP HPOS="1427" ID="SP_514.1.2.16" VPOS="470" WIDTH="11"/>
            <String CONTENT="does" HEIGHT="35" HPOS="1438" ID="ST_514.1.2.17" STYLEREFS="Style_4" VPOS="470" WIDTH="81" WC="1.00" CC="0000" TAGREFS=""/>
          </TextLine>
          <TextLine HEIGHT="46" HPOS="307" ID="TL_514.1.3" VPOS="521" WIDTH="1212">
            <String CONTENT="refer" HEIGHT="34" HPOS="307" ID="ST_514.1.3.1" STYLEREFS="Style_4" VPOS="525" WIDTH="91" WC="1.00" CC="00000" TAGREFS=""/>
            <SP HPOS="398" ID="SP_514.1.3.2" VPOS="530" WIDTH="11"/>
            <String CONTENT="to" HEIGHT="29" HPOS="409" ID="ST_514.1.3.3" STYLEREFS="Style_4" VPOS="530" WIDTH="35" WC="1.00" CC="00" TAGREFS=""/>
            <SP HPOS="444" ID="SP_514.1.3.4" VPOS="535" WIDTH="11"/>
            <String CONTENT="access" HEIGHT="24" HPOS="455" ID="ST_514.1.3.5" STYLEREFS="Style_4" VPOS="535" WIDTH="116" WC="1.00" CC="000000" TAGREFS=""/>
            <SP HPOS="571" ID="SP_514.1.3.6" VPOS="529" WIDTH="12"/>
            <String CONTENT="to" HEIGHT="29" HPOS="583" ID="ST_514.1.3.7" STYLEREFS="Style_4" VPOS="529" WIDTH="36" WC="1.00" CC="00" TAGREFS=""/>
            <SP HPOS="619" ID="SP_514.1.3.8" VPOS="534" WIDTH="11"/>
            <String CONTENT="a" HEIGHT="24" HPOS="630" ID="ST_514.1.3.9" STYLEREFS="Style_4" VPOS="534" WIDTH="20" WC="1.00" CC="0" TAGREFS=""/>
            <SP HPOS="650" ID="SP_514.1.3.10" VPOS="523" WIDTH="12"/>
            <String CONTENT="public" HEIGHT="44" HPOS="662" ID="ST_514.1.3.11" STYLEREFS="Style_4" VPOS="523" WIDTH="117" WC="1.00" CC="000000" TAGREFS=""/>
            <SP HPOS="779" ID="SP_514.1.3.12" VPOS="523" WIDTH="10"/>
            <String CONTENT="road" HEIGHT="34" HPOS="789" ID="ST_514.1.3.13" STYLEREFS="Style_4" VPOS="523" WIDTH="84" WC="0.93" CC="0000" TAGREFS=""/>
            <SP HPOS="873" ID="SP_514.1.3.14" VPOS="533" WIDTH="12"/>
            <String CONTENT="or" HEIGHT="24" HPOS="885" ID="ST_514.1.3.15" STYLEREFS="Style_4" VPOS="533" WIDTH="38" WC="0.94" CC="00" TAGREFS=""/>
            <SP HPOS="923" ID="SP_514.1.3.16" VPOS="522" WIDTH="11"/>
            <String CONTENT="navigable" HEIGHT="43" HPOS="934" ID="ST_514.1.3.17" STYLEREFS="Style_4" VPOS="522" WIDTH="182" WC="0.99" CC="000000000" TAGREFS=""/>
            <SP HPOS="1116" ID="SP_514.1.3.18" VPOS="527" WIDTH="11"/>
            <String CONTENT="watercourse," HEIGHT="35" HPOS="1127" ID="ST_514.1.3.19" STYLEREFS="Style_4" VPOS="527" WIDTH="239" WC="0.98" CC="000000000000" TAGREFS=""/>
            <SP HPOS="1366" ID="SP_514.1.3.20" VPOS="521" WIDTH="13"/>
            <String CONTENT="but" HEIGHT="34" HPOS="1379" ID="ST_514.1.3.21" STYLEREFS="Style_4" VPOS="521" WIDTH="62" WC="0.90" CC="000" TAGREFS=""/>
            <SP HPOS="1441" ID="SP_514.1.3.22" VPOS="521" WIDTH="11"/>
            <String CONTENT="this" HEIGHT="34" HPOS="1452" ID="ST_514.1.3.23" STYLEREFS="Style_4" VPOS="521" WIDTH="67" WC="0.86" CC="0000" TAGREFS=""/>
          </TextLine>
          <TextLine HEIGHT="47" HPOS="307" ID="TL_514.1.4" VPOS="570" WIDTH="1213">
            <String CONTENT="law" HEIGHT="33" HPOS="307" ID="ST_514.1.4.1" STYLEREFS="Style_4" VPOS="575" WIDTH="65" WC="0.99" CC="000" TAGREFS=""/>
            <SP HPOS="372" ID="SP_514.1.4.2" VPOS="585" WIDTH="19"/>
            <String CONTENT="was" HEIGHT="23" HPOS="391" ID="ST_514.1.4.3" STYLEREFS="Style_4" VPOS="585" WIDTH="69" WC="1.00" CC="000" TAGREFS=""/>
            <SP HPOS="460" ID="SP_514.1.4.4" VPOS="573" WIDTH="19"/>
            <String CONTENT="adopted" HEIGHT="44" HPOS="479" ID="ST_514.1.4.5" STYLEREFS="Style_4" VPOS="573" WIDTH="149" WC="1.00" CC="0000000" TAGREFS=""/>
            <SP HPOS="628" ID="SP_514.1.4.6" VPOS="584" WIDTH="19"/>
            <String CONTENT="more" HEIGHT="23" HPOS="647" ID="ST_514.1.4.7" STYLEREFS="Style_4" VPOS="584" WIDTH="96" WC="1.00" CC="0000" TAGREFS=""/>
            <SP HPOS="743" ID="SP_514.1.4.8" VPOS="573" WIDTH="18"/>
            <String CONTENT="than" HEIGHT="34" HPOS="761" ID="ST_514.1.4.9" STYLEREFS="Style_4" VPOS="573" WIDTH="84" WC="0.79" CC="0000" TAGREFS=""/>
            <SP HPOS="845" ID="SP_514.1.4.10" VPOS="583" WIDTH="19"/>
            <String CONTENT="a" HEIGHT="23" HPOS="864" ID="ST_514.1.4.11" STYLEREFS="Style_4" VPOS="583" WIDTH="20" WC="1.00" CC="0" TAGREFS=""/>
            <SP HPOS="884" ID="SP_514.1.4.12" VPOS="577" WIDTH="18"/>
            <String CONTENT="century" HEIGHT="38" HPOS="902" ID="ST_514.1.4.13" STYLEREFS="Style_4" VPOS="577" WIDTH="144" WC="0.91" CC="0000000" TAGREFS=""/>
            <SP HPOS="1046" ID="SP_514.1.4.14" VPOS="582" WIDTH="18"/>
            <String CONTENT="ago," HEIGHT="32" HPOS="1064" ID="ST_514.1.4.15" STYLEREFS="Style_4" VPOS="582" WIDTH="77" WC="1.00" CC="0000" TAGREFS=""/>
            <SP HPOS="1141" ID="SP_514.1.4.16" VPOS="571" WIDTH="19"/>
            <String CONTENT="in" HEIGHT="34" HPOS="1160" ID="ST_514.1.4.17" STYLEREFS="Style_4" VPOS="571" WIDTH="35" WC="0.66" CC="00" TAGREFS=""/>
            <SP HPOS="1195" ID="SP_514.1.4.18" VPOS="572" WIDTH="22"/>
            <String CONTENT="1871." HEIGHT="33" HPOS="1217" ID="ST_514.1.4.19" STYLEREFS="Style_4" VPOS="572" WIDTH="99" WC="0.98" CC="99999" TAGREFS=""/>
            <SP HPOS="1316" ID="SP_514.1.4.20" VPOS="570" WIDTH="20"/>
            <String CONTENT="What" HEIGHT="34" HPOS="1336" ID="ST_514.1.4.21" STYLEREFS="Style_4" VPOS="570" WIDTH="107" WC="1.00" CC="0000" TAGREFS=""/>
            <SP HPOS="1443" ID="SP_514.1.4.22" VPOS="570" WIDTH="18"/>
            <String CONTENT="the" HEIGHT="34" HPOS="1461" ID="ST_514.1.4.23" STYLEREFS="Style_4" VPOS="570" WIDTH="59" WC="0.97" CC="000" TAGREFS=""/>
          </TextLine>
          <TextLine HEIGHT="47" HPOS="307" ID="TL_514.1.5" VPOS="620" WIDTH="1213">
            <String CONTENT="petitioner" HEIGHT="43" HPOS="307" ID="ST_514.1.5.1" STYLEREFS="Style_4" VPOS="624" WIDTH="183" WC="0.92" CC="0000000000" TAGREFS=""/>
            <SP HPOS="490" ID="SP_514.1.5.2" VPOS="628" WIDTH="14"/>
            <String CONTENT="must" HEIGHT="29" HPOS="504" ID="ST_514.1.5.3" STYLEREFS="Style_4" VPOS="628" WIDTH="92" WC="0.96" CC="0000" TAGREFS=""/>
            <SP HPOS="596" ID="SP_514.1.5.4" VPOS="622" WIDTH="13"/>
            <String CONTENT="show" HEIGHT="34" HPOS="609" ID="ST_514.1.5.5" STYLEREFS="Style_4" VPOS="622" WIDTH="94" WC="0.94" CC="0000" TAGREFS=""/>
            <SP HPOS="703" ID="SP_514.1.5.6" VPOS="622" WIDTH="13"/>
            <String CONTENT="is" HEIGHT="34" HPOS="716" ID="ST_514.1.5.7" STYLEREFS="Style_4" VPOS="622" WIDTH="28" WC="1.00" CC="00" TAGREFS=""/>
            <SP HPOS="744" ID="SP_514.1.5.8" VPOS="633" WIDTH="14"/>
            <String CONTENT="a" HEIGHT="23" HPOS="758" ID="ST_514.1.5.9" STYLEREFS="Style_4" VPOS="633" WIDTH="20" WC="1.00" CC="0" TAGREFS=""/>
            <SP HPOS="778" ID="SP_514.1.5.10" VPOS="621" WIDTH="14"/>
            <String CONTENT="reasonable" HEIGHT="35" HPOS="792" ID="ST_514.1.5.11" STYLEREFS="Style_4" VPOS="621" WIDTH="203" WC="0.95" CC="0000000000" TAGREFS=""/>
            <SP HPOS="995" ID="SP_514.1.5.12" VPOS="621" WIDTH="13"/>
            <String CONTENT="necessity" HEIGHT="43" HPOS="1008" ID="ST_514.1.5.13" STYLEREFS="Style_4" VPOS="621" WIDTH="170" WC="0.95" CC="000000000" TAGREFS=""/>
            <SP HPOS="1178" ID="SP_514.1.5.14" VPOS="620" WIDTH="13"/>
            <String CONTENT="for" HEIGHT="34" HPOS="1191" ID="ST_514.1.5.15" STYLEREFS="Style_4" VPOS="620" WIDTH="53" WC="1.00" CC="000" TAGREFS=""/>
            <SP HPOS="1244" ID="SP_514.1.5.16" VPOS="631" WIDTH="14"/>
            <String CONTENT="a" HEIGHT="23" HPOS="1258" ID="ST_514.1.5.17" STYLEREFS="Style_4" VPOS="631" WIDTH="21" WC="1.00" CC="0" TAGREFS=""/>
            <SP HPOS="1279" ID="SP_514.1.5.18" VPOS="620" WIDTH="13"/>
            <String CONTENT="road," HEIGHT="40" HPOS="1292" ID="ST_514.1.5.19" STYLEREFS="Style_4" VPOS="620" WIDTH="96" WC="0.93" CC="00000" TAGREFS=""/>
            <SP HPOS="1388" ID="SP_514.1.5.20" VPOS="625" WIDTH="14"/>
            <String CONTENT="not" HEIGHT="29" HPOS="1402" ID="ST_514.1.5.21" STYLEREFS="Style_4" VPOS="625" WIDTH="60" WC="0.89" CC="000" TAGREFS=""/>
            <SP HPOS="1462" ID="SP_514.1.5.22" VPOS="630" WIDTH="13"/>
            <String CONTENT="an" HEIGHT="23" HPOS="1475" ID="ST_514.1.5.23" STYLEREFS="Style_4" VPOS="630" WIDTH="45" WC="1.00" CC="00" TAGREFS=""/>
          </TextLine>
          <TextLine HEIGHT="46" HPOS="307" ID="TL_514.1.6" VPOS="669" WIDTH="1211">
            <String CONTENT="absolute" HEIGHT="34" HPOS="307" ID="ST_514.1.6.1" STYLEREFS="Style_4" VPOS="673" WIDTH="158" WC="1.00" CC="00000000" TAGREFS=""/>
            <SP HPOS="465" ID="SP_514.1.6.2" VPOS="672" WIDTH="15"/>
            <String CONTENT="necessity." HEIGHT="43" HPOS="480" ID="ST_514.1.6.3" STYLEREFS="Style_4" VPOS="672" WIDTH="179" WC="0.95" CC="0000000000" TAGREFS=""/>
            <SP HPOS="659" ID="SP_514.1.6.4" VPOS="673" WIDTH="16"/>
            <String CONTENT="Houston" HEIGHT="32" HPOS="675" ID="ST_514.1.6.5" STYLEREFS="Style_5" VPOS="673" WIDTH="166" WC="0.94" CC="0000000" TAGREFS=""/>
            <SP HPOS="841" ID="SP_514.1.6.6" VPOS="682" WIDTH="13"/>
            <String CONTENT="v." HEIGHT="22" HPOS="854" ID="ST_514.1.6.7" STYLEREFS="Style_4" VPOS="682" WIDTH="31" WC="1.00" CC="00" TAGREFS=""/>
            <SP HPOS="885" ID="SP_514.1.6.8" VPOS="670" WIDTH="16"/>
            <String CONTENT="Hanby," HEIGHT="43" HPOS="901" ID="ST_514.1.6.9" STYLEREFS="Style_5" VPOS="670" WIDTH="140" WC="0.93" CC="000000" TAGREFS=""/>
            <SP HPOS="1041" ID="SP_514.1.6.10" VPOS="671" WIDTH="20"/>
            <String CONTENT="149" HEIGHT="33" HPOS="1061" ID="ST_514.1.6.11" STYLEREFS="Style_4" VPOS="671" WIDTH="64" WC="1.00" CC="000" TAGREFS=""/>
            <SP HPOS="1125" ID="SP_514.1.6.12" VPOS="670" WIDTH="16"/>
            <String CONTENT="Ark." HEIGHT="33" HPOS="1141" ID="ST_514.1.6.13" STYLEREFS="Style_4" VPOS="670" WIDTH="85" WC="0.98" CC="0000" TAGREFS=""/>
            <SP HPOS="1226" ID="SP_514.1.6.14" VPOS="670" WIDTH="17"/>
            <String CONTENT="486," HEIGHT="39" HPOS="1243" ID="ST_514.1.6.15" STYLEREFS="Style_4" VPOS="670" WIDTH="80" WC="1.00" CC="0000" TAGREFS=""/>
            <SP HPOS="1323" ID="SP_514.1.6.16" VPOS="670" WIDTH="17"/>
            <String CONTENT="232" HEIGHT="33" HPOS="1340" ID="ST_514.1.6.17" STYLEREFS="Style_4" VPOS="670" WIDTH="69" WC="0.96" CC="000" TAGREFS=""/>
            <SP HPOS="1409" ID="SP_514.1.6.18" VPOS="669" WIDTH="15"/>
            <String CONTENT="S.W." HEIGHT="34" HPOS="1424" ID="ST_514.1.6.19" STYLEREFS="Style_4" VPOS="669" WIDTH="94" WC="0.99" CC="0000" TAGREFS=""/>
          </TextLine>
          <TextLine HEIGHT="46" HPOS="308" ID="TL_514.1.7" VPOS="718" WIDTH="1212">
            <String CONTENT="930" HEIGHT="33" HPOS="308" ID="ST_514.1.7.1" STYLEREFS="Style_4" VPOS="723" WIDTH="68" WC="0.91" CC="000" TAGREFS=""/>
            <SP HPOS="376" ID="SP_514.1.7.2" VPOS="721" WIDTH="19"/>
            <String CONTENT="(1921)." HEIGHT="43" HPOS="395" ID="ST_514.1.7.3" STYLEREFS="Style_4" VPOS="721" WIDTH="137" WC="0.92" CC="0000000" TAGREFS=""/>
            <SP HPOS="532" ID="SP_514.1.7.4" VPOS="722" WIDTH="18"/>
            <String CONTENT="Now" HEIGHT="33" HPOS="550" ID="ST_514.1.7.5" STYLEREFS="Style_4" VPOS="722" WIDTH="91" WC="1.00" CC="000" TAGREFS=""/>
            <SP HPOS="641" ID="SP_514.1.7.6" VPOS="720" WIDTH="17"/>
            <String CONTENT="that" HEIGHT="35" HPOS="658" ID="ST_514.1.7.7" STYLEREFS="Style_4" VPOS="720" WIDTH="76" WC="0.92" CC="0000" TAGREFS=""/>
            <SP HPOS="734" ID="SP_514.1.7.8" VPOS="720" WIDTH="18"/>
            <String CONTENT="travel" HEIGHT="34" HPOS="752" ID="ST_514.1.7.9" STYLEREFS="Style_4" VPOS="720" WIDTH="107" WC="0.95" CC="000000" TAGREFS=""/>
            <SP HPOS="859" ID="SP_514.1.7.10" VPOS="731" WIDTH="18"/>
            <String CONTENT="even" HEIGHT="23" HPOS="877" ID="ST_514.1.7.11" STYLEREFS="Style_4" VPOS="731" WIDTH="83" WC="0.83" CC="0000" TAGREFS=""/>
            <SP HPOS="960" ID="SP_514.1.7.12" VPOS="719" WIDTH="18"/>
            <String CONTENT="for" HEIGHT="35" HPOS="978" ID="ST_514.1.7.13" STYLEREFS="Style_4" VPOS="719" WIDTH="53" WC="1.00" CC="000" TAGREFS=""/>
            <SP HPOS="1031" ID="SP_514.1.7.14" VPOS="719" WIDTH="17"/>
            <String CONTENT="short" HEIGHT="34" HPOS="1048" ID="ST_514.1.7.15" STYLEREFS="Style_4" VPOS="719" WIDTH="95" WC="1.00" CC="00000" TAGREFS=""/>
            <SP HPOS="1143" ID="SP_514.1.7.16" VPOS="719" WIDTH="17"/>
            <String CONTENT="distances" HEIGHT="34" HPOS="1160" ID="ST_514.1.7.17" STYLEREFS="Style_4" VPOS="719" WIDTH="172" WC="0.92" CC="000000000" TAGREFS=""/>
            <SP HPOS="1332" ID="SP_514.1.7.18" VPOS="718" WIDTH="17"/>
            <String CONTENT="is" HEIGHT="34" HPOS="1349" ID="ST_514.1.7.19" STYLEREFS="Style_4" VPOS="718" WIDTH="28" WC="1.00" CC="00" TAGREFS=""/>
            <SP HPOS="1377" ID="SP_514.1.7.20" VPOS="718" WIDTH="18"/>
            <String CONTENT="almost" HEIGHT="34" HPOS="1395" ID="ST_514.1.7.21" STYLEREFS="Style_4" VPOS="718" WIDTH="125" WC="0.92" CC="000000" TAGREFS=""/>
          </TextLine>
          <TextLine HEIGHT="47" HPOS="308" ID="TL_514.1.8" VPOS="768" WIDTH="1212">
            <String CONTENT="always" HEIGHT="43" HPOS="308" ID="ST_514.1.8.1" STYLEREFS="Style_4" VPOS="772" WIDTH="127" WC="0.93" CC="000000" TAGREFS=""/>
            <SP HPOS="435" ID="SP_514.1.8.2" VPOS="771" WIDTH="25"/>
            <String CONTENT="by" HEIGHT="43" HPOS="460" ID="ST_514.1.8.3" STYLEREFS="Style_4" VPOS="771" WIDTH="45" WC="1.00" CC="00" TAGREFS=""/>
            <SP HPOS="505" ID="SP_514.1.8.4" VPOS="776" WIDTH="23"/>
            <String CONTENT="motor" HEIGHT="29" HPOS="528" ID="ST_514.1.8.5" STYLEREFS="Style_4" VPOS="776" WIDTH="112" WC="0.87" CC="00000" TAGREFS=""/>
            <SP HPOS="640" ID="SP_514.1.8.6" VPOS="770" WIDTH="23"/>
            <String CONTENT="vehicle," HEIGHT="41" HPOS="663" ID="ST_514.1.8.7" STYLEREFS="Style_4" VPOS="770" WIDTH="142" WC="0.98" CC="00000000" TAGREFS=""/>
            <SP HPOS="805" ID="SP_514.1.8.8" VPOS="770" WIDTH="26"/>
            <String CONTENT="it" HEIGHT="34" HPOS="831" ID="ST_514.1.8.9" STYLEREFS="Style_4" VPOS="770" WIDTH="26" WC="1.00" CC="00" TAGREFS=""/>
            <SP HPOS="857" ID="SP_514.1.8.10" VPOS="770" WIDTH="24"/>
            <String CONTENT="is" HEIGHT="34" HPOS="881" ID="ST_514.1.8.11" STYLEREFS="Style_4" VPOS="770" WIDTH="27" WC="1.00" CC="00" TAGREFS=""/>
            <SP HPOS="908" ID="SP_514.1.8.12" VPOS="774" WIDTH="25"/>
            <String CONTENT="not" HEIGHT="30" HPOS="933" ID="ST_514.1.8.13" STYLEREFS="Style_4" VPOS="774" WIDTH="60" WC="0.94" CC="000" TAGREFS=""/>
            <SP HPOS="993" ID="SP_514.1.8.14" VPOS="769" WIDTH="23"/>
            <String CONTENT="reasonable" HEIGHT="34" HPOS="1016" ID="ST_514.1.8.15" STYLEREFS="Style_4" VPOS="769" WIDTH="203" WC="0.98" CC="0000000000" TAGREFS=""/>
            <SP HPOS="1219" ID="SP_514.1.8.16" VPOS="774" WIDTH="23"/>
            <String CONTENT="to" HEIGHT="29" HPOS="1242" ID="ST_514.1.8.17" STYLEREFS="Style_4" VPOS="774" WIDTH="36" WC="1.00" CC="00" TAGREFS=""/>
            <SP HPOS="1278" ID="SP_514.1.8.18" VPOS="768" WIDTH="24"/>
            <String CONTENT="require" HEIGHT="44" HPOS="1302" ID="ST_514.1.8.19" STYLEREFS="Style_4" VPOS="768" WIDTH="136" WC="1.00" CC="0000000" TAGREFS=""/>
            <SP HPOS="1438" ID="SP_514.1.8.20" VPOS="768" WIDTH="24"/>
            <String CONTENT="the" HEIGHT="34" HPOS="1462" ID="ST_514.1.8.21" STYLEREFS="Style_4" VPOS="768" WIDTH="58" WC="0.95" CC="000" TAGREFS=""/>
          </TextLine>
          <TextLine HEIGHT="48" HPOS="308" ID="TL_514.1.9" VPOS="817" WIDTH="1210">
            <String CONTENT="appellee" HEIGHT="44" HPOS="308" ID="ST_514.1.9.1" STYLEREFS="Style_4" VPOS="821" WIDTH="155" WC="0.89" CC="00000000" TAGREFS=""/>
            <SP HPOS="463" ID="SP_514.1.9.2" VPOS="820" WIDTH="13"/>
            <String CONTENT="and" HEIGHT="35" HPOS="476" ID="ST_514.1.9.3" STYLEREFS="Style_4" VPOS="820" WIDTH="69" WC="1.00" CC="000" TAGREFS=""/>
            <SP HPOS="545" ID="SP_514.1.9.4" VPOS="821" WIDTH="15"/>
            <String CONTENT="those" HEIGHT="34" HPOS="560" ID="ST_514.1.9.5" STYLEREFS="Style_4" VPOS="821" WIDTH="97" WC="1.00" CC="00000" TAGREFS=""/>
            <SP HPOS="657" ID="SP_514.1.9.6" VPOS="820" WIDTH="14"/>
            <String CONTENT="wishing" HEIGHT="43" HPOS="671" ID="ST_514.1.9.7" STYLEREFS="Style_4" VPOS="820" WIDTH="144" WC="0.87" CC="0000000" TAGREFS=""/>
            <SP HPOS="815" ID="SP_514.1.9.8" VPOS="825" WIDTH="15"/>
            <String CONTENT="to" HEIGHT="29" HPOS="830" ID="ST_514.1.9.9" STYLEREFS="Style_4" VPOS="825" WIDTH="35" WC="1.00" CC="00" TAGREFS=""/>
            <SP HPOS="865" ID="SP_514.1.9.10" VPOS="819" WIDTH="14"/>
            <String CONTENT="visit" HEIGHT="35" HPOS="879" ID="ST_514.1.9.11" STYLEREFS="Style_4" VPOS="819" WIDTH="78" WC="1.00" CC="00000" TAGREFS=""/>
            <SP HPOS="957" ID="SP_514.1.9.12" VPOS="819" WIDTH="14"/>
            <String CONTENT="her" HEIGHT="35" HPOS="971" ID="ST_514.1.9.13" STYLEREFS="Style_4" VPOS="819" WIDTH="61" WC="0.93" CC="000" TAGREFS=""/>
            <SP HPOS="1032" ID="SP_514.1.9.14" VPOS="824" WIDTH="14"/>
            <String CONTENT="to" HEIGHT="29" HPOS="1046" ID="ST_514.1.9.15" STYLEREFS="Style_4" VPOS="824" WIDTH="35" WC="1.00" CC="00" TAGREFS=""/>
            <SP HPOS="1081" ID="SP_514.1.9.16" VPOS="819" WIDTH="15"/>
            <String CONTENT="make" HEIGHT="34" HPOS="1096" ID="ST_514.1.9.17" STYLEREFS="Style_4" VPOS="819" WIDTH="103" WC="1.00" CC="0000" TAGREFS=""/>
            <SP HPOS="1199" ID="SP_514.1.9.18" VPOS="818" WIDTH="13"/>
            <String CONTENT="the" HEIGHT="35" HPOS="1212" ID="ST_514.1.9.19" STYLEREFS="Style_4" VPOS="818" WIDTH="59" WC="0.87" CC="000" TAGREFS=""/>
            <SP HPOS="1271" ID="SP_514.1.9.20" VPOS="818" WIDTH="14"/>
            <String CONTENT="trip" HEIGHT="44" HPOS="1285" ID="ST_514.1.9.21" STYLEREFS="Style_4" VPOS="818" WIDTH="68" WC="0.98" CC="0000" TAGREFS=""/>
            <SP HPOS="1353" ID="SP_514.1.9.22" VPOS="818" WIDTH="14"/>
            <String CONTENT="by" HEIGHT="43" HPOS="1367" ID="ST_514.1.9.23" STYLEREFS="Style_4" VPOS="818" WIDTH="45" WC="0.97" CC="00" TAGREFS=""/>
            <SP HPOS="1412" ID="SP_514.1.9.24" VPOS="817" WIDTH="14"/>
            <String CONTENT="boat." HEIGHT="35" HPOS="1426" ID="ST_514.1.9.25" STYLEREFS="Style_4" VPOS="817" WIDTH="92" WC="1.00" CC="00000" TAGREFS=""/>
          </TextLine>
        </TextBlock>
        <TextBlock HEIGHT="34.0" HPOS="307.0" ID="BL_514.2" TAGREFS="b514-1" VPOS="284.0" WIDTH="69.0">
          <TextLine HEIGHT="34" HPOS="307" ID="TL_514.2.1" VPOS="284" WIDTH="69">
            <String CONTENT="480" HEIGHT="34" HPOS="307" ID="ST_514.2.1.1" STYLEREFS="Style_4" VPOS="284" WIDTH="69" WC="0.83" CC="000" TAGREFS=""/>
          </TextLine>
        </TextBlock>
        <TextBlock HEIGHT="344.0" HPOS="306.0" ID="BL_514.4" TAGREFS="b514-6" VPOS="895.0" WIDTH="1214.0">
          <TextLine HEIGHT="47" HPOS="399" ID="TL_514.4.1" VPOS="895" WIDTH="1121">
            <String CONTENT="The" HEIGHT="34" HPOS="491" ID="ST_514.4.1.3" STYLEREFS="Style_4" VPOS="898" WIDTH="74" WC="1.00" CC="000" TAGREFS=""/>
            <SP HPOS="565" ID="SP_514.4.1.4" VPOS="897" WIDTH="14"/>
            <String CONTENT="appellants" HEIGHT="44" HPOS="579" ID="ST_514.4.1.5" STYLEREFS="Style_4" VPOS="897" WIDTH="193" WC="0.93" CC="0000000000" TAGREFS=""/>
            <SP HPOS="772" ID="SP_514.4.1.6" VPOS="897" WIDTH="14"/>
            <String CONTENT="insist" HEIGHT="34" HPOS="786" ID="ST_514.4.1.7" STYLEREFS="Style_4" VPOS="897" WIDTH="98" WC="1.00" CC="000000" TAGREFS=""/>
            <SP HPOS="884" ID="SP_514.4.1.8" VPOS="896" WIDTH="14"/>
            <String CONTENT="that" HEIGHT="35" HPOS="898" ID="ST_514.4.1.9" STYLEREFS="Style_4" VPOS="896" WIDTH="76" WC="0.87" CC="0000" TAGREFS=""/>
            <SP HPOS="974" ID="SP_514.4.1.10" VPOS="896" WIDTH="13"/>
            <String CONTENT="they" HEIGHT="43" HPOS="987" ID="ST_514.4.1.11" STYLEREFS="Style_4" VPOS="896" WIDTH="82" WC="0.84" CC="0000" TAGREFS=""/>
            <SP HPOS="1069" ID="SP_514.4.1.12" VPOS="896" WIDTH="14"/>
            <String CONTENT="have" HEIGHT="34" HPOS="1083" ID="ST_514.4.1.13" STYLEREFS="Style_4" VPOS="896" WIDTH="88" WC="0.91" CC="0000" TAGREFS=""/>
            <SP HPOS="1171" ID="SP_514.4.1.14" VPOS="896" WIDTH="13"/>
            <String CONTENT="been" HEIGHT="34" HPOS="1184" ID="ST_514.4.1.15" STYLEREFS="Style_4" VPOS="896" WIDTH="86" WC="1.00" CC="0000" TAGREFS=""/>
            <SP HPOS="1270" ID="SP_514.4.1.16" VPOS="895" WIDTH="15"/>
            <String CONTENT="willing" HEIGHT="43" HPOS="1285" ID="ST_514.4.1.17" STYLEREFS="Style_4" VPOS="895" WIDTH="128" WC="1.00" CC="0000000" TAGREFS=""/>
            <SP HPOS="1413" ID="SP_514.4.1.18" VPOS="895" WIDTH="14"/>
            <String CONTENT="since" HEIGHT="34" HPOS="1427" ID="ST_514.4.1.19" STYLEREFS="Style_4" VPOS="895" WIDTH="93" WC="0.88" CC="00000" TAGREFS=""/>
          </TextLine>
          <TextLine HEIGHT="46" HPOS="312" ID="TL_514.4.2" VPOS="945" WIDTH="1207">
            <String CONTENT="1975" HEIGHT="34" HPOS="312" ID="ST_514.4.2.1" STYLEREFS="Style_4" VPOS="949" WIDTH="86" WC="1.00" CC="9900" TAGREFS=""/>
            <SP HPOS="398" ID="SP_514.4.2.2" VPOS="953" WIDTH="22"/>
            <String CONTENT="to" HEIGHT="29" HPOS="420" ID="ST_514.4.2.3" STYLEREFS="Style_4" VPOS="953" WIDTH="35" WC="1.00" CC="00" TAGREFS=""/>
            <SP HPOS="455" ID="SP_514.4.2.4" VPOS="947" WIDTH="20"/>
            <String CONTENT="permit" HEIGHT="44" HPOS="475" ID="ST_514.4.2.5" STYLEREFS="Style_4" VPOS="947" WIDTH="126" WC="0.91" CC="000000" TAGREFS=""/>
            <SP HPOS="601" ID="SP_514.4.2.6" VPOS="947" WIDTH="19"/>
            <String CONTENT="the" HEIGHT="35" HPOS="620" ID="ST_514.4.2.7" STYLEREFS="Style_4" VPOS="947" WIDTH="59" WC="1.00" CC="000" TAGREFS=""/>
            <SP HPOS="679" ID="SP_514.4.2.8" VPOS="947" WIDTH="19"/>
            <String CONTENT="appellee" HEIGHT="44" HPOS="698" ID="ST_514.4.2.9" STYLEREFS="Style_4" VPOS="947" WIDTH="156" WC="0.94" CC="00000000" TAGREFS=""/>
            <SP HPOS="854" ID="SP_514.4.2.10" VPOS="952" WIDTH="19"/>
            <String CONTENT="to" HEIGHT="29" HPOS="873" ID="ST_514.4.2.11" STYLEREFS="Style_4" VPOS="952" WIDTH="36" WC="1.00" CC="00" TAGREFS=""/>
            <SP HPOS="909" ID="SP_514.4.2.12" VPOS="946" WIDTH="20"/>
            <String CONTENT="reach" HEIGHT="35" HPOS="929" ID="ST_514.4.2.13" STYLEREFS="Style_4" VPOS="946" WIDTH="103" WC="0.97" CC="00000" TAGREFS=""/>
            <SP HPOS="1032" ID="SP_514.4.2.14" VPOS="946" WIDTH="20"/>
            <String CONTENT="her" HEIGHT="34" HPOS="1052" ID="ST_514.4.2.15" STYLEREFS="Style_4" VPOS="946" WIDTH="61" WC="0.94" CC="000" TAGREFS=""/>
            <SP HPOS="1113" ID="SP_514.4.2.16" VPOS="950" WIDTH="20"/>
            <String CONTENT="property" HEIGHT="39" HPOS="1133" ID="ST_514.4.2.17" STYLEREFS="Style_4" VPOS="950" WIDTH="162" WC="0.92" CC="00000000" TAGREFS=""/>
            <SP HPOS="1295" ID="SP_514.4.2.18" VPOS="945" WIDTH="19"/>
            <String CONTENT="by" HEIGHT="44" HPOS="1314" ID="ST_514.4.2.19" STYLEREFS="Style_4" VPOS="945" WIDTH="46" WC="1.00" CC="00" TAGREFS=""/>
            <SP HPOS="1360" ID="SP_514.4.2.20" VPOS="945" WIDTH="19"/>
            <String CONTENT="using" HEIGHT="43" HPOS="1379" ID="ST_514.4.2.21" STYLEREFS="Style_4" VPOS="945" WIDTH="100" WC="0.86" CC="00000" TAGREFS=""/>
            <SP HPOS="1479" ID="SP_514.4.2.22" VPOS="955" WIDTH="20"/>
            <String CONTENT="a" HEIGHT="24" HPOS="1499" ID="ST_514.4.2.23" STYLEREFS="Style_4" VPOS="955" WIDTH="20" WC="1.00" CC="0" TAGREFS=""/>
          </TextLine>
          <TextLine HEIGHT="38" HPOS="307" ID="TL_514.4.3" VPOS="994" WIDTH="1212">
            <String CONTENT="second" HEIGHT="35" HPOS="307" ID="ST_514.4.3.1" STYLEREFS="Style_4" VPOS="997" WIDTH="127" WC="0.91" CC="000000" TAGREFS=""/>
            <SP HPOS="434" ID="SP_514.4.3.2" VPOS="997" WIDTH="11"/>
            <String CONTENT="trail" HEIGHT="35" HPOS="445" ID="ST_514.4.3.3" STYLEREFS="Style_4" VPOS="997" WIDTH="80" WC="0.94" CC="00000" TAGREFS=""/>
            <SP HPOS="525" ID="SP_514.4.3.4" VPOS="997" WIDTH="12"/>
            <String CONTENT="that" HEIGHT="35" HPOS="537" ID="ST_514.4.3.5" STYLEREFS="Style_4" VPOS="997" WIDTH="76" WC="0.94" CC="0000" TAGREFS=""/>
            <SP HPOS="613" ID="SP_514.4.3.6" VPOS="1007" WIDTH="11"/>
            <String CONTENT="crosses" HEIGHT="24" HPOS="624" ID="ST_514.4.3.7" STYLEREFS="Style_4" VPOS="1007" WIDTH="131" WC="0.92" CC="0000000" TAGREFS=""/>
            <SP HPOS="755" ID="SP_514.4.3.8" VPOS="996" WIDTH="11"/>
            <String CONTENT="their" HEIGHT="35" HPOS="766" ID="ST_514.4.3.9" STYLEREFS="Style_4" VPOS="996" WIDTH="89" WC="0.91" CC="00000" TAGREFS=""/>
            <SP HPOS="855" ID="SP_514.4.3.10" VPOS="996" WIDTH="12"/>
            <String CONTENT="land" HEIGHT="35" HPOS="867" ID="ST_514.4.3.11" STYLEREFS="Style_4" VPOS="996" WIDTH="81" WC="1.00" CC="0000" TAGREFS=""/>
            <SP HPOS="948" ID="SP_514.4.3.12" VPOS="996" WIDTH="13"/>
            <String CONTENT="and" HEIGHT="35" HPOS="961" ID="ST_514.4.3.13" STYLEREFS="Style_4" VPOS="996" WIDTH="68" WC="1.00" CC="000" TAGREFS=""/>
            <SP HPOS="1029" ID="SP_514.4.3.14" VPOS="996" WIDTH="12"/>
            <String CONTENT="then" HEIGHT="34" HPOS="1041" ID="ST_514.4.3.15" STYLEREFS="Style_4" VPOS="996" WIDTH="83" WC="0.79" CC="0000" TAGREFS=""/>
            <SP HPOS="1124" ID="SP_514.4.3.16" VPOS="995" WIDTH="12"/>
            <String CONTENT="another" HEIGHT="35" HPOS="1136" ID="ST_514.4.3.17" STYLEREFS="Style_4" VPOS="995" WIDTH="145" WC="0.81" CC="0000000" TAGREFS=""/>
            <SP HPOS="1281" ID="SP_514.4.3.18" VPOS="994" WIDTH="12"/>
            <String CONTENT="landowner’s" HEIGHT="35" HPOS="1293" ID="ST_514.4.3.19" STYLEREFS="Style_4" VPOS="994" WIDTH="226" WC="0.82" CC="00000000090" TAGREFS=""/>
          </TextLine>
          <TextLine HEIGHT="47" HPOS="308" ID="TL_514.4.4" VPOS="1044" WIDTH="1211">
            <String CONTENT="property." HEIGHT="38" HPOS="308" ID="ST_514.4.4.1" STYLEREFS="Style_4" VPOS="1053" WIDTH="171" WC="0.93" CC="000000000" TAGREFS=""/>
            <SP HPOS="479" ID="SP_514.4.4.2" VPOS="1048" WIDTH="11"/>
            <String CONTENT="Any" HEIGHT="43" HPOS="490" ID="ST_514.4.4.3" STYLEREFS="Style_4" VPOS="1048" WIDTH="81" WC="0.90" CC="000" TAGREFS=""/>
            <SP HPOS="571" ID="SP_514.4.4.4" VPOS="1047" WIDTH="10"/>
            <String CONTENT="such" HEIGHT="34" HPOS="581" ID="ST_514.4.4.5" STYLEREFS="Style_4" VPOS="1047" WIDTH="84" WC="1.00" CC="0000" TAGREFS=""/>
            <SP HPOS="665" ID="SP_514.4.4.6" VPOS="1058" WIDTH="11"/>
            <String CONTENT="use" HEIGHT="23" HPOS="676" ID="ST_514.4.4.7" STYLEREFS="Style_4" VPOS="1058" WIDTH="61" WC="1.00" CC="000" TAGREFS=""/>
            <SP HPOS="737" ID="SP_514.4.4.8" VPOS="1046" WIDTH="9"/>
            <String CONTENT="of" HEIGHT="35" HPOS="746" ID="ST_514.4.4.9" STYLEREFS="Style_4" VPOS="1046" WIDTH="39" WC="1.00" CC="00" TAGREFS=""/>
            <SP HPOS="785" ID="SP_514.4.4.10" VPOS="1046" WIDTH="7"/>
            <String CONTENT="neighboring" HEIGHT="44" HPOS="792" ID="ST_514.4.4.11" STYLEREFS="Style_4" VPOS="1046" WIDTH="227" WC="0.96" CC="00000000000" TAGREFS=""/>
            <SP HPOS="1019" ID="SP_514.4.4.12" VPOS="1050" WIDTH="10"/>
            <String CONTENT="property" HEIGHT="39" HPOS="1029" ID="ST_514.4.4.13" STYLEREFS="Style_4" VPOS="1050" WIDTH="161" WC="0.94" CC="00000000" TAGREFS=""/>
            <SP HPOS="1190" ID="SP_514.4.4.14" VPOS="1045" WIDTH="10"/>
            <String CONTENT="would" HEIGHT="34" HPOS="1200" ID="ST_514.4.4.15" STYLEREFS="Style_4" VPOS="1045" WIDTH="114" WC="0.98" CC="00000" TAGREFS=""/>
            <SP HPOS="1314" ID="SP_514.4.4.16" VPOS="1045" WIDTH="10"/>
            <String CONTENT="be" HEIGHT="34" HPOS="1324" ID="ST_514.4.4.17" STYLEREFS="Style_4" VPOS="1045" WIDTH="44" WC="1.00" CC="00" TAGREFS=""/>
            <SP HPOS="1368" ID="SP_514.4.4.18" VPOS="1044" WIDTH="9"/>
            <String CONTENT="permis­" HEIGHT="45" HPOS="1377" ID="ST_514.4.4.19" STYLEREFS="Style_4" VPOS="1044" WIDTH="142" WC="1.0" CC="0000000" TAGREFS=""/>
          </TextLine>
          <TextLine HEIGHT="45" HPOS="307" ID="TL_514.4.5" VPOS="1095" WIDTH="1213">
            <String CONTENT="sive" HEIGHT="34" HPOS="307" ID="ST_514.4.5.1" STYLEREFS="Style_4" VPOS="1098" WIDTH="71" WC="0.99" CC="0000" TAGREFS=""/>
            <SP HPOS="378" ID="SP_514.4.5.2" VPOS="1097" WIDTH="10"/>
            <String CONTENT="and" HEIGHT="35" HPOS="388" ID="ST_514.4.5.3" STYLEREFS="Style_4" VPOS="1097" WIDTH="68" WC="0.83" CC="000" TAGREFS=""/>
            <SP HPOS="456" ID="SP_514.4.5.4" VPOS="1097" WIDTH="10"/>
            <String CONTENT="revocable." HEIGHT="34" HPOS="466" ID="ST_514.4.5.5" STYLEREFS="Style_4" VPOS="1097" WIDTH="190" WC="1.00" CC="0000000000" TAGREFS=""/>
            <SP HPOS="656" ID="SP_514.4.5.6" VPOS="1097" WIDTH="11"/>
            <String CONTENT="The" HEIGHT="34" HPOS="667" ID="ST_514.4.5.7" STYLEREFS="Style_4" VPOS="1097" WIDTH="75" WC="1.00" CC="000" TAGREFS=""/>
            <SP HPOS="742" ID="SP_514.4.5.8" VPOS="1096" WIDTH="10"/>
            <String CONTENT="appellee" HEIGHT="44" HPOS="752" ID="ST_514.4.5.9" STYLEREFS="Style_4" VPOS="1096" WIDTH="155" WC="0.95" CC="00000000" TAGREFS=""/>
            <SP HPOS="907" ID="SP_514.4.5.10" VPOS="1096" WIDTH="9"/>
            <String CONTENT="is" HEIGHT="34" HPOS="916" ID="ST_514.4.5.11" STYLEREFS="Style_4" VPOS="1096" WIDTH="28" WC="0.97" CC="00" TAGREFS=""/>
            <SP HPOS="944" ID="SP_514.4.5.12" VPOS="1095" WIDTH="11"/>
            <String CONTENT="entitled" HEIGHT="35" HPOS="955" ID="ST_514.4.5.13" STYLEREFS="Style_4" VPOS="1095" WIDTH="144" WC="0.95" CC="00000000" TAGREFS=""/>
            <SP HPOS="1099" ID="SP_514.4.5.14" VPOS="1100" WIDTH="10"/>
            <String CONTENT="to" HEIGHT="30" HPOS="1109" ID="ST_514.4.5.15" STYLEREFS="Style_4" VPOS="1100" WIDTH="36" WC="1.00" CC="00" TAGREFS=""/>
            <SP HPOS="1145" ID="SP_514.4.5.16" VPOS="1095" WIDTH="10"/>
            <String CONTENT="obtain" HEIGHT="34" HPOS="1155" ID="ST_514.4.5.17" STYLEREFS="Style_4" VPOS="1095" WIDTH="118" WC="0.95" CC="000000" TAGREFS=""/>
            <SP HPOS="1273" ID="SP_514.4.5.18" VPOS="1106" WIDTH="12"/>
            <String CONTENT="a" HEIGHT="23" HPOS="1285" ID="ST_514.4.5.19" STYLEREFS="Style_4" VPOS="1106" WIDTH="20" WC="1.00" CC="0" TAGREFS=""/>
            <SP HPOS="1305" ID="SP_514.4.5.20" VPOS="1099" WIDTH="11"/>
            <String CONTENT="permanent" HEIGHT="39" HPOS="1316" ID="ST_514.4.5.21" STYLEREFS="Style_4" VPOS="1099" WIDTH="204" WC="0.91" CC="000000000" TAGREFS=""/>
          </TextLine>
          <TextLine HEIGHT="46" HPOS="307" ID="TL_514.4.6" VPOS="1144" WIDTH="1213">
            <String CONTENT="right-of-way" HEIGHT="44" HPOS="307" ID="ST_514.4.6.1" STYLEREFS="Style_4" VPOS="1146" WIDTH="238" WC="0.95" CC="000000000000" TAGREFS=""/>
            <SP HPOS="545" ID="SP_514.4.6.2" VPOS="1147" WIDTH="9"/>
            <String CONTENT="by" HEIGHT="43" HPOS="554" ID="ST_514.4.6.3" STYLEREFS="Style_4" VPOS="1147" WIDTH="45" WC="0.94" CC="00" TAGREFS=""/>
            <SP HPOS="599" ID="SP_514.4.6.4" VPOS="1146" WIDTH="8"/>
            <String CONTENT="proceeding" HEIGHT="44" HPOS="607" ID="ST_514.4.6.5" STYLEREFS="Style_4" VPOS="1146" WIDTH="206" WC="1.00" CC="0000000000" TAGREFS=""/>
            <SP HPOS="813" ID="SP_514.4.6.6" VPOS="1145" WIDTH="9"/>
            <String CONTENT="under" HEIGHT="35" HPOS="822" ID="ST_514.4.6.7" STYLEREFS="Style_4" VPOS="1145" WIDTH="109" WC="0.88" CC="00000" TAGREFS=""/>
            <SP HPOS="931" ID="SP_514.4.6.8" VPOS="1145" WIDTH="9"/>
            <String CONTENT="the" HEIGHT="35" HPOS="940" ID="ST_514.4.6.9" STYLEREFS="Style_4" VPOS="1145" WIDTH="59" WC="0.88" CC="000" TAGREFS=""/>
            <SP HPOS="999" ID="SP_514.4.6.10" VPOS="1150" WIDTH="8"/>
            <String CONTENT="statute" HEIGHT="30" HPOS="1007" ID="ST_514.4.6.11" STYLEREFS="Style_4" VPOS="1150" WIDTH="131" WC="0.94" CC="0000000" TAGREFS=""/>
            <SP HPOS="1138" ID="SP_514.4.6.12" VPOS="1145" WIDTH="8"/>
            <String CONTENT="and" HEIGHT="34" HPOS="1146" ID="ST_514.4.6.13" STYLEREFS="Style_4" VPOS="1145" WIDTH="69" WC="0.77" CC="000" TAGREFS=""/>
            <SP HPOS="1215" ID="SP_514.4.6.14" VPOS="1145" WIDTH="8"/>
            <String CONTENT="paying" HEIGHT="43" HPOS="1223" ID="ST_514.4.6.15" STYLEREFS="Style_4" VPOS="1145" WIDTH="128" WC="0.85" CC="000000" TAGREFS=""/>
            <SP HPOS="1351" ID="SP_514.4.6.16" VPOS="1144" WIDTH="8"/>
            <String CONTENT="what" HEIGHT="34" HPOS="1359" ID="ST_514.4.6.17" STYLEREFS="Style_4" VPOS="1144" WIDTH="93" WC="0.89" CC="0000" TAGREFS=""/>
            <SP HPOS="1452" ID="SP_514.4.6.18" VPOS="1144" WIDTH="9"/>
            <String CONTENT="the" HEIGHT="34" HPOS="1461" ID="ST_514.4.6.19" STYLEREFS="Style_4" VPOS="1144" WIDTH="59" WC="0.98" CC="000" TAGREFS=""/>
          </TextLine>
          <TextLine HEIGHT="44" HPOS="306" ID="TL_514.4.7" VPOS="1195" WIDTH="928">
            <String CONTENT="viewers" HEIGHT="34" HPOS="306" ID="ST_514.4.7.1" STYLEREFS="Style_4" VPOS="1197" WIDTH="140" WC="0.98" CC="0000000" TAGREFS=""/>
            <SP HPOS="446" ID="SP_514.4.7.2" VPOS="1196" WIDTH="21"/>
            <String CONTENT="have" HEIGHT="34" HPOS="467" ID="ST_514.4.7.3" STYLEREFS="Style_4" VPOS="1196" WIDTH="87" WC="1.00" CC="0000" TAGREFS=""/>
            <SP HPOS="554" ID="SP_514.4.7.4" VPOS="1195" WIDTH="19"/>
            <String CONTENT="fixed" HEIGHT="35" HPOS="573" ID="ST_514.4.7.5" STYLEREFS="Style_4" VPOS="1195" WIDTH="91" WC="1.00" CC="00000" TAGREFS=""/>
            <SP HPOS="664" ID="SP_514.4.7.6" VPOS="1207" WIDTH="20"/>
            <String CONTENT="as" HEIGHT="23" HPOS="684" ID="ST_514.4.7.7" STYLEREFS="Style_4" VPOS="1207" WIDTH="38" WC="1.00" CC="00" TAGREFS=""/>
            <SP HPOS="722" ID="SP_514.4.7.8" VPOS="1195" WIDTH="21"/>
            <String CONTENT="reasonable" HEIGHT="35" HPOS="743" ID="ST_514.4.7.9" STYLEREFS="Style_4" VPOS="1195" WIDTH="201" WC="0.95" CC="0000000000" TAGREFS=""/>
            <SP HPOS="944" ID="SP_514.4.7.10" VPOS="1195" WIDTH="19"/>
            <String CONTENT="compensation." HEIGHT="44" HPOS="963" ID="ST_514.4.7.11" STYLEREFS="Style_4" VPOS="1195" WIDTH="271" WC="0.90" CC="0000000000000" TAGREFS=""/>
          </TextLine>
        </TextBlock>
        <TextBlock HEIGHT="591.0" HPOS="307.0" ID="BL_514.5" TAGREFS="b514-7" VPOS="1270.0" WIDTH="1215.0">
          <TextLine HEIGHT="46" HPOS="399" ID="TL_514.5.1" VPOS="1270" WIDTH="1121">
            <String CONTENT="A" HEIGHT="33" HPOS="491" ID="ST_514.5.1.3" STYLEREFS="Style_4" VPOS="1274" WIDTH="33" WC="1.00" CC="0" TAGREFS=""/>
            <SP HPOS="524" ID="SP_514.5.1.4" VPOS="1273" WIDTH="22"/>
            <String CONTENT="last" HEIGHT="34" HPOS="546" ID="ST_514.5.1.5" STYLEREFS="Style_4" VPOS="1273" WIDTH="67" WC="1.00" CC="0000" TAGREFS=""/>
            <SP HPOS="613" ID="SP_514.5.1.6" VPOS="1277" WIDTH="21"/>
            <String CONTENT="argument" HEIGHT="38" HPOS="634" ID="ST_514.5.1.7" STYLEREFS="Style_4" VPOS="1277" WIDTH="183" WC="0.90" CC="00000000" TAGREFS=""/>
            <SP HPOS="817" ID="SP_514.5.1.8" VPOS="1272" WIDTH="22"/>
            <String CONTENT="is" HEIGHT="34" HPOS="839" ID="ST_514.5.1.9" STYLEREFS="Style_4" VPOS="1272" WIDTH="28" WC="0.92" CC="00" TAGREFS=""/>
            <SP HPOS="867" ID="SP_514.5.1.10" VPOS="1272" WIDTH="22"/>
            <String CONTENT="that" HEIGHT="34" HPOS="889" ID="ST_514.5.1.11" STYLEREFS="Style_4" VPOS="1272" WIDTH="76" WC="0.94" CC="0000" TAGREFS=""/>
            <SP HPOS="965" ID="SP_514.5.1.12" VPOS="1271" WIDTH="21"/>
            <String CONTENT="the" HEIGHT="34" HPOS="986" ID="ST_514.5.1.13" STYLEREFS="Style_4" VPOS="1271" WIDTH="60" WC="1.00" CC="000" TAGREFS=""/>
            <SP HPOS="1046" ID="SP_514.5.1.14" VPOS="1271" WIDTH="21"/>
            <String CONTENT="trial" HEIGHT="34" HPOS="1067" ID="ST_514.5.1.15" STYLEREFS="Style_4" VPOS="1271" WIDTH="79" WC="1.00" CC="00000" TAGREFS=""/>
            <SP HPOS="1146" ID="SP_514.5.1.16" VPOS="1276" WIDTH="22"/>
            <String CONTENT="court" HEIGHT="29" HPOS="1168" ID="ST_514.5.1.17" STYLEREFS="Style_4" VPOS="1276" WIDTH="98" WC="0.95" CC="00000" TAGREFS=""/>
            <SP HPOS="1266" ID="SP_514.5.1.18" VPOS="1270" WIDTH="22"/>
            <String CONTENT="should" HEIGHT="35" HPOS="1288" ID="ST_514.5.1.19" STYLEREFS="Style_4" VPOS="1270" WIDTH="123" WC="0.95" CC="000000" TAGREFS=""/>
            <SP HPOS="1411" ID="SP_514.5.1.20" VPOS="1270" WIDTH="22"/>
            <String CONTENT="have" HEIGHT="34" HPOS="1433" ID="ST_514.5.1.21" STYLEREFS="Style_4" VPOS="1270" WIDTH="87" WC="0.97" CC="0000" TAGREFS=""/>
          </TextLine>
          <TextLine HEIGHT="43" HPOS="308" ID="TL_514.5.2" VPOS="1320" WIDTH="1211">
            <String CONTENT="admitted" HEIGHT="34" HPOS="308" ID="ST_514.5.2.1" STYLEREFS="Style_4" VPOS="1322" WIDTH="170" WC="1.00" CC="00000000" TAGREFS=""/>
            <SP HPOS="478" ID="SP_514.5.2.2" VPOS="1322" WIDTH="15"/>
            <String CONTENT="into" HEIGHT="34" HPOS="493" ID="ST_514.5.2.3" STYLEREFS="Style_4" VPOS="1322" WIDTH="72" WC="0.90" CC="0000" TAGREFS=""/>
            <SP HPOS="565" ID="SP_514.5.2.4" VPOS="1321" WIDTH="14"/>
            <String CONTENT="evidence" HEIGHT="35" HPOS="579" ID="ST_514.5.2.5" STYLEREFS="Style_4" VPOS="1321" WIDTH="162" WC="0.90" CC="00000000" TAGREFS=""/>
            <SP HPOS="741" ID="SP_514.5.2.6" VPOS="1332" WIDTH="15"/>
            <String CONTENT="a" HEIGHT="23" HPOS="756" ID="ST_514.5.2.7" STYLEREFS="Style_4" VPOS="1332" WIDTH="20" WC="1.00" CC="0" TAGREFS=""/>
            <SP HPOS="776" ID="SP_514.5.2.8" VPOS="1332" WIDTH="14"/>
            <String CONTENT="sworn" HEIGHT="23" HPOS="790" ID="ST_514.5.2.9" STYLEREFS="Style_4" VPOS="1332" WIDTH="111" WC="0.87" CC="00000" TAGREFS=""/>
            <SP HPOS="901" ID="SP_514.5.2.10" VPOS="1325" WIDTH="15"/>
            <String CONTENT="statement" HEIGHT="30" HPOS="916" ID="ST_514.5.2.11" STYLEREFS="Style_4" VPOS="1325" WIDTH="186" WC="0.92" CC="000000000" TAGREFS=""/>
            <SP HPOS="1102" ID="SP_514.5.2.12" VPOS="1320" WIDTH="15"/>
            <String CONTENT="made" HEIGHT="34" HPOS="1117" ID="ST_514.5.2.13" STYLEREFS="Style_4" VPOS="1320" WIDTH="103" WC="0.98" CC="0000" TAGREFS=""/>
            <SP HPOS="1220" ID="SP_514.5.2.14" VPOS="1320" WIDTH="14"/>
            <String CONTENT="by" HEIGHT="43" HPOS="1234" ID="ST_514.5.2.15" STYLEREFS="Style_4" VPOS="1320" WIDTH="45" WC="0.84" CC="00" TAGREFS=""/>
            <SP HPOS="1279" ID="SP_514.5.2.16" VPOS="1320" WIDTH="14"/>
            <String CONTENT="A.O." HEIGHT="34" HPOS="1293" ID="ST_514.5.2.17" STYLEREFS="Style_4" VPOS="1320" WIDTH="91" WC="0.97" CC="0000" TAGREFS=""/>
            <SP HPOS="1384" ID="SP_514.5.2.18" VPOS="1320" WIDTH="16"/>
            <String CONTENT="Clark," HEIGHT="40" HPOS="1400" ID="ST_514.5.2.19" STYLEREFS="Style_4" VPOS="1320" WIDTH="119" WC="0.82" CC="000000" TAGREFS=""/>
          </TextLine>
          <TextLine HEIGHT="43" HPOS="307" ID="TL_514.5.3" VPOS="1369" WIDTH="1213">
            <String CONTENT="now" HEIGHT="24" HPOS="307" ID="ST_514.5.3.1" STYLEREFS="Style_4" VPOS="1382" WIDTH="76" WC="0.87" CC="000" TAGREFS=""/>
            <SP HPOS="383" ID="SP_514.5.3.2" VPOS="1370" WIDTH="27"/>
            <String CONTENT="deceased," HEIGHT="42" HPOS="410" ID="ST_514.5.3.3" STYLEREFS="Style_4" VPOS="1370" WIDTH="179" WC="0.99" CC="000000000" TAGREFS=""/>
            <SP HPOS="589" ID="SP_514.5.3.4" VPOS="1370" WIDTH="29"/>
            <String CONTENT="who" HEIGHT="35" HPOS="618" ID="ST_514.5.3.5" STYLEREFS="Style_4" VPOS="1370" WIDTH="76" WC="1.00" CC="000" TAGREFS=""/>
            <SP HPOS="694" ID="SP_514.5.3.6" VPOS="1381" WIDTH="27"/>
            <String CONTENT="once" HEIGHT="24" HPOS="721" ID="ST_514.5.3.7" STYLEREFS="Style_4" VPOS="1381" WIDTH="86" WC="0.90" CC="0000" TAGREFS=""/>
            <SP HPOS="807" ID="SP_514.5.3.8" VPOS="1370" WIDTH="27"/>
            <String CONTENT="owned" HEIGHT="35" HPOS="834" ID="ST_514.5.3.9" STYLEREFS="Style_4" VPOS="1370" WIDTH="121" WC="0.98" CC="00000" TAGREFS=""/>
            <SP HPOS="955" ID="SP_514.5.3.10" VPOS="1370" WIDTH="27"/>
            <String CONTENT="all" HEIGHT="35" HPOS="982" ID="ST_514.5.3.11" STYLEREFS="Style_4" VPOS="1370" WIDTH="46" WC="1.00" CC="000" TAGREFS=""/>
            <SP HPOS="1028" ID="SP_514.5.3.12" VPOS="1370" WIDTH="27"/>
            <String CONTENT="the" HEIGHT="34" HPOS="1055" ID="ST_514.5.3.13" STYLEREFS="Style_4" VPOS="1370" WIDTH="60" WC="1.00" CC="000" TAGREFS=""/>
            <SP HPOS="1115" ID="SP_514.5.3.14" VPOS="1369" WIDTH="27"/>
            <String CONTENT="land" HEIGHT="35" HPOS="1142" ID="ST_514.5.3.15" STYLEREFS="Style_4" VPOS="1369" WIDTH="81" WC="0.80" CC="0000" TAGREFS=""/>
            <SP HPOS="1223" ID="SP_514.5.3.16" VPOS="1369" WIDTH="27"/>
            <String CONTENT="involved." HEIGHT="35" HPOS="1250" ID="ST_514.5.3.17" STYLEREFS="Style_4" VPOS="1369" WIDTH="167" WC="0.94" CC="000000000" TAGREFS=""/>
            <SP HPOS="1417" ID="SP_514.5.3.18" VPOS="1369" WIDTH="29"/>
            <String CONTENT="The" HEIGHT="34" HPOS="1446" ID="ST_514.5.3.19" STYLEREFS="Style_4" VPOS="1369" WIDTH="74" WC="0.94" CC="000" TAGREFS=""/>
          </TextLine>
          <TextLine HEIGHT="46" HPOS="307" ID="TL_514.5.4" VPOS="1418" WIDTH="1212">
            <String CONTENT="statement" HEIGHT="30" HPOS="307" ID="ST_514.5.4.1" STYLEREFS="Style_4" VPOS="1426" WIDTH="187" WC="0.98" CC="000000000" TAGREFS=""/>
            <SP HPOS="494" ID="SP_514.5.4.2" VPOS="1431" WIDTH="11"/>
            <String CONTENT="was" HEIGHT="24" HPOS="505" ID="ST_514.5.4.3" STYLEREFS="Style_4" VPOS="1431" WIDTH="69" WC="1.00" CC="000" TAGREFS=""/>
            <SP HPOS="574" ID="SP_514.5.4.4" VPOS="1420" WIDTH="12"/>
            <String CONTENT="apparently" HEIGHT="44" HPOS="586" ID="ST_514.5.4.5" STYLEREFS="Style_4" VPOS="1420" WIDTH="204" WC="0.98" CC="0000000000" TAGREFS=""/>
            <SP HPOS="790" ID="SP_514.5.4.6" VPOS="1420" WIDTH="10"/>
            <String CONTENT="offered" HEIGHT="34" HPOS="800" ID="ST_514.5.4.7" STYLEREFS="Style_4" VPOS="1420" WIDTH="132" WC="0.82" CC="0000000" TAGREFS=""/>
            <SP HPOS="932" ID="SP_514.5.4.8" VPOS="1425" WIDTH="11"/>
            <String CONTENT="to" HEIGHT="29" HPOS="943" ID="ST_514.5.4.9" STYLEREFS="Style_4" VPOS="1425" WIDTH="36" WC="1.00" CC="00" TAGREFS=""/>
            <SP HPOS="979" ID="SP_514.5.4.10" VPOS="1420" WIDTH="10"/>
            <String CONTENT="show" HEIGHT="34" HPOS="989" ID="ST_514.5.4.11" STYLEREFS="Style_4" VPOS="1420" WIDTH="93" WC="1.00" CC="0000" TAGREFS=""/>
            <SP HPOS="1082" ID="SP_514.5.4.12" VPOS="1420" WIDTH="11"/>
            <String CONTENT="that" HEIGHT="34" HPOS="1093" ID="ST_514.5.4.13" STYLEREFS="Style_4" VPOS="1420" WIDTH="77" WC="0.94" CC="0000" TAGREFS=""/>
            <SP HPOS="1170" ID="SP_514.5.4.14" VPOS="1419" WIDTH="11"/>
            <String CONTENT="Clark" HEIGHT="35" HPOS="1181" ID="ST_514.5.4.15" STYLEREFS="Style_4" VPOS="1419" WIDTH="109" WC="0.94" CC="00000" TAGREFS=""/>
            <SP HPOS="1290" ID="SP_514.5.4.16" VPOS="1418" WIDTH="9"/>
            <String CONTENT="constructed" HEIGHT="35" HPOS="1299" ID="ST_514.5.4.17" STYLEREFS="Style_4" VPOS="1418" WIDTH="220" WC="0.93" CC="00000000000" TAGREFS=""/>
          </TextLine>
          <TextLine HEIGHT="44" HPOS="308" ID="TL_514.5.5" VPOS="1468" WIDTH="1214">
            <String CONTENT="a" HEIGHT="23" HPOS="308" ID="ST_514.5.5.1" STYLEREFS="Style_4" VPOS="1482" WIDTH="20" WC="1.00" CC="0" TAGREFS=""/>
            <SP HPOS="328" ID="SP_514.5.5.2" VPOS="1470" WIDTH="13"/>
            <String CONTENT="road" HEIGHT="35" HPOS="341" ID="ST_514.5.5.3" STYLEREFS="Style_4" VPOS="1470" WIDTH="83" WC="0.87" CC="0000" TAGREFS=""/>
            <SP HPOS="424" ID="SP_514.5.5.4" VPOS="1470" WIDTH="12"/>
            <String CONTENT="which" HEIGHT="35" HPOS="436" ID="ST_514.5.5.5" STYLEREFS="Style_4" VPOS="1470" WIDTH="112" WC="0.87" CC="00000" TAGREFS=""/>
            <SP HPOS="548" ID="SP_514.5.5.6" VPOS="1470" WIDTH="12"/>
            <String CONTENT="he" HEIGHT="35" HPOS="560" ID="ST_514.5.5.7" STYLEREFS="Style_4" VPOS="1470" WIDTH="44" WC="0.90" CC="00" TAGREFS=""/>
            <SP HPOS="604" ID="SP_514.5.5.8" VPOS="1470" WIDTH="11"/>
            <String CONTENT="intended" HEIGHT="35" HPOS="615" ID="ST_514.5.5.9" STYLEREFS="Style_4" VPOS="1470" WIDTH="163" WC="1.00" CC="00000000" TAGREFS=""/>
            <SP HPOS="778" ID="SP_514.5.5.10" VPOS="1481" WIDTH="13"/>
            <String CONTENT="as" HEIGHT="23" HPOS="791" ID="ST_514.5.5.11" STYLEREFS="Style_4" VPOS="1481" WIDTH="38" WC="1.00" CC="00" TAGREFS=""/>
            <SP HPOS="829" ID="SP_514.5.5.12" VPOS="1481" WIDTH="12"/>
            <String CONTENT="a" HEIGHT="23" HPOS="841" ID="ST_514.5.5.13" STYLEREFS="Style_4" VPOS="1481" WIDTH="21" WC="1.00" CC="0" TAGREFS=""/>
            <SP HPOS="862" ID="SP_514.5.5.14" VPOS="1481" WIDTH="12"/>
            <String CONTENT="means" HEIGHT="23" HPOS="874" ID="ST_514.5.5.15" STYLEREFS="Style_4" VPOS="1481" WIDTH="119" WC="1.00" CC="00000" TAGREFS=""/>
            <SP HPOS="993" ID="SP_514.5.5.16" VPOS="1469" WIDTH="12"/>
            <String CONTENT="of" HEIGHT="35" HPOS="1005" ID="ST_514.5.5.17" STYLEREFS="Style_4" VPOS="1469" WIDTH="40" WC="1.00" CC="00" TAGREFS=""/>
            <SP HPOS="1045" ID="SP_514.5.5.18" VPOS="1480" WIDTH="9"/>
            <String CONTENT="access" HEIGHT="24" HPOS="1054" ID="ST_514.5.5.19" STYLEREFS="Style_4" VPOS="1480" WIDTH="115" WC="1.00" CC="000000" TAGREFS=""/>
            <SP HPOS="1169" ID="SP_514.5.5.20" VPOS="1474" WIDTH="12"/>
            <String CONTENT="to" HEIGHT="29" HPOS="1181" ID="ST_514.5.5.21" STYLEREFS="Style_4" VPOS="1474" WIDTH="36" WC="1.00" CC="00" TAGREFS=""/>
            <SP HPOS="1217" ID="SP_514.5.5.22" VPOS="1469" WIDTH="10"/>
            <String CONTENT="various" HEIGHT="34" HPOS="1227" ID="ST_514.5.5.23" STYLEREFS="Style_4" VPOS="1469" WIDTH="137" WC="0.96" CC="0000000" TAGREFS=""/>
            <SP HPOS="1364" ID="SP_514.5.5.24" VPOS="1473" WIDTH="13"/>
            <String CONTENT="parts" HEIGHT="39" HPOS="1377" ID="ST_514.5.5.25" STYLEREFS="Style_4" VPOS="1473" WIDTH="94" WC="0.89" CC="00000" TAGREFS=""/>
            <SP HPOS="1471" ID="SP_514.5.5.26" VPOS="1468" WIDTH="12"/>
            <String CONTENT="of" HEIGHT="35" HPOS="1483" ID="ST_514.5.5.27" STYLEREFS="Style_4" VPOS="1468" WIDTH="39" WC="1.00" CC="00" TAGREFS=""/>
          </TextLine>
          <TextLine HEIGHT="44" HPOS="307" ID="TL_514.5.6" VPOS="1519" WIDTH="1212">
            <String CONTENT="the" HEIGHT="34" HPOS="307" ID="ST_514.5.6.1" STYLEREFS="Style_4" VPOS="1521" WIDTH="60" WC="0.79" CC="000" TAGREFS=""/>
            <SP HPOS="367" ID="SP_514.5.6.2" VPOS="1520" WIDTH="22"/>
            <String CONTENT="land." HEIGHT="35" HPOS="389" ID="ST_514.5.6.3" STYLEREFS="Style_4" VPOS="1520" WIDTH="91" WC="0.94" CC="00000" TAGREFS=""/>
            <SP HPOS="480" ID="SP_514.5.6.4" VPOS="1520" WIDTH="24"/>
            <String CONTENT="There" HEIGHT="34" HPOS="504" ID="ST_514.5.6.5" STYLEREFS="Style_4" VPOS="1520" WIDTH="112" WC="0.98" CC="00000" TAGREFS=""/>
            <SP HPOS="616" ID="SP_514.5.6.6" VPOS="1520" WIDTH="23"/>
            <String CONTENT="is" HEIGHT="34" HPOS="639" ID="ST_514.5.6.7" STYLEREFS="Style_4" VPOS="1520" WIDTH="28" WC="1.00" CC="00" TAGREFS=""/>
            <SP HPOS="667" ID="SP_514.5.6.8" VPOS="1531" WIDTH="22"/>
            <String CONTENT="no" HEIGHT="23" HPOS="689" ID="ST_514.5.6.9" STYLEREFS="Style_4" VPOS="1531" WIDTH="45" WC="0.81" CC="00" TAGREFS=""/>
            <SP HPOS="734" ID="SP_514.5.6.10" VPOS="1520" WIDTH="22"/>
            <String CONTENT="showing" HEIGHT="43" HPOS="756" ID="ST_514.5.6.11" STYLEREFS="Style_4" VPOS="1520" WIDTH="154" WC="0.95" CC="0000000" TAGREFS=""/>
            <SP HPOS="910" ID="SP_514.5.6.12" VPOS="1519" WIDTH="22"/>
            <String CONTENT="that" HEIGHT="35" HPOS="932" ID="ST_514.5.6.13" STYLEREFS="Style_4" VPOS="1519" WIDTH="77" WC="1.00" CC="0000" TAGREFS=""/>
            <SP HPOS="1009" ID="SP_514.5.6.14" VPOS="1519" WIDTH="22"/>
            <String CONTENT="his" HEIGHT="34" HPOS="1031" ID="ST_514.5.6.15" STYLEREFS="Style_4" VPOS="1519" WIDTH="52" WC="0.96" CC="000" TAGREFS=""/>
            <SP HPOS="1083" ID="SP_514.5.6.16" VPOS="1519" WIDTH="23"/>
            <String CONTENT="subjective" HEIGHT="43" HPOS="1106" ID="ST_514.5.6.17" STYLEREFS="Style_4" VPOS="1519" WIDTH="188" WC="0.98" CC="0000000000" TAGREFS=""/>
            <SP HPOS="1294" ID="SP_514.5.6.18" VPOS="1519" WIDTH="22"/>
            <String CONTENT="intent" HEIGHT="34" HPOS="1316" ID="ST_514.5.6.19" STYLEREFS="Style_4" VPOS="1519" WIDTH="111" WC="0.90" CC="000000" TAGREFS=""/>
            <SP HPOS="1427" ID="SP_514.5.6.20" VPOS="1529" WIDTH="22"/>
            <String CONTENT="was" HEIGHT="23" HPOS="1449" ID="ST_514.5.6.21" STYLEREFS="Style_4" VPOS="1529" WIDTH="70" WC="1.00" CC="000" TAGREFS=""/>
          </TextLine>
          <TextLine HEIGHT="46" HPOS="307" ID="TL_514.5.7" VPOS="1567" WIDTH="1212">
            <String CONTENT="carried" HEIGHT="34" HPOS="307" ID="ST_514.5.7.1" STYLEREFS="Style_4" VPOS="1570" WIDTH="134" WC="1.00" CC="0000000" TAGREFS=""/>
            <SP HPOS="441" ID="SP_514.5.7.2" VPOS="1570" WIDTH="9"/>
            <String CONTENT="into" HEIGHT="34" HPOS="450" ID="ST_514.5.7.3" STYLEREFS="Style_4" VPOS="1570" WIDTH="72" WC="0.81" CC="0000" TAGREFS=""/>
            <SP HPOS="522" ID="SP_514.5.7.4" VPOS="1570" WIDTH="9"/>
            <String CONTENT="effect" HEIGHT="34" HPOS="531" ID="ST_514.5.7.5" STYLEREFS="Style_4" VPOS="1570" WIDTH="103" WC="0.75" CC="000000" TAGREFS=""/>
            <SP HPOS="634" ID="SP_514.5.7.6" VPOS="1569" WIDTH="9"/>
            <String CONTENT="by" HEIGHT="44" HPOS="643" ID="ST_514.5.7.7" STYLEREFS="Style_4" VPOS="1569" WIDTH="45" WC="0.93" CC="00" TAGREFS=""/>
            <SP HPOS="688" ID="SP_514.5.7.8" VPOS="1570" WIDTH="9"/>
            <String CONTENT="the" HEIGHT="34" HPOS="697" ID="ST_514.5.7.9" STYLEREFS="Style_4" VPOS="1570" WIDTH="60" WC="1.00" CC="000" TAGREFS=""/>
            <SP HPOS="757" ID="SP_514.5.7.10" VPOS="1569" WIDTH="8"/>
            <String CONTENT="reservation" HEIGHT="35" HPOS="765" ID="ST_514.5.7.11" STYLEREFS="Style_4" VPOS="1569" WIDTH="209" WC="0.94" CC="00000000000" TAGREFS=""/>
            <SP HPOS="974" ID="SP_514.5.7.12" VPOS="1569" WIDTH="8"/>
            <String CONTENT="of" HEIGHT="34" HPOS="982" ID="ST_514.5.7.13" STYLEREFS="Style_4" VPOS="1569" WIDTH="40" WC="1.00" CC="00" TAGREFS=""/>
            <SP HPOS="1022" ID="SP_514.5.7.14" VPOS="1573" WIDTH="5"/>
            <String CONTENT="easements" HEIGHT="30" HPOS="1027" ID="ST_514.5.7.15" STYLEREFS="Style_4" VPOS="1573" WIDTH="193" WC="0.95" CC="000000000" TAGREFS=""/>
            <SP HPOS="1220" ID="SP_514.5.7.16" VPOS="1579" WIDTH="9"/>
            <String CONTENT="across" HEIGHT="24" HPOS="1229" ID="ST_514.5.7.17" STYLEREFS="Style_4" VPOS="1579" WIDTH="115" WC="1.00" CC="000000" TAGREFS=""/>
            <SP HPOS="1344" ID="SP_514.5.7.18" VPOS="1568" WIDTH="9"/>
            <String CONTENT="the" HEIGHT="34" HPOS="1353" ID="ST_514.5.7.19" STYLEREFS="Style_4" VPOS="1568" WIDTH="59" WC="0.94" CC="000" TAGREFS=""/>
            <SP HPOS="1412" ID="SP_514.5.7.20" VPOS="1567" WIDTH="8"/>
            <String CONTENT="lands" HEIGHT="35" HPOS="1420" ID="ST_514.5.7.21" STYLEREFS="Style_4" VPOS="1567" WIDTH="99" WC="0.87" CC="00000" TAGREFS=""/>
          </TextLine>
          <TextLine HEIGHT="45" HPOS="307" ID="TL_514.5.8" VPOS="1617" WIDTH="1213">
            <String CONTENT="he" HEIGHT="34" HPOS="307" ID="ST_514.5.8.1" STYLEREFS="Style_4" VPOS="1619" WIDTH="44" WC="1.00" CC="00" TAGREFS=""/>
            <SP HPOS="351" ID="SP_514.5.8.2" VPOS="1619" WIDTH="20"/>
            <String CONTENT="sold." HEIGHT="34" HPOS="371" ID="ST_514.5.8.3" STYLEREFS="Style_4" VPOS="1619" WIDTH="84" WC="1.00" CC="00000" TAGREFS=""/>
            <SP HPOS="455" ID="SP_514.5.8.4" VPOS="1619" WIDTH="23"/>
            <String CONTENT="Consequently," HEIGHT="43" HPOS="478" ID="ST_514.5.8.5" STYLEREFS="Style_4" VPOS="1619" WIDTH="270" WC="0.86" CC="0000000000000" TAGREFS=""/>
            <SP HPOS="748" ID="SP_514.5.8.6" VPOS="1619" WIDTH="22"/>
            <String CONTENT="his" HEIGHT="34" HPOS="770" ID="ST_514.5.8.7" STYLEREFS="Style_4" VPOS="1619" WIDTH="52" WC="0.85" CC="000" TAGREFS=""/>
            <SP HPOS="822" ID="SP_514.5.8.8" VPOS="1619" WIDTH="22"/>
            <String CONTENT="intent" HEIGHT="34" HPOS="844" ID="ST_514.5.8.9" STYLEREFS="Style_4" VPOS="1619" WIDTH="110" WC="0.81" CC="000000" TAGREFS=""/>
            <SP HPOS="954" ID="SP_514.5.8.10" VPOS="1629" WIDTH="21"/>
            <String CONTENT="as" HEIGHT="23" HPOS="975" ID="ST_514.5.8.11" STYLEREFS="Style_4" VPOS="1629" WIDTH="37" WC="1.00" CC="00" TAGREFS=""/>
            <SP HPOS="1012" ID="SP_514.5.8.12" VPOS="1617" WIDTH="22"/>
            <String CONTENT="disclosed" HEIGHT="35" HPOS="1034" ID="ST_514.5.8.13" STYLEREFS="Style_4" VPOS="1617" WIDTH="168" WC="0.95" CC="000000000" TAGREFS=""/>
            <SP HPOS="1202" ID="SP_514.5.8.14" VPOS="1618" WIDTH="22"/>
            <String CONTENT="by" HEIGHT="43" HPOS="1224" ID="ST_514.5.8.15" STYLEREFS="Style_4" VPOS="1618" WIDTH="45" WC="0.99" CC="00" TAGREFS=""/>
            <SP HPOS="1269" ID="SP_514.5.8.16" VPOS="1628" WIDTH="21"/>
            <String CONTENT="an" HEIGHT="24" HPOS="1290" ID="ST_514.5.8.17" STYLEREFS="Style_4" VPOS="1628" WIDTH="44" WC="0.77" CC="00" TAGREFS=""/>
            <SP HPOS="1334" ID="SP_514.5.8.18" VPOS="1628" WIDTH="22"/>
            <String CONTENT="ex" HEIGHT="24" HPOS="1356" ID="ST_514.5.8.19" STYLEREFS="Style_5" VPOS="1628" WIDTH="43" WC="1.00" CC="00" TAGREFS=""/>
            <SP HPOS="1399" ID="SP_514.5.8.20" VPOS="1623" WIDTH="17"/>
            <String CONTENT="parte" HEIGHT="38" HPOS="1416" ID="ST_514.5.8.21" STYLEREFS="Style_5" VPOS="1623" WIDTH="104" WC="0.98" CC="00000" TAGREFS=""/>
          </TextLine>
          <TextLine HEIGHT="45" HPOS="308" ID="TL_514.5.9" VPOS="1667" WIDTH="1210">
            <String CONTENT="statement" HEIGHT="29" HPOS="308" ID="ST_514.5.9.1" STYLEREFS="Style_4" VPOS="1674" WIDTH="186" WC="0.90" CC="000000000" TAGREFS=""/>
            <SP HPOS="494" ID="SP_514.5.9.2" VPOS="1669" WIDTH="18"/>
            <String CONTENT="is" HEIGHT="34" HPOS="512" ID="ST_514.5.9.3" STYLEREFS="Style_4" VPOS="1669" WIDTH="28" WC="1.00" CC="00" TAGREFS=""/>
            <SP HPOS="540" ID="SP_514.5.9.4" VPOS="1674" WIDTH="19"/>
            <String CONTENT="not" HEIGHT="29" HPOS="559" ID="ST_514.5.9.5" STYLEREFS="Style_4" VPOS="1674" WIDTH="59" WC="0.87" CC="000" TAGREFS=""/>
            <SP HPOS="618" ID="SP_514.5.9.6" VPOS="1668" WIDTH="18"/>
            <String CONTENT="material" HEIGHT="35" HPOS="636" ID="ST_514.5.9.7" STYLEREFS="Style_4" VPOS="1668" WIDTH="159" WC="0.92" CC="00000000" TAGREFS=""/>
            <SP HPOS="795" ID="SP_514.5.9.8" VPOS="1668" WIDTH="18"/>
            <String CONTENT="in" HEIGHT="34" HPOS="813" ID="ST_514.5.9.9" STYLEREFS="Style_4" VPOS="1668" WIDTH="35" WC="0.88" CC="00" TAGREFS=""/>
            <SP HPOS="848" ID="SP_514.5.9.10" VPOS="1668" WIDTH="18"/>
            <String CONTENT="the" HEIGHT="34" HPOS="866" ID="ST_514.5.9.11" STYLEREFS="Style_4" VPOS="1668" WIDTH="60" WC="0.97" CC="000" TAGREFS=""/>
            <SP HPOS="926" ID="SP_514.5.9.12" VPOS="1672" WIDTH="17"/>
            <String CONTENT="present" HEIGHT="40" HPOS="943" ID="ST_514.5.9.13" STYLEREFS="Style_4" VPOS="1672" WIDTH="137" WC="0.99" CC="0000000" TAGREFS=""/>
            <SP HPOS="1080" ID="SP_514.5.9.14" VPOS="1667" WIDTH="17"/>
            <String CONTENT="dispute." HEIGHT="44" HPOS="1097" ID="ST_514.5.9.15" STYLEREFS="Style_4" VPOS="1667" WIDTH="147" WC="1.00" CC="00000000" TAGREFS=""/>
            <SP HPOS="1244" ID="SP_514.5.9.16" VPOS="1667" WIDTH="20"/>
            <String CONTENT="Furthermore," HEIGHT="40" HPOS="1264" ID="ST_514.5.9.17" STYLEREFS="Style_4" VPOS="1667" WIDTH="254" WC="0.99" CC="000000000000" TAGREFS=""/>
          </TextLine>
          <TextLine HEIGHT="45" HPOS="308" ID="TL_514.5.10" VPOS="1716" WIDTH="1212">
            <String CONTENT="Clark’s" HEIGHT="34" HPOS="308" ID="ST_514.5.10.1" STYLEREFS="Style_4" VPOS="1719" WIDTH="137" WC="0.86" CC="0000090" TAGREFS=""/>
            <SP HPOS="445" ID="SP_514.5.10.2" VPOS="1718" WIDTH="13"/>
            <String CONTENT="attitude" HEIGHT="35" HPOS="458" ID="ST_514.5.10.3" STYLEREFS="Style_4" VPOS="1718" WIDTH="150" WC="0.92" CC="00000000" TAGREFS=""/>
            <SP HPOS="608" ID="SP_514.5.10.4" VPOS="1718" WIDTH="12"/>
            <String CONTENT="would" HEIGHT="35" HPOS="620" ID="ST_514.5.10.5" STYLEREFS="Style_4" VPOS="1718" WIDTH="113" WC="0.90" CC="00000" TAGREFS=""/>
            <SP HPOS="733" ID="SP_514.5.10.6" VPOS="1723" WIDTH="13"/>
            <String CONTENT="not" HEIGHT="30" HPOS="746" ID="ST_514.5.10.7" STYLEREFS="Style_4" VPOS="1723" WIDTH="59" WC="0.88" CC="000" TAGREFS=""/>
            <SP HPOS="805" ID="SP_514.5.10.8" VPOS="1718" WIDTH="14"/>
            <String CONTENT="be" HEIGHT="34" HPOS="819" ID="ST_514.5.10.9" STYLEREFS="Style_4" VPOS="1718" WIDTH="43" WC="1.00" CC="00" TAGREFS=""/>
            <SP HPOS="862" ID="SP_514.5.10.10" VPOS="1717" WIDTH="12"/>
            <String CONTENT="helpful" HEIGHT="44" HPOS="874" ID="ST_514.5.10.11" STYLEREFS="Style_4" VPOS="1717" WIDTH="133" WC="0.94" CC="0000000" TAGREFS=""/>
            <SP HPOS="1007" ID="SP_514.5.10.12" VPOS="1723" WIDTH="13"/>
            <String CONTENT="to" HEIGHT="29" HPOS="1020" ID="ST_514.5.10.13" STYLEREFS="Style_4" VPOS="1723" WIDTH="36" WC="1.00" CC="00" TAGREFS=""/>
            <SP HPOS="1056" ID="SP_514.5.10.14" VPOS="1717" WIDTH="12"/>
            <String CONTENT="the" HEIGHT="35" HPOS="1068" ID="ST_514.5.10.15" STYLEREFS="Style_4" VPOS="1717" WIDTH="60" WC="0.97" CC="000" TAGREFS=""/>
            <SP HPOS="1128" ID="SP_514.5.10.16" VPOS="1718" WIDTH="12"/>
            <String CONTENT="Attaways," HEIGHT="43" HPOS="1140" ID="ST_514.5.10.17" STYLEREFS="Style_4" VPOS="1718" WIDTH="192" WC="0.95" CC="900000000" TAGREFS=""/>
            <SP HPOS="1332" ID="SP_514.5.10.18" VPOS="1716" WIDTH="14"/>
            <String CONTENT="for" HEIGHT="35" HPOS="1346" ID="ST_514.5.10.19" STYLEREFS="Style_4" VPOS="1716" WIDTH="54" WC="0.80" CC="000" TAGREFS=""/>
            <SP HPOS="1400" ID="SP_514.5.10.20" VPOS="1717" WIDTH="13"/>
            <String CONTENT="in" HEIGHT="34" HPOS="1413" ID="ST_514.5.10.21" STYLEREFS="Style_4" VPOS="1717" WIDTH="34" WC="0.83" CC="00" TAGREFS=""/>
            <SP HPOS="1447" ID="SP_514.5.10.22" VPOS="1717" WIDTH="13"/>
            <String CONTENT="the" HEIGHT="34" HPOS="1460" ID="ST_514.5.10.23" STYLEREFS="Style_4" VPOS="1717" WIDTH="60" WC="0.90" CC="000" TAGREFS=""/>
          </TextLine>
          <TextLine HEIGHT="45" HPOS="308" ID="TL_514.5.11" VPOS="1766" WIDTH="1211">
            <String CONTENT="statement" HEIGHT="30" HPOS="308" ID="ST_514.5.11.1" STYLEREFS="Style_4" VPOS="1774" WIDTH="187" WC="1.00" CC="000000000" TAGREFS=""/>
            <SP HPOS="495" ID="SP_514.5.11.2" VPOS="1769" WIDTH="22"/>
            <String CONTENT="Clark" HEIGHT="34" HPOS="517" ID="ST_514.5.11.3" STYLEREFS="Style_4" VPOS="1769" WIDTH="109" WC="0.96" CC="00000" TAGREFS=""/>
            <SP HPOS="626" ID="SP_514.5.11.4" VPOS="1779" WIDTH="21"/>
            <String CONTENT="was" HEIGHT="24" HPOS="647" ID="ST_514.5.11.5" STYLEREFS="Style_4" VPOS="1779" WIDTH="69" WC="1.00" CC="000" TAGREFS=""/>
            <SP HPOS="716" ID="SP_514.5.11.6" VPOS="1768" WIDTH="23"/>
            <String CONTENT="asked" HEIGHT="35" HPOS="739" ID="ST_514.5.11.7" STYLEREFS="Style_4" VPOS="1768" WIDTH="106" WC="1.00" CC="00000" TAGREFS=""/>
            <SP HPOS="845" ID="SP_514.5.11.8" VPOS="1768" WIDTH="22"/>
            <String CONTENT="about" HEIGHT="34" HPOS="867" ID="ST_514.5.11.9" STYLEREFS="Style_4" VPOS="1768" WIDTH="107" WC="0.97" CC="00000" TAGREFS=""/>
            <SP HPOS="974" ID="SP_514.5.11.10" VPOS="1779" WIDTH="22"/>
            <String CONTENT="a" HEIGHT="23" HPOS="996" ID="ST_514.5.11.11" STYLEREFS="Style_4" VPOS="1779" WIDTH="20" WC="1.00" CC="0" TAGREFS=""/>
            <SP HPOS="1016" ID="SP_514.5.11.12" VPOS="1772" WIDTH="23"/>
            <String CONTENT="controversy" HEIGHT="39" HPOS="1039" ID="ST_514.5.11.13" STYLEREFS="Style_4" VPOS="1772" WIDTH="219" WC="0.87" CC="00000000000" TAGREFS=""/>
            <SP HPOS="1258" ID="SP_514.5.11.14" VPOS="1767" WIDTH="22"/>
            <String CONTENT="he" HEIGHT="34" HPOS="1280" ID="ST_514.5.11.15" STYLEREFS="Style_4" VPOS="1767" WIDTH="44" WC="1.00" CC="00" TAGREFS=""/>
            <SP HPOS="1324" ID="SP_514.5.11.16" VPOS="1766" WIDTH="21"/>
            <String CONTENT="had" HEIGHT="35" HPOS="1345" ID="ST_514.5.11.17" STYLEREFS="Style_4" VPOS="1766" WIDTH="69" WC="0.93" CC="000" TAGREFS=""/>
            <SP HPOS="1414" ID="SP_514.5.11.18" VPOS="1767" WIDTH="22"/>
            <String CONTENT="with" HEIGHT="34" HPOS="1436" ID="ST_514.5.11.19" STYLEREFS="Style_4" VPOS="1767" WIDTH="83" WC="0.99" CC="0000" TAGREFS=""/>
          </TextLine>
          <TextLine HEIGHT="45" HPOS="308" ID="TL_514.5.12" VPOS="1816" WIDTH="1210">
            <String CONTENT="another" HEIGHT="34" HPOS="308" ID="ST_514.5.12.1" STYLEREFS="Style_4" VPOS="1819" WIDTH="145" WC="0.99" CC="0000000" TAGREFS=""/>
            <SP HPOS="453" ID="SP_514.5.12.2" VPOS="1818" WIDTH="15"/>
            <String CONTENT="landowner" HEIGHT="35" HPOS="468" ID="ST_514.5.12.3" STYLEREFS="Style_4" VPOS="1818" WIDTH="197" WC="0.96" CC="000000000" TAGREFS=""/>
            <SP HPOS="665" ID="SP_514.5.12.4" VPOS="1818" WIDTH="16"/>
            <String CONTENT="named" HEIGHT="35" HPOS="681" ID="ST_514.5.12.5" STYLEREFS="Style_4" VPOS="1818" WIDTH="126" WC="1.00" CC="00000" TAGREFS=""/>
            <SP HPOS="807" ID="SP_514.5.12.6" VPOS="1818" WIDTH="17"/>
            <String CONTENT="Miller," HEIGHT="41" HPOS="824" ID="ST_514.5.12.7" STYLEREFS="Style_4" VPOS="1818" WIDTH="129" WC="0.93" CC="0000000" TAGREFS=""/>
            <SP HPOS="953" ID="SP_514.5.12.8" VPOS="1818" WIDTH="17"/>
            <String CONTENT="about" HEIGHT="34" HPOS="970" ID="ST_514.5.12.9" STYLEREFS="Style_4" VPOS="1818" WIDTH="106" WC="1.00" CC="00000" TAGREFS=""/>
            <SP HPOS="1076" ID="SP_514.5.12.10" VPOS="1829" WIDTH="16"/>
            <String CONTENT="a" HEIGHT="23" HPOS="1092" ID="ST_514.5.12.11" STYLEREFS="Style_4" VPOS="1829" WIDTH="20" WC="1.00" CC="0" TAGREFS=""/>
            <SP HPOS="1112" ID="SP_514.5.12.12" VPOS="1822" WIDTH="16"/>
            <String CONTENT="gate," HEIGHT="38" HPOS="1128" ID="ST_514.5.12.13" STYLEREFS="Style_4" VPOS="1822" WIDTH="90" WC="0.97" CC="00000" TAGREFS=""/>
            <SP HPOS="1218" ID="SP_514.5.12.14" VPOS="1817" WIDTH="17"/>
            <String CONTENT="and" HEIGHT="35" HPOS="1235" ID="ST_514.5.12.15" STYLEREFS="Style_4" VPOS="1817" WIDTH="69" WC="0.94" CC="000" TAGREFS=""/>
            <SP HPOS="1304" ID="SP_514.5.12.16" VPOS="1817" WIDTH="16"/>
            <String CONTENT="he" HEIGHT="34" HPOS="1320" ID="ST_514.5.12.17" STYLEREFS="Style_4" VPOS="1817" WIDTH="43" WC="1.00" CC="00" TAGREFS=""/>
            <SP HPOS="1363" ID="SP_514.5.12.18" VPOS="1816" WIDTH="15"/>
            <String CONTENT="replied:" HEIGHT="45" HPOS="1378" ID="ST_514.5.12.19" STYLEREFS="Style_4" VPOS="1816" WIDTH="140" WC="0.97" CC="00000000" TAGREFS=""/>
          </TextLine>
        </TextBlock>
        <TextBlock HEIGHT="443.0" HPOS="430.0" ID="BL_514.6" TAGREFS="b514-8" VPOS="1893.0" WIDTH="1089.0">
          <TextLine HEIGHT="46" HPOS="522" ID="TL_514.6.1" VPOS="1893" WIDTH="996">
            <String CONTENT="I" HEIGHT="33" HPOS="522" ID="ST_514.6.1.1" STYLEREFS="Style_4" VPOS="1896" WIDTH="15" WC="1.00" CC="9" TAGREFS=""/>
            <SP HPOS="537" ID="SP_514.6.1.2" VPOS="1895" WIDTH="17"/>
            <String CONTENT="always" HEIGHT="44" HPOS="554" ID="ST_514.6.1.3" STYLEREFS="Style_4" VPOS="1895" WIDTH="127" WC="0.90" CC="000000" TAGREFS=""/>
            <SP HPOS="681" ID="SP_514.6.1.4" VPOS="1894" WIDTH="16"/>
            <String CONTENT="told" HEIGHT="35" HPOS="697" ID="ST_514.6.1.5" STYLEREFS="Style_4" VPOS="1894" WIDTH="72" WC="1.00" CC="0000" TAGREFS=""/>
            <SP HPOS="769" ID="SP_514.6.1.6" VPOS="1895" WIDTH="16"/>
            <String CONTENT="him" HEIGHT="34" HPOS="785" ID="ST_514.6.1.7" STYLEREFS="Style_4" VPOS="1895" WIDTH="73" WC="0.97" CC="000" TAGREFS=""/>
            <SP HPOS="858" ID="SP_514.6.1.8" VPOS="1894" WIDTH="15"/>
            <String CONTENT="if" HEIGHT="35" HPOS="873" ID="ST_514.6.1.9" STYLEREFS="Style_4" VPOS="1894" WIDTH="31" WC="1.00" CC="00" TAGREFS=""/>
            <SP HPOS="904" ID="SP_514.6.1.10" VPOS="1894" WIDTH="12"/>
            <String CONTENT="anybody" HEIGHT="44" HPOS="916" ID="ST_514.6.1.11" STYLEREFS="Style_4" VPOS="1894" WIDTH="160" WC="0.86" CC="0000000" TAGREFS=""/>
            <SP HPOS="1076" ID="SP_514.6.1.12" VPOS="1894" WIDTH="15"/>
            <String CONTENT="wanted" HEIGHT="35" HPOS="1091" ID="ST_514.6.1.13" STYLEREFS="Style_4" VPOS="1894" WIDTH="137" WC="0.93" CC="000000" TAGREFS=""/>
            <SP HPOS="1228" ID="SP_514.6.1.14" VPOS="1905" WIDTH="16"/>
            <String CONTENT="a" HEIGHT="23" HPOS="1244" ID="ST_514.6.1.15" STYLEREFS="Style_4" VPOS="1905" WIDTH="20" WC="1.00" CC="0" TAGREFS=""/>
            <SP HPOS="1264" ID="SP_514.6.1.16" VPOS="1894" WIDTH="17"/>
            <String CONTENT="road," HEIGHT="41" HPOS="1281" ID="ST_514.6.1.17" STYLEREFS="Style_4" VPOS="1894" WIDTH="94" WC="1.00" CC="00000" TAGREFS=""/>
            <SP HPOS="1375" ID="SP_514.6.1.18" VPOS="1893" WIDTH="18"/>
            <String CONTENT="I’d" HEIGHT="35" HPOS="1393" ID="ST_514.6.1.19" STYLEREFS="Style_4" VPOS="1893" WIDTH="50" WC="1.00" CC="000" TAGREFS=""/>
            <SP HPOS="1443" ID="SP_514.6.1.20" VPOS="1894" WIDTH="16"/>
            <String CONTENT="tell" HEIGHT="34" HPOS="1459" ID="ST_514.6.1.21" STYLEREFS="Style_4" VPOS="1894" WIDTH="59" WC="1.00" CC="0000" TAGREFS=""/>
          </TextLine>
          <TextLine HEIGHT="45" HPOS="430" ID="TL_514.6.2" VPOS="1943" WIDTH="1087">
            <String CONTENT="them" HEIGHT="34" HPOS="430" ID="ST_514.6.2.1" STYLEREFS="Style_4" VPOS="1945" WIDTH="97" WC="0.90" CC="0000" TAGREFS=""/>
            <SP HPOS="527" ID="SP_514.6.2.2" VPOS="1955" WIDTH="11"/>
            <String CONTENT="go" HEIGHT="33" HPOS="538" ID="ST_514.6.2.3" STYLEREFS="Style_4" VPOS="1955" WIDTH="44" WC="1.00" CC="00" TAGREFS=""/>
            <SP HPOS="582" ID="SP_514.6.2.4" VPOS="1944" WIDTH="11"/>
            <String CONTENT="ahead" HEIGHT="35" HPOS="593" ID="ST_514.6.2.5" STYLEREFS="Style_4" VPOS="1944" WIDTH="113" WC="0.95" CC="00000" TAGREFS=""/>
            <SP HPOS="706" ID="SP_514.6.2.6" VPOS="1944" WIDTH="12"/>
            <String CONTENT="and" HEIGHT="35" HPOS="718" ID="ST_514.6.2.7" STYLEREFS="Style_4" VPOS="1944" WIDTH="68" WC="0.67" CC="000" TAGREFS=""/>
            <SP HPOS="786" ID="SP_514.6.2.8" VPOS="1944" WIDTH="13"/>
            <String CONTENT="make" HEIGHT="35" HPOS="799" ID="ST_514.6.2.9" STYLEREFS="Style_4" VPOS="1944" WIDTH="103" WC="0.90" CC="0000" TAGREFS=""/>
            <SP HPOS="902" ID="SP_514.6.2.10" VPOS="1944" WIDTH="12"/>
            <String CONTENT="it." HEIGHT="35" HPOS="914" ID="ST_514.6.2.11" STYLEREFS="Style_4" VPOS="1944" WIDTH="36" WC="1.00" CC="000" TAGREFS=""/>
            <SP HPOS="950" ID="SP_514.6.2.12" VPOS="1944" WIDTH="15"/>
            <String CONTENT="If" HEIGHT="34" HPOS="965" ID="ST_514.6.2.13" STYLEREFS="Style_4" VPOS="1944" WIDTH="34" WC="1.00" CC="00" TAGREFS=""/>
            <SP HPOS="999" ID="SP_514.6.2.14" VPOS="1955" WIDTH="9"/>
            <String CONTENT="you" HEIGHT="32" HPOS="1008" ID="ST_514.6.2.15" STYLEREFS="Style_4" VPOS="1955" WIDTH="67" WC="0.88" CC="000" TAGREFS=""/>
            <SP HPOS="1075" ID="SP_514.6.2.16" VPOS="1949" WIDTH="11"/>
            <String CONTENT="want" HEIGHT="29" HPOS="1086" ID="ST_514.6.2.17" STYLEREFS="Style_4" VPOS="1949" WIDTH="93" WC="1.00" CC="0000" TAGREFS=""/>
            <SP HPOS="1179" ID="SP_514.6.2.18" VPOS="1955" WIDTH="12"/>
            <String CONTENT="a" HEIGHT="23" HPOS="1191" ID="ST_514.6.2.19" STYLEREFS="Style_4" VPOS="1955" WIDTH="20" WC="1.00" CC="0" TAGREFS=""/>
            <SP HPOS="1211" ID="SP_514.6.2.20" VPOS="1943" WIDTH="13"/>
            <String CONTENT="road" HEIGHT="35" HPOS="1224" ID="ST_514.6.2.21" STYLEREFS="Style_4" VPOS="1943" WIDTH="85" WC="0.92" CC="0000" TAGREFS=""/>
            <SP HPOS="1309" ID="SP_514.6.2.22" VPOS="1954" WIDTH="11"/>
            <String CONTENT="over" HEIGHT="24" HPOS="1320" ID="ST_514.6.2.23" STYLEREFS="Style_4" VPOS="1954" WIDTH="79" WC="0.92" CC="0000" TAGREFS=""/>
            <SP HPOS="1399" ID="SP_514.6.2.24" VPOS="1943" WIDTH="11"/>
            <String CONTENT="there," HEIGHT="41" HPOS="1410" ID="ST_514.6.2.25" STYLEREFS="Style_4" VPOS="1943" WIDTH="107" WC="0.97" CC="000000" TAGREFS=""/>
          </TextLine>
          <TextLine HEIGHT="44" HPOS="432" ID="TL_514.6.3" VPOS="1993" WIDTH="1087">
            <String CONTENT="I’ll" HEIGHT="34" HPOS="432" ID="ST_514.6.3.1" STYLEREFS="Style_4" VPOS="1995" WIDTH="52" WC="1.00" CC="0000" TAGREFS=""/>
            <SP HPOS="484" ID="SP_514.6.3.2" VPOS="1995" WIDTH="11"/>
            <String CONTENT="give" HEIGHT="42" HPOS="495" ID="ST_514.6.3.3" STYLEREFS="Style_4" VPOS="1995" WIDTH="76" WC="1.00" CC="0000" TAGREFS=""/>
            <SP HPOS="571" ID="SP_514.6.3.4" VPOS="1994" WIDTH="10"/>
            <String CONTENT="them" HEIGHT="35" HPOS="581" ID="ST_514.6.3.5" STYLEREFS="Style_4" VPOS="1994" WIDTH="97" WC="0.91" CC="0000" TAGREFS=""/>
            <SP HPOS="678" ID="SP_514.6.3.6" VPOS="1994" WIDTH="10"/>
            <String CONTENT="the" HEIGHT="34" HPOS="688" ID="ST_514.6.3.7" STYLEREFS="Style_4" VPOS="1994" WIDTH="60" WC="0.89" CC="000" TAGREFS=""/>
            <SP HPOS="748" ID="SP_514.6.3.8" VPOS="1994" WIDTH="10"/>
            <String CONTENT="land." HEIGHT="34" HPOS="758" ID="ST_514.6.3.9" STYLEREFS="Style_4" VPOS="1994" WIDTH="92" WC="1.00" CC="00000" TAGREFS=""/>
            <SP HPOS="850" ID="SP_514.6.3.10" VPOS="1995" WIDTH="14"/>
            <String CONTENT="I" HEIGHT="33" HPOS="864" ID="ST_514.6.3.11" STYLEREFS="Style_4" VPOS="1995" WIDTH="15" WC="1.00" CC="9" TAGREFS=""/>
            <SP HPOS="879" ID="SP_514.6.3.12" VPOS="1994" WIDTH="11"/>
            <String CONTENT="would" HEIGHT="34" HPOS="890" ID="ST_514.6.3.13" STYLEREFS="Style_4" VPOS="1994" WIDTH="114" WC="0.90" CC="00000" TAGREFS=""/>
            <SP HPOS="1004" ID="SP_514.6.3.14" VPOS="2004" WIDTH="11"/>
            <String CONTENT="now," HEIGHT="30" HPOS="1015" ID="ST_514.6.3.15" STYLEREFS="Style_4" VPOS="2004" WIDTH="86" WC="0.87" CC="0000" TAGREFS=""/>
            <SP HPOS="1101" ID="SP_514.6.3.16" VPOS="1993" WIDTH="13"/>
            <String CONTENT="if" HEIGHT="35" HPOS="1114" ID="ST_514.6.3.17" STYLEREFS="Style_4" VPOS="1993" WIDTH="30" WC="1.00" CC="00" TAGREFS=""/>
            <SP HPOS="1144" ID="SP_514.6.3.18" VPOS="1993" WIDTH="8"/>
            <String CONTENT="somebody" HEIGHT="43" HPOS="1152" ID="ST_514.6.3.19" STYLEREFS="Style_4" VPOS="1993" WIDTH="188" WC="1.00" CC="00000000" TAGREFS=""/>
            <SP HPOS="1340" ID="SP_514.6.3.20" VPOS="2004" WIDTH="11"/>
            <String CONTENT="come" HEIGHT="23" HPOS="1351" ID="ST_514.6.3.21" STYLEREFS="Style_4" VPOS="2004" WIDTH="97" WC="0.98" CC="0000" TAGREFS=""/>
            <SP HPOS="1448" ID="SP_514.6.3.22" VPOS="1998" WIDTH="10"/>
            <String CONTENT="out" HEIGHT="29" HPOS="1458" ID="ST_514.6.3.23" STYLEREFS="Style_4" VPOS="1998" WIDTH="61" WC="0.90" CC="000" TAGREFS=""/>
          </TextLine>
          <TextLine HEIGHT="43" HPOS="430" ID="TL_514.6.4" VPOS="2043" WIDTH="1089">
            <String CONTENT="there" HEIGHT="34" HPOS="430" ID="ST_514.6.4.1" STYLEREFS="Style_4" VPOS="2044" WIDTH="98" WC="0.99" CC="00000" TAGREFS=""/>
            <SP HPOS="528" ID="SP_514.6.4.2" VPOS="2044" WIDTH="10"/>
            <String CONTENT="and" HEIGHT="34" HPOS="538" ID="ST_514.6.4.3" STYLEREFS="Style_4" VPOS="2044" WIDTH="68" WC="0.99" CC="000" TAGREFS=""/>
            <SP HPOS="606" ID="SP_514.6.4.4" VPOS="2043" WIDTH="11"/>
            <String CONTENT="wanted" HEIGHT="35" HPOS="617" ID="ST_514.6.4.5" STYLEREFS="Style_4" VPOS="2043" WIDTH="137" WC="0.98" CC="000000" TAGREFS=""/>
            <SP HPOS="754" ID="SP_514.6.4.6" VPOS="2054" WIDTH="11"/>
            <String CONTENT="a" HEIGHT="24" HPOS="765" ID="ST_514.6.4.7" STYLEREFS="Style_4" VPOS="2054" WIDTH="20" WC="1.00" CC="0" TAGREFS=""/>
            <SP HPOS="785" ID="SP_514.6.4.8" VPOS="2043" WIDTH="11"/>
            <String CONTENT="road." HEIGHT="34" HPOS="796" ID="ST_514.6.4.9" STYLEREFS="Style_4" VPOS="2043" WIDTH="95" WC="1.00" CC="00000" TAGREFS=""/>
            <SP HPOS="891" ID="SP_514.6.4.10" VPOS="2044" WIDTH="13"/>
            <String CONTENT="Fact" HEIGHT="33" HPOS="904" ID="ST_514.6.4.11" STYLEREFS="Style_4" VPOS="2044" WIDTH="85" WC="1.00" CC="0000" TAGREFS=""/>
            <SP HPOS="989" ID="SP_514.6.4.12" VPOS="2043" WIDTH="10"/>
            <String CONTENT="of" HEIGHT="34" HPOS="999" ID="ST_514.6.4.13" STYLEREFS="Style_4" VPOS="2043" WIDTH="39" WC="1.00" CC="00" TAGREFS=""/>
            <SP HPOS="1038" ID="SP_514.6.4.14" VPOS="2043" WIDTH="7"/>
            <String CONTENT="the" HEIGHT="34" HPOS="1045" ID="ST_514.6.4.15" STYLEREFS="Style_4" VPOS="2043" WIDTH="60" WC="1.00" CC="000" TAGREFS=""/>
            <SP HPOS="1105" ID="SP_514.6.4.16" VPOS="2048" WIDTH="10"/>
            <String CONTENT="matter" HEIGHT="29" HPOS="1115" ID="ST_514.6.4.17" STYLEREFS="Style_4" VPOS="2048" WIDTH="127" WC="0.97" CC="000000" TAGREFS=""/>
            <SP HPOS="1242" ID="SP_514.6.4.18" VPOS="2054" WIDTH="10"/>
            <String CONTENT="you" HEIGHT="32" HPOS="1252" ID="ST_514.6.4.19" STYLEREFS="Style_4" VPOS="2054" WIDTH="67" WC="1.00" CC="000" TAGREFS=""/>
            <SP HPOS="1319" ID="SP_514.6.4.20" VPOS="2053" WIDTH="11"/>
            <String CONTENT="can" HEIGHT="24" HPOS="1330" ID="ST_514.6.4.21" STYLEREFS="Style_4" VPOS="2053" WIDTH="65" WC="0.76" CC="000" TAGREFS=""/>
            <SP HPOS="1395" ID="SP_514.6.4.22" VPOS="2053" WIDTH="10"/>
            <String CONTENT="go" HEIGHT="32" HPOS="1405" ID="ST_514.6.4.23" STYLEREFS="Style_4" VPOS="2053" WIDTH="43" WC="1.00" CC="00" TAGREFS=""/>
            <SP HPOS="1448" ID="SP_514.6.4.24" VPOS="2047" WIDTH="10"/>
            <String CONTENT="out" HEIGHT="30" HPOS="1458" ID="ST_514.6.4.25" STYLEREFS="Style_4" VPOS="2047" WIDTH="61" WC="1.00" CC="000" TAGREFS=""/>
          </TextLine>
          <TextLine HEIGHT="44" HPOS="431" ID="TL_514.6.5" VPOS="2091" WIDTH="1087">
            <String CONTENT="there" HEIGHT="34" HPOS="431" ID="ST_514.6.5.1" STYLEREFS="Style_4" VPOS="2094" WIDTH="97" WC="0.93" CC="00000" TAGREFS=""/>
            <SP HPOS="528" ID="SP_514.6.5.2" VPOS="2093" WIDTH="15"/>
            <String CONTENT="and" HEIGHT="35" HPOS="543" ID="ST_514.6.5.3" STYLEREFS="Style_4" VPOS="2093" WIDTH="68" WC="0.80" CC="000" TAGREFS=""/>
            <SP HPOS="611" ID="SP_514.6.5.4" VPOS="2093" WIDTH="16"/>
            <String CONTENT="ask" HEIGHT="35" HPOS="627" ID="ST_514.6.5.5" STYLEREFS="Style_4" VPOS="2093" WIDTH="62" WC="1.00" CC="000" TAGREFS=""/>
            <SP HPOS="689" ID="SP_514.6.5.6" VPOS="2093" WIDTH="15"/>
            <String CONTENT="them" HEIGHT="34" HPOS="704" ID="ST_514.6.5.7" STYLEREFS="Style_4" VPOS="2093" WIDTH="96" WC="0.95" CC="0000" TAGREFS=""/>
            <SP HPOS="800" ID="SP_514.6.5.8" VPOS="2093" WIDTH="15"/>
            <String CONTENT="fellows" HEIGHT="34" HPOS="815" ID="ST_514.6.5.9" STYLEREFS="Style_4" VPOS="2093" WIDTH="130" WC="0.99" CC="0000000" TAGREFS=""/>
            <SP HPOS="945" ID="SP_514.6.5.10" VPOS="2092" WIDTH="16"/>
            <String CONTENT="building" HEIGHT="43" HPOS="961" ID="ST_514.6.5.11" STYLEREFS="Style_4" VPOS="2092" WIDTH="156" WC="1.00" CC="00000000" TAGREFS=""/>
            <SP HPOS="1117" ID="SP_514.6.5.12" VPOS="2104" WIDTH="15"/>
            <String CONTENT="a" HEIGHT="23" HPOS="1132" ID="ST_514.6.5.13" STYLEREFS="Style_4" VPOS="2104" WIDTH="21" WC="0.74" CC="0" TAGREFS=""/>
            <SP HPOS="1153" ID="SP_514.6.5.14" VPOS="2093" WIDTH="15"/>
            <String CONTENT="house." HEIGHT="34" HPOS="1168" ID="ST_514.6.5.15" STYLEREFS="Style_4" VPOS="2093" WIDTH="117" WC="0.91" CC="000000" TAGREFS=""/>
            <SP HPOS="1285" ID="SP_514.6.5.16" VPOS="2092" WIDTH="17"/>
            <String CONTENT="They" HEIGHT="43" HPOS="1302" ID="ST_514.6.5.17" STYLEREFS="Style_4" VPOS="2092" WIDTH="96" WC="0.98" CC="0000" TAGREFS=""/>
            <SP HPOS="1398" ID="SP_514.6.5.18" VPOS="2091" WIDTH="15"/>
            <String CONTENT="asked" HEIGHT="35" HPOS="1413" ID="ST_514.6.5.19" STYLEREFS="Style_4" VPOS="2091" WIDTH="105" WC="1.00" CC="00000" TAGREFS=""/>
          </TextLine>
          <TextLine HEIGHT="43" HPOS="430" ID="TL_514.6.6" VPOS="2142" WIDTH="1089">
            <String CONTENT="me" HEIGHT="24" HPOS="430" ID="ST_514.6.6.1" STYLEREFS="Style_4" VPOS="2154" WIDTH="57" WC="1.00" CC="00" TAGREFS=""/>
            <SP HPOS="487" ID="SP_514.6.6.2" VPOS="2143" WIDTH="12"/>
            <String CONTENT="what" HEIGHT="34" HPOS="499" ID="ST_514.6.6.3" STYLEREFS="Style_4" VPOS="2143" WIDTH="93" WC="0.90" CC="0000" TAGREFS=""/>
            <SP HPOS="592" ID="SP_514.6.6.4" VPOS="2142" WIDTH="14"/>
            <String CONTENT="I’d" HEIGHT="35" HPOS="606" ID="ST_514.6.6.5" STYLEREFS="Style_4" VPOS="2142" WIDTH="51" WC="1.00" CC="000" TAGREFS=""/>
            <SP HPOS="657" ID="SP_514.6.6.6" VPOS="2143" WIDTH="13"/>
            <String CONTENT="take" HEIGHT="34" HPOS="670" ID="ST_514.6.6.7" STYLEREFS="Style_4" VPOS="2143" WIDTH="81" WC="1.00" CC="0000" TAGREFS=""/>
            <SP HPOS="751" ID="SP_514.6.6.8" VPOS="2142" WIDTH="12"/>
            <String CONTENT="for" HEIGHT="35" HPOS="763" ID="ST_514.6.6.9" STYLEREFS="Style_4" VPOS="2142" WIDTH="54" WC="0.86" CC="000" TAGREFS=""/>
            <SP HPOS="817" ID="SP_514.6.6.10" VPOS="2153" WIDTH="13"/>
            <String CONTENT="a" HEIGHT="24" HPOS="830" ID="ST_514.6.6.11" STYLEREFS="Style_4" VPOS="2153" WIDTH="20" WC="0.94" CC="0" TAGREFS=""/>
            <SP HPOS="850" ID="SP_514.6.6.12" VPOS="2142" WIDTH="14"/>
            <String CONTENT="road" HEIGHT="35" HPOS="864" ID="ST_514.6.6.13" STYLEREFS="Style_4" VPOS="2142" WIDTH="84" WC="1.00" CC="0000" TAGREFS=""/>
            <SP HPOS="948" ID="SP_514.6.6.14" VPOS="2153" WIDTH="14"/>
            <String CONTENT="across" HEIGHT="24" HPOS="962" ID="ST_514.6.6.15" STYLEREFS="Style_4" VPOS="2153" WIDTH="114" WC="0.91" CC="000000" TAGREFS=""/>
            <SP HPOS="1076" ID="SP_514.6.6.16" VPOS="2142" WIDTH="13"/>
            <String CONTENT="the" HEIGHT="35" HPOS="1089" ID="ST_514.6.6.17" STYLEREFS="Style_4" VPOS="2142" WIDTH="60" WC="0.90" CC="000" TAGREFS=""/>
            <SP HPOS="1149" ID="SP_514.6.6.18" VPOS="2153" WIDTH="12"/>
            <String CONTENT="corner" HEIGHT="23" HPOS="1161" ID="ST_514.6.6.19" STYLEREFS="Style_4" VPOS="2153" WIDTH="120" WC="1.00" CC="000000" TAGREFS=""/>
            <SP HPOS="1281" ID="SP_514.6.6.20" VPOS="2142" WIDTH="14"/>
            <String CONTENT="here" HEIGHT="34" HPOS="1295" ID="ST_514.6.6.21" STYLEREFS="Style_4" VPOS="2142" WIDTH="81" WC="0.94" CC="0000" TAGREFS=""/>
            <SP HPOS="1376" ID="SP_514.6.6.22" VPOS="2152" WIDTH="12"/>
            <String CONTENT="so" HEIGHT="24" HPOS="1388" ID="ST_514.6.6.23" STYLEREFS="Style_4" VPOS="2152" WIDTH="37" WC="1.00" CC="00" TAGREFS=""/>
            <SP HPOS="1425" ID="SP_514.6.6.24" VPOS="2142" WIDTH="12"/>
            <String CONTENT="they" HEIGHT="43" HPOS="1437" ID="ST_514.6.6.25" STYLEREFS="Style_4" VPOS="2142" WIDTH="82" WC="1.00" CC="0000" TAGREFS=""/>
          </TextLine>
          <TextLine HEIGHT="45" HPOS="430" ID="TL_514.6.7" VPOS="2191" WIDTH="1087">
            <String CONTENT="can" HEIGHT="23" HPOS="430" ID="ST_514.6.7.1" STYLEREFS="Style_4" VPOS="2204" WIDTH="66" WC="1.00" CC="000" TAGREFS=""/>
            <SP HPOS="496" ID="SP_514.6.7.2" VPOS="2198" WIDTH="15"/>
            <String CONTENT="get" HEIGHT="38" HPOS="511" ID="ST_514.6.7.3" STYLEREFS="Style_4" VPOS="2198" WIDTH="57" WC="1.00" CC="000" TAGREFS=""/>
            <SP HPOS="568" ID="SP_514.6.7.4" VPOS="2193" WIDTH="15"/>
            <String CONTENT="in" HEIGHT="34" HPOS="583" ID="ST_514.6.7.5" STYLEREFS="Style_4" VPOS="2193" WIDTH="34" WC="0.82" CC="00" TAGREFS=""/>
            <SP HPOS="617" ID="SP_514.6.7.6" VPOS="2192" WIDTH="16"/>
            <String CONTENT="and" HEIGHT="35" HPOS="633" ID="ST_514.6.7.7" STYLEREFS="Style_4" VPOS="2192" WIDTH="69" WC="0.86" CC="000" TAGREFS=""/>
            <SP HPOS="702" ID="SP_514.6.7.8" VPOS="2197" WIDTH="14"/>
            <String CONTENT="out" HEIGHT="30" HPOS="716" ID="ST_514.6.7.9" STYLEREFS="Style_4" VPOS="2197" WIDTH="60" WC="0.97" CC="000" TAGREFS=""/>
            <SP HPOS="776" ID="SP_514.6.7.10" VPOS="2192" WIDTH="15"/>
            <String CONTENT="there," HEIGHT="41" HPOS="791" ID="ST_514.6.7.11" STYLEREFS="Style_4" VPOS="2192" WIDTH="108" WC="0.95" CC="000000" TAGREFS=""/>
            <SP HPOS="899" ID="SP_514.6.7.12" VPOS="2192" WIDTH="16"/>
            <String CONTENT="and" HEIGHT="34" HPOS="915" ID="ST_514.6.7.13" STYLEREFS="Style_4" VPOS="2192" WIDTH="68" WC="0.88" CC="000" TAGREFS=""/>
            <SP HPOS="983" ID="SP_514.6.7.14" VPOS="2193" WIDTH="16"/>
            <String CONTENT="I" HEIGHT="33" HPOS="999" ID="ST_514.6.7.15" STYLEREFS="Style_4" VPOS="2193" WIDTH="16" WC="1.00" CC="9" TAGREFS=""/>
            <SP HPOS="1015" ID="SP_514.6.7.16" VPOS="2192" WIDTH="15"/>
            <String CONTENT="said" HEIGHT="34" HPOS="1030" ID="ST_514.6.7.17" STYLEREFS="Style_4" VPOS="2192" WIDTH="75" WC="1.00" CC="0000" TAGREFS=""/>
            <SP HPOS="1105" ID="SP_514.6.7.18" VPOS="2193" WIDTH="16"/>
            <String CONTENT="I" HEIGHT="33" HPOS="1121" ID="ST_514.6.7.19" STYLEREFS="Style_4" VPOS="2193" WIDTH="15" WC="1.00" CC="9" TAGREFS=""/>
            <SP HPOS="1136" ID="SP_514.6.7.20" VPOS="2192" WIDTH="15"/>
            <String CONTENT="won’t" HEIGHT="34" HPOS="1151" ID="ST_514.6.7.21" STYLEREFS="Style_4" VPOS="2192" WIDTH="103" WC="0.92" CC="00000" TAGREFS=""/>
            <SP HPOS="1254" ID="SP_514.6.7.22" VPOS="2192" WIDTH="15"/>
            <String CONTENT="take" HEIGHT="34" HPOS="1269" ID="ST_514.6.7.23" STYLEREFS="Style_4" VPOS="2192" WIDTH="81" WC="1.00" CC="0000" TAGREFS=""/>
            <SP HPOS="1350" ID="SP_514.6.7.24" VPOS="2191" WIDTH="14"/>
            <String CONTENT="nothing." HEIGHT="43" HPOS="1364" ID="ST_514.6.7.25" STYLEREFS="Style_4" VPOS="2191" WIDTH="153" WC="0.84" CC="00000000" TAGREFS=""/>
          </TextLine>
          <TextLine HEIGHT="45" HPOS="431" ID="TL_514.6.8" VPOS="2241" WIDTH="1088">
            <String CONTENT="You" HEIGHT="34" HPOS="431" ID="ST_514.6.8.1" STYLEREFS="Style_4" VPOS="2243" WIDTH="79" WC="1.00" CC="000" TAGREFS=""/>
            <SP HPOS="510" ID="SP_514.6.8.2" VPOS="2243" WIDTH="7"/>
            <String CONTENT="just" HEIGHT="43" HPOS="517" ID="ST_514.6.8.3" STYLEREFS="Style_4" VPOS="2243" WIDTH="73" WC="0.85" CC="0000" TAGREFS=""/>
            <SP HPOS="590" ID="SP_514.6.8.4" VPOS="2242" WIDTH="10"/>
            <String CONTENT="build" HEIGHT="35" HPOS="600" ID="ST_514.6.8.5" STYLEREFS="Style_4" VPOS="2242" WIDTH="96" WC="0.89" CC="00000" TAGREFS=""/>
            <SP HPOS="696" ID="SP_514.6.8.6" VPOS="2253" WIDTH="10"/>
            <String CONTENT="your" HEIGHT="33" HPOS="706" ID="ST_514.6.8.7" STYLEREFS="Style_4" VPOS="2253" WIDTH="84" WC="1.00" CC="0000" TAGREFS=""/>
            <SP HPOS="790" ID="SP_514.6.8.8" VPOS="2242" WIDTH="11"/>
            <String CONTENT="road" HEIGHT="34" HPOS="801" ID="ST_514.6.8.9" STYLEREFS="Style_4" VPOS="2242" WIDTH="84" WC="1.00" CC="0000" TAGREFS=""/>
            <SP HPOS="885" ID="SP_514.6.8.10" VPOS="2241" WIDTH="11"/>
            <String CONTENT="and" HEIGHT="35" HPOS="896" ID="ST_514.6.8.11" STYLEREFS="Style_4" VPOS="2241" WIDTH="68" WC="0.82" CC="000" TAGREFS=""/>
            <SP HPOS="964" ID="SP_514.6.8.12" VPOS="2242" WIDTH="11"/>
            <String CONTENT="it’ll" HEIGHT="34" HPOS="975" ID="ST_514.6.8.13" STYLEREFS="Style_4" VPOS="2242" WIDTH="63" WC="0.99" CC="00000" TAGREFS=""/>
            <SP HPOS="1038" ID="SP_514.6.8.14" VPOS="2242" WIDTH="10"/>
            <String CONTENT="be" HEIGHT="34" HPOS="1048" ID="ST_514.6.8.15" STYLEREFS="Style_4" VPOS="2242" WIDTH="43" WC="1.00" CC="00" TAGREFS=""/>
            <SP HPOS="1091" ID="SP_514.6.8.16" VPOS="2252" WIDTH="9"/>
            <String CONTENT="our" HEIGHT="24" HPOS="1100" ID="ST_514.6.8.17" STYLEREFS="Style_4" VPOS="2252" WIDTH="63" WC="0.72" CC="000" TAGREFS=""/>
            <SP HPOS="1163" ID="SP_514.6.8.18" VPOS="2241" WIDTH="10"/>
            <String CONTENT="road" HEIGHT="35" HPOS="1173" ID="ST_514.6.8.19" STYLEREFS="Style_4" VPOS="2241" WIDTH="84" WC="0.96" CC="0000" TAGREFS=""/>
            <SP HPOS="1257" ID="SP_514.6.8.20" VPOS="2241" WIDTH="11"/>
            <String CONTENT="and" HEIGHT="35" HPOS="1268" ID="ST_514.6.8.21" STYLEREFS="Style_4" VPOS="2241" WIDTH="68" WC="0.84" CC="000" TAGREFS=""/>
            <SP HPOS="1336" ID="SP_514.6.8.22" VPOS="2241" WIDTH="10"/>
            <String CONTENT="that’s" HEIGHT="35" HPOS="1346" ID="ST_514.6.8.23" STYLEREFS="Style_4" VPOS="2241" WIDTH="104" WC="0.98" CC="000000" TAGREFS=""/>
            <SP HPOS="1450" ID="SP_514.6.8.24" VPOS="2241" WIDTH="10"/>
            <String CONTENT="the" HEIGHT="34" HPOS="1460" ID="ST_514.6.8.25" STYLEREFS="Style_4" VPOS="2241" WIDTH="59" WC="1.00" CC="000" TAGREFS=""/>
          </TextLine>
          <TextLine HEIGHT="44" HPOS="430" ID="TL_514.6.9" VPOS="2292" WIDTH="411">
            <String CONTENT="way" HEIGHT="33" HPOS="430" ID="ST_514.6.9.1" STYLEREFS="Style_4" VPOS="2303" WIDTH="76" WC="0.84" CC="000" TAGREFS=""/>
            <SP HPOS="506" ID="SP_514.6.9.2" VPOS="2293" WIDTH="21"/>
            <String CONTENT="I" HEIGHT="33" HPOS="527" ID="ST_514.6.9.3" STYLEREFS="Style_4" VPOS="2293" WIDTH="15" WC="1.00" CC="9" TAGREFS=""/>
            <SP HPOS="542" ID="SP_514.6.9.4" VPOS="2303" WIDTH="20"/>
            <String CONTENT="was" HEIGHT="23" HPOS="562" ID="ST_514.6.9.5" STYLEREFS="Style_4" VPOS="2303" WIDTH="70" WC="0.99" CC="000" TAGREFS=""/>
            <SP HPOS="632" ID="SP_514.6.9.6" VPOS="2292" WIDTH="20"/>
            <String CONTENT="with" HEIGHT="34" HPOS="652" ID="ST_514.6.9.7" STYLEREFS="Style_4" VPOS="2292" WIDTH="83" WC="0.91" CC="0000" TAGREFS=""/>
            <SP HPOS="735" ID="SP_514.6.9.8" VPOS="2292" WIDTH="20"/>
            <String CONTENT="that." HEIGHT="34" HPOS="755" ID="ST_514.6.9.9" STYLEREFS="Style_4" VPOS="2292" WIDTH="86" WC="1.00" CC="00000" TAGREFS=""/>
          </TextLine>
        </TextBlock>
        <TextBlock HEIGHT="94.0" HPOS="307.0" ID="BL_514.7" TAGREFS="b514-9" VPOS="2368.0" WIDTH="1213.0">
          <TextLine HEIGHT="43" HPOS="307" ID="TL_514.7.1" VPOS="2368" WIDTH="1211">
            <String CONTENT="The" HEIGHT="34" HPOS="307" ID="ST_514.7.1.1" STYLEREFS="Style_4" VPOS="2369" WIDTH="74" WC="0.98" CC="000" TAGREFS=""/>
            <SP HPOS="381" ID="SP_514.7.1.2" VPOS="2374" WIDTH="19"/>
            <String CONTENT="statement" HEIGHT="30" HPOS="400" ID="ST_514.7.1.3" STYLEREFS="Style_4" VPOS="2374" WIDTH="186" WC="0.97" CC="000000000" TAGREFS=""/>
            <SP HPOS="586" ID="SP_514.7.1.4" VPOS="2380" WIDTH="19"/>
            <String CONTENT="was" HEIGHT="23" HPOS="605" ID="ST_514.7.1.5" STYLEREFS="Style_4" VPOS="2380" WIDTH="70" WC="1.00" CC="000" TAGREFS=""/>
            <SP HPOS="675" ID="SP_514.7.1.6" VPOS="2374" WIDTH="20"/>
            <String CONTENT="not" HEIGHT="29" HPOS="695" ID="ST_514.7.1.7" STYLEREFS="Style_4" VPOS="2374" WIDTH="59" WC="0.88" CC="000" TAGREFS=""/>
            <SP HPOS="754" ID="SP_514.7.1.8" VPOS="2368" WIDTH="19"/>
            <String CONTENT="admissible," HEIGHT="41" HPOS="773" ID="ST_514.7.1.9" STYLEREFS="Style_4" VPOS="2368" WIDTH="211" WC="0.92" CC="00000000000" TAGREFS=""/>
            <SP HPOS="984" ID="SP_514.7.1.10" VPOS="2373" WIDTH="20"/>
            <String CONTENT="not" HEIGHT="30" HPOS="1004" ID="ST_514.7.1.11" STYLEREFS="Style_4" VPOS="2373" WIDTH="59" WC="1.00" CC="000" TAGREFS=""/>
            <SP HPOS="1063" ID="SP_514.7.1.12" VPOS="2368" WIDTH="20"/>
            <String CONTENT="being" HEIGHT="43" HPOS="1083" ID="ST_514.7.1.13" STYLEREFS="Style_4" VPOS="2368" WIDTH="102" WC="0.98" CC="00000" TAGREFS=""/>
            <SP HPOS="1185" ID="SP_514.7.1.14" VPOS="2368" WIDTH="19"/>
            <String CONTENT="subject" HEIGHT="43" HPOS="1204" ID="ST_514.7.1.15" STYLEREFS="Style_4" VPOS="2368" WIDTH="135" WC="0.99" CC="0000000" TAGREFS=""/>
            <SP HPOS="1339" ID="SP_514.7.1.16" VPOS="2372" WIDTH="18"/>
            <String CONTENT="to" HEIGHT="30" HPOS="1357" ID="ST_514.7.1.17" STYLEREFS="Style_4" VPOS="2372" WIDTH="36" WC="1.00" CC="00" TAGREFS=""/>
            <SP HPOS="1393" ID="SP_514.7.1.18" VPOS="2378" WIDTH="18"/>
            <String CONTENT="cross-" HEIGHT="24" HPOS="1411" ID="ST_514.7.1.19" STYLEREFS="Style_4" VPOS="2378" WIDTH="107" WC="0.91" CC="000000" TAGREFS=""/>
          </TextLine>
          <TextLine HEIGHT="45" HPOS="307" ID="TL_514.7.2" VPOS="2417" WIDTH="1213">
            <String CONTENT="examination," HEIGHT="41" HPOS="307" ID="ST_514.7.2.1" STYLEREFS="Style_4" VPOS="2419" WIDTH="246" WC="0.97" CC="000000000000" TAGREFS=""/>
            <SP HPOS="553" ID="SP_514.7.2.2" VPOS="2429" WIDTH="23"/>
            <String CONTENT="nor" HEIGHT="24" HPOS="576" ID="ST_514.7.2.3" STYLEREFS="Style_4" VPOS="2429" WIDTH="62" WC="0.88" CC="000" TAGREFS=""/>
            <SP HPOS="638" ID="SP_514.7.2.4" VPOS="2418" WIDTH="23"/>
            <String CONTENT="does" HEIGHT="35" HPOS="661" ID="ST_514.7.2.5" STYLEREFS="Style_4" VPOS="2418" WIDTH="82" WC="0.90" CC="0000" TAGREFS=""/>
            <SP HPOS="743" ID="SP_514.7.2.6" VPOS="2419" WIDTH="23"/>
            <String CONTENT="it" HEIGHT="34" HPOS="766" ID="ST_514.7.2.7" STYLEREFS="Style_4" VPOS="2419" WIDTH="26" WC="1.00" CC="00" TAGREFS=""/>
            <SP HPOS="792" ID="SP_514.7.2.8" VPOS="2429" WIDTH="23"/>
            <String CONTENT="appear" HEIGHT="33" HPOS="815" ID="ST_514.7.2.9" STYLEREFS="Style_4" VPOS="2429" WIDTH="129" WC="1.00" CC="000000" TAGREFS=""/>
            <SP HPOS="944" ID="SP_514.7.2.10" VPOS="2418" WIDTH="23"/>
            <String CONTENT="that" HEIGHT="35" HPOS="967" ID="ST_514.7.2.11" STYLEREFS="Style_4" VPOS="2418" WIDTH="76" WC="0.94" CC="0000" TAGREFS=""/>
            <SP HPOS="1043" ID="SP_514.7.2.12" VPOS="2418" WIDTH="23"/>
            <String CONTENT="the" HEIGHT="34" HPOS="1066" ID="ST_514.7.2.13" STYLEREFS="Style_4" VPOS="2418" WIDTH="59" WC="0.90" CC="000" TAGREFS=""/>
            <SP HPOS="1125" ID="SP_514.7.2.14" VPOS="2417" WIDTH="22"/>
            <String CONTENT="introduction" HEIGHT="35" HPOS="1147" ID="ST_514.7.2.15" STYLEREFS="Style_4" VPOS="2417" WIDTH="233" WC="0.92" CC="000000000000" TAGREFS=""/>
            <SP HPOS="1380" ID="SP_514.7.2.16" VPOS="2417" WIDTH="23"/>
            <String CONTENT="of" HEIGHT="35" HPOS="1403" ID="ST_514.7.2.17" STYLEREFS="Style_4" VPOS="2417" WIDTH="39" WC="1.00" CC="00" TAGREFS=""/>
            <SP HPOS="1442" ID="SP_514.7.2.18" VPOS="2417" WIDTH="19"/>
            <String CONTENT="the" HEIGHT="34" HPOS="1461" ID="ST_514.7.2.19" STYLEREFS="Style_4" VPOS="2417" WIDTH="59" WC="1.00" CC="000" TAGREFS=""/>
          </TextLine>
        </TextBlock>
      </PrintSpace>
    </Page>
  </Layout>
</alto>
