1674 2699
1277 252 67 34 637

230 1099 142 44 Skaggs
395 1100 30 33 &
449 1100 126 40 Chase,
597 1100 55 43 by:
674 1100 159 35 Michael
853 1101 37 34 C.
914 1100 126 41 Chase,
1062 1101 52 34 for
1135 1101 185 43 appellant.

231 1179 104 35 Steve
353 1179 119 41 Clark,
490 1180 99 43 Att’y
606 1180 101 40 Gen.,
725 1180 55 43 by:
797 1180 81 35 Joel
895 1181 38 34 O.
951 1182 173 42 Huggins,
1142 1182 93 33 Asst.
1253 1181 98 43 Att’y

140 1228 101 41 Gen.,
263 1228 53 34 for
337 1229 163 44 appellee.

233 1308 125 34 David
373 1308 208 40 Newbern,
597 1308 141 35 Justice.

754 1309 74 34 The
842 1309 176 44 appellant
1033 1309 145 44 pleaded
1193 1310 109 43 guilty
1316 1315 35 29 to

141 1357 68 34 and
229 1368 70 23 was
318 1357 177 35 convicted
514 1357 40 35 of
570 1369 93 33 rape,
683 1358 80 35 nine
781 1364 120 29 counts
920 1359 40 34 of
976 1359 174 44 burglary,
1170 1359 68 35 and
1257 1359 94 43 eight

141 1412 122 29 counts
279 1407 38 34 of
330 1406 90 35 theft
435 1407 38 34 of
486 1413 173 39 property.
675 1408 75 35 The
765 1408 121 35 circuit
897 1409 109 43 judge
1020 1409 78 34 who
1113 1409 164 44 accepted
1293 1409 59 35 the

141 1456 78 44 plea
229 1456 69 35 and
308 1457 139 34 entered
457 1457 59 35 the
524 1458 193 35 conviction
728 1458 86 35 later
824 1459 154 34 received
988 1469 20 24 a
1019 1459 100 34 letter
1128 1458 35 35 in
1172 1459 111 35 which
1293 1459 58 34 the

141 1506 177 44 appellant
328 1507 133 43 alleged
472 1507 52 35 his
534 1509 139 33 counsel
684 1508 72 34 told
768 1508 71 35 him
849 1508 76 35 that
936 1509 51 34 his
999 1514 177 29 sentences
1186 1508 112 36 would
1309 1509 43 34 be

141 1562 206 29 concurrent
371 1557 115 35 rather
509 1558 85 34 than
618 1558 218 35 consecutive
859 1558 69 35 and
952 1559 77 35 that
1052 1559 68 34 this
1144 1559 207 35 constituted

141 1607 397 43 “misrepresentation.”
553 1608 75 34 The
639 1607 109 44 judge
762 1608 133 35 treated
910 1609 59 34 the
984 1608 111 42 letter,
1110 1609 112 34 which
1237 1609 73 35 said
1325 1609 26 34 it

140 1667 70 24 was
221 1668 20 23 a
252 1656 129 35 habeas
391 1667 122 33 corpus
524 1658 155 43 petition,
691 1668 37 24 as
739 1669 20 23 a
769 1658 143 43 petition
922 1658 54 35 for
986 1658 101 34 relief
1094 1658 109 35 under
1212 1660 84 33 Ark.
1307 1659 42 34 R.

142 1706 108 35 Crim.
262 1706 36 34 P.
312 1708 42 32 37
367 1706 67 35 and
445 1706 123 36 denied
580 1707 26 34 it
616 1708 145 34 without
771 1719 20 23 a
801 1708 153 43 hearing.
966 1708 75 34 The
1051 1708 80 44 only
1140 1708 90 35 issue
1240 1708 112 35 raised

141 1756 34 34 in
191 1757 68 34 this
276 1757 122 43 appeal
414 1756 27 35 is
457 1757 153 35 whether
626 1757 26 35 it
667 1768 70 24 was
753 1757 172 45 improper
940 1763 36 30 to
991 1757 90 45 deny
1096 1758 101 35 relief
1208 1759 144 34 without

141 1806 141 43 holding
302 1817 20 24 a
342 1806 152 44 hearing.
516 1807 66 35 We
600 1807 81 35 hold
701 1807 26 35 it
746 1819 69 23 was
834 1813 60 29 not
913 1808 184 45 improper,
1116 1808 69 35 and
1204 1809 79 35 thus
1302 1820 51 23 we

141 1857 125 34 affirm.

367 1937 90 34 Rule
477 1936 136 43 37.3(a)
636 1937 167 44 provides:

359 2015 35 34 If
409 2015 59 34 the
487 2015 131 35 motion
638 2015 69 35 and
727 2016 59 34 the
805 2016 72 34 files
897 2016 68 34 and
986 2016 137 34 records
1143 2016 39 34 of
1198 2017 58 34 the
1275 2027 79 23 case

267 2064 228 44 conclusively
508 2065 93 34 show
615 2065 77 34 that
705 2065 59 34 the
776 2066 153 42 prisoner
942 2065 27 34 is
983 2066 143 34 entitled
1140 2070 35 29 to
1188 2076 43 24 no
1245 2065 107 41 relief,

267 2113 59 34 the
342 2114 79 34 trial
438 2120 98 29 court
552 2114 88 34 shall
658 2114 103 35 make
777 2115 135 34 written
929 2114 148 44 findings
1094 2120 35 29 to
1146 2115 77 34 that
1239 2115 113 41 effect,

267 2163 191 44 specifying
473 2175 68 32 any
556 2169 95 38 parts
666 2163 40 36 of
717 2164 60 35 the
791 2165 73 34 files
878 2175 38 24 or
931 2164 137 35 records
1084 2165 76 34 that
1175 2176 59 23 are
1249 2165 105 35 relied

267 2223 92 33 upon
380 2219 35 29 to
434 2214 132 34 sustain
586 2213 60 35 the
665 2214 127 34 court’s
813 2213 158 44 findings.

142 2292 93 34 Rule
262 2292 134 42 37.3(c)
425 2293 156 42 provides
608 2293 78 34 that
712 2292 29 34 if
766 2293 59 34 the
851 2293 130 34 motion
1009 2293 27 34 is
1064 2299 59 28 not
1150 2293 143 34 decided
1320 2294 34 33 in

143 2340 215 35 accordance
372 2341 82 34 with
470 2342 196 34 subsection
683 2341 53 42 (a)
755 2353 19 23 a
790 2342 143 43 hearing
948 2342 88 34 shall
1052 2342 43 34 be
1109 2342 155 43 granted.
1281 2342 74 34 The

142 2390 93 34 clear
245 2390 214 43 implication
469 2391 27 34 is
505 2391 77 34 that
591 2391 30 34 if
627 2391 59 34 the
695 2391 131 34 motion
835 2401 65 24 can
910 2391 42 35 be
961 2391 144 35 decided
1114 2402 45 24 on
1167 2391 59 35 the
1235 2391 119 35 record
