1670 2702
129 405 60 30 not
201 400 103 44 fairly
317 400 129 35 related
459 406 35 29 to
506 401 59 34 the
577 401 84 35 level
674 401 40 34 of
722 401 161 44 highway
894 401 145 35 services
1052 400 163 45 provided
1228 401 45 43 by
1284 401 59 34 the

129 455 91 30 state
240 456 36 29 to
296 451 85 34 each
403 451 101 34 HUE
524 455 177 39 taxpayer.

1274 260 66 33 495

362 537 39 34 In
418 535 183 45 Complete
615 539 98 32 Auto
732 538 147 38 Transit,
896 538 69 33 Inc.
981 548 32 23 v.
1029 536 129 44 Brady,
1174 537 68 34 430
1258 537 84 34 U.S.

130 587 69 33 274
222 585 137 44 (1977),
380 587 58 34 the
458 586 130 35 United
609 586 116 35 States
746 587 169 43 Supreme
935 586 111 35 Court
1065 586 201 35 considered
1285 587 59 34 the

128 635 145 44 validity
282 635 40 35 of
328 647 20 23 a
358 641 89 30 state
456 636 88 35 sales
554 641 59 29 tax
622 636 110 35 under
742 637 59 34 the
809 647 195 24 commerce
1013 636 127 36 clause.
1150 637 74 34 The
1234 637 109 35 Court

130 686 105 34 noted
252 686 76 35 that
344 686 108 34 under
469 686 43 34 its
529 686 92 44 prior
637 685 152 36 decision
806 686 34 34 in
855 687 151 43 Spector
1020 688 125 33 Motor
1158 687 140 34 Service
1312 698 31 23 v.

132 735 195 41 O’Connor,
344 737 66 34 340
426 736 83 34 U.S.
526 736 68 34 602
611 736 138 43 (1951),
765 747 20 24 a
800 741 89 30 state
903 741 60 29 tax
976 747 45 24 on
1035 736 60 35 the
1109 736 185 44 “privilege
1308 736 39 35 of

130 785 105 43 doing
249 785 177 35 business”
439 797 71 23 was
519 796 66 34 per
596 797 37 23 se
645 785 309 36 unconstitutional
966 787 100 34 when
1079 786 27 35 it
1118 787 28 34 is
1160 786 137 44 applied
1309 791 36 30 to

131 836 182 34 interstate
332 846 203 24 commerce.
558 836 40 34 In
617 835 130 44 Brady,
768 836 59 34 the
846 836 170 44 Supreme
1037 836 110 35 Court
1167 836 178 35 overruled

130 887 160 43 Spector,
318 886 68 34 and
413 885 146 42 instead,
587 886 138 44 applied
752 897 20 24 a
799 885 173 45 four-part
999 891 67 30 test
1093 892 35 29 to
1155 886 190 35 determine

131 935 311 44 constitutionality
458 936 110 34 under
584 936 59 35 the
658 946 195 25 commerce
868 936 127 35 clause.
1013 937 121 35 Under
1150 937 76 35 that
1242 942 66 30 test
1324 948 20 23 a

131 991 60 29 tax
210 985 27 34 is
256 985 92 35 valid
367 986 98 34 when
484 986 59 34 the
562 991 59 29 tax
643 985 53 43 (1)
719 986 50 35 “is
788 986 137 44 applied
944 992 36 29 to
1000 998 44 23 an
1064 987 141 44 activity
1223 987 82 34 with
1324 998 20 23 a

131 1034 209 36 substantial
358 1046 107 24 nexus
483 1035 83 35 with
585 1036 60 34 the
662 1036 120 43 taxing
801 1036 133 41 State”,
956 1036 54 43 (2)
1031 1036 52 35 “is
1102 1036 103 44 fairly
1224 1047 121 34 appor­

131 1084 152 42 tioned”,
314 1085 53 42 (3)
398 1085 104 34 “does
530 1090 60 29 not
617 1086 237 34 discriminate
881 1086 137 42 against
1046 1086 180 35 interstate
1252 1097 92 24 com­

131 1135 150 40 merce”,
296 1135 68 33 and
379 1134 53 43 (4)
449 1135 50 34 “is
513 1135 103 43 fairly
629 1135 132 34 related
774 1140 35 29 to
822 1136 59 34 the
893 1136 146 34 services
1053 1135 163 44 provided
1230 1137 44 42 by
1287 1137 59 33 the

131 1184 136 34 State.”
279 1185 39 33 In
329 1183 208 45 Burlington
546 1186 137 33 N.R.R.
699 1185 60 34 Co.
770 1195 31 24 v.
811 1184 176 45 Ragland,
1003 1185 166 41 Comm’r,
1181 1186 68 34 280
1259 1186 85 34 Ark.

136 1234 76 40 182,
228 1234 66 34 655
311 1233 142 35 S.W.2d
468 1235 67 33 437
553 1233 138 43 (1983),
707 1245 51 24 we
772 1234 267 44 acknowledged
1053 1235 77 34 that
1145 1235 200 34 “whenever

132 1284 98 33 there
243 1283 27 34 is
285 1294 20 24 a
319 1283 179 43 challenge
511 1289 36 29 to
560 1294 69 33 any
642 1289 90 29 state
745 1289 59 30 tax
817 1295 44 23 on
875 1284 181 35 interstate
1068 1295 205 30 commerce,
1287 1285 59 34 the

131 1338 60 29 tax
211 1333 69 34 will
300 1332 43 35 be
363 1332 178 44 subjected
561 1338 36 30 to
617 1334 60 34 the
695 1333 118 44 Brady
833 1334 101 35 test.”

317 1419 74 35 The
401 1420 193 43 appellants
603 1419 171 35 maintain
785 1420 75 35 that
870 1421 59 34 the
939 1421 103 34 HUE
1052 1425 59 30 tax
1121 1420 79 35 fails
1210 1426 35 29 to
1254 1426 92 29 meet

131 1469 60 34 the
206 1468 93 35 third
314 1469 69 34 and
398 1469 117 35 fourth
530 1479 126 35 prongs
672 1469 40 35 of
723 1470 59 35 the
795 1470 118 44 Brady
928 1475 77 30 test.
1022 1470 104 35 Since
1140 1470 82 44 they
1236 1470 110 35 admit

131 1519 78 34 that
218 1519 61 34 the
286 1524 61 29 tax
355 1519 29 34 is
393 1519 140 45 facially
542 1520 149 40 neutral,
701 1520 59 35 the
769 1521 193 43 appellants
971 1531 60 24 are
1040 1520 165 44 claiming
1214 1521 34 34 in
1258 1521 89 35 their

132 1568 191 36 discussion
349 1569 40 35 of
411 1569 59 35 the
496 1569 92 36 third
615 1580 120 34 prong,
762 1570 76 35 that
864 1571 43 35 its
934 1571 167 44 practical
1128 1571 103 35 effect
1257 1571 27 35 is
1311 1577 35 29 to

131 1619 239 35 discriminate
396 1620 135 43 against
558 1620 181 35 interstate
765 1631 205 25 commerce.
997 1621 84 35 This
1108 1626 184 38 argument
1318 1622 28 35 is

132 1669 108 36 based
260 1680 44 24 on
325 1670 59 35 the
404 1670 123 35 results
548 1670 40 35 of
604 1671 60 35 the
684 1671 99 35 ATA
803 1682 122 33 survey
945 1671 177 36 discussed
1143 1672 202 44 previously.

131 1720 181 44 Although
330 1720 130 35 several
477 1727 213 38 arguments,
708 1732 62 33 pro
787 1721 68 35 and
873 1732 75 31 con,
967 1733 60 24 are
1043 1722 104 35 made
1164 1722 106 35 about
1287 1723 59 34 the

130 1770 155 44 veracity
294 1770 39 34 of
339 1771 59 34 the
406 1771 99 34 ATA
514 1782 133 33 survey,
657 1782 52 23 we
717 1770 71 36 find
798 1782 44 24 no
851 1771 163 36 evidence
1022 1772 77 34 that
1108 1773 59 34 the
1177 1773 101 34 HUE
1287 1777 59 30 tax

131 1819 254 35 discriminates
397 1820 136 42 against
545 1820 182 35 interstate
737 1831 204 24 commerce.
954 1822 75 33 The
1040 1826 60 29 tax
1111 1822 28 34 is
1150 1822 195 34 structured

130 1873 36 29 to
186 1868 88 34 offer
295 1868 97 34 three
411 1869 136 42 options
568 1868 52 34 for
641 1870 225 42 compliance.
888 1870 34 33 A
941 1870 102 33 truck
1061 1870 78 34 that
1159 1876 108 28 meets
1287 1870 60 34 the

131 1916 139 35 criteria
289 1916 40 34 of
344 1917 59 34 the
421 1921 59 30 tax
499 1928 82 32 may
599 1928 68 33 pay
686 1928 45 23 an
750 1919 128 33 annual
897 1918 62 34 flat
977 1918 66 41 fee,
1064 1930 20 23 a
1103 1919 56 34 fee
1177 1918 106 35 based
1301 1930 44 23 on

130 1966 161 43 mileage,
312 1976 38 24 or
371 1966 69 44 buy
461 1977 21 24 a
503 1966 68 44 trip
592 1967 136 44 permit.
751 1967 112 35 These
883 1968 135 43 options
1040 1979 59 24 are
1120 1968 170 35 available
1310 1974 36 29 to

131 2016 185 35 intrastate
333 2017 69 34 and
419 2016 181 36 interstate
617 2017 145 35 carriers
781 2017 100 36 alike.
900 2018 74 35 The
992 2029 125 34 money
1134 2018 167 36 collected
1318 2019 28 34 is

131 2066 85 35 used
228 2071 36 30 to
276 2066 102 35 offset
390 2066 161 46 highway
562 2068 131 43 repairs
706 2068 69 35 and
786 2073 90 30 costs
888 2068 69 35 and
970 2069 80 34 thus
1062 2069 60 34 the
1134 2069 102 35 HUE
1247 2074 59 30 tax
1318 2069 27 35 is

131 2116 35 35 in
185 2116 62 35 the
266 2121 124 30 nature
409 2116 39 35 of
465 2128 21 23 a
505 2128 79 24 user
605 2117 56 35 fee
680 2128 38 24 or
737 2123 71 30 tax.

317 2202 40 34 In
365 2204 94 32 Aero
468 2202 211 44 Mayflower
691 2204 138 34 Transit
841 2204 60 34 Co.
912 2214 30 23 v.
955 2204 152 43 Georgia
1116 2203 124 35 Public
1248 2204 96 34 Serv.

134 2251 170 39 Comm’n,
323 2258 34 28 et
372 2252 59 40 al.,
448 2253 66 34 295
531 2252 85 35 U.S.
635 2253 66 34 285
721 2252 138 44 (1935),
875 2253 59 35 the
950 2253 84 35 U.S.
1051 2253 170 44 Supreme
1237 2254 110 34 Court

131 2301 178 35 discussed
319 2312 20 24 a
349 2302 151 43 Georgia
510 2307 131 30 statute
650 2303 171 43 imposing
831 2314 44 24 an
885 2304 130 34 annual
1024 2303 128 35 license
1161 2303 55 35 fee
1225 2303 54 35 for
1288 2304 59 34 the

131 2351 246 36 maintenance
391 2351 40 36 of
443 2352 60 35 the
518 2352 190 44 highways.
724 2353 76 35 The
815 2353 112 35 Court
942 2353 109 35 found
1067 2354 60 35 the
1142 2358 131 31 statute
1287 2353 60 35 did

131 2406 60 31 not
200 2401 58 45 lay
267 2412 45 25 an
321 2402 167 35 unlawful
498 2402 132 36 burden
640 2414 44 24 on
694 2403 181 35 interstate
883 2414 204 25 commerce.
1099 2405 40 34 In
1148 2415 37 23 so
1194 2403 152 45 holding,
