1648 2696
1256 277 67 37 259

296 423 57 35 On
364 423 109 34 direct
485 422 124 44 appeal
621 422 103 44 Story
736 422 74 34 first
821 432 123 33 argues
957 421 77 35 that
1045 421 59 35 the
1115 420 211 45 third-party

110 474 192 44 complaint
319 473 135 43 against
472 473 72 34 him
561 472 124 35 should
703 472 87 34 have
807 472 86 34 been
910 471 182 35 dismissed
1110 471 54 34 for
1180 476 93 29 want
1289 470 40 35 of

110 534 122 30 venue,
250 523 148 35 because
414 523 59 34 the
489 522 69 35 suit
574 533 70 23 was
661 522 150 43 brought
827 522 35 34 in
879 521 139 35 Pulaski
1036 521 150 43 County,
1204 521 62 34 but
1283 520 43 35 he

112 573 128 34 resides
253 573 34 34 in
302 573 170 34 Faulkner
484 572 151 44 County,
648 583 70 23 was
731 571 118 35 served
861 572 35 34 in
909 572 173 34 Faulkner
1094 571 150 43 County,
1257 570 69 35 and

112 628 94 29 must
222 623 43 34 be
281 622 84 35 sued
382 623 106 34 there.
506 622 76 35 Our
599 622 121 34 Venue
736 623 80 39 Act,
833 622 167 40 however,
1018 632 70 23 was
1105 620 170 35 amended
1292 621 34 34 in

116 674 88 34 1977
219 678 36 29 to
269 672 139 45 provide
421 672 76 35 that
511 683 44 24 an
569 672 116 35 action
698 671 54 35 for
765 671 200 35 conversion
978 682 82 33 may
1074 671 43 34 be
1129 671 149 43 brought
1292 671 34 34 in

112 723 60 34 the
184 728 129 38 county
326 722 113 35 where
451 722 59 35 the
523 722 200 35 conversion
737 721 165 35 occurred
915 732 38 24 or
966 721 114 35 where
1093 721 59 35 the
1164 731 114 25 owner
1291 720 39 35 of

112 773 60 34 the
184 772 184 35 converted
381 777 161 39 property
555 771 135 36 resided
703 777 36 29 at
752 772 58 34 the
822 772 95 34 time.
932 772 121 34 Hence
1065 771 60 35 the
1135 782 110 23 venue
1257 781 70 24 was

112 833 125 33 proper
258 822 29 35 if
304 823 103 43 Story
427 822 69 35 had
516 822 88 35 been
624 822 110 43 guilty
754 821 39 35 of
810 822 210 34 conversion.

346 902 65 34 We
426 901 100 35 think
542 901 60 35 the
618 901 102 44 proof
734 912 69 23 was
820 901 181 34 sufficient.
1019 900 75 35 The
1110 900 104 35 claim
1230 911 99 24 arose

113 952 151 35 because
283 952 143 35 Central
447 951 224 35 Mechanical
690 962 69 24 was
779 951 35 35 in
833 951 163 35 financial
1016 951 136 35 trouble
1170 950 69 35 and
1258 961 70 24 was

114 1003 100 42 using
234 1013 74 24 new
329 1013 123 33 money
471 1007 36 29 to
526 1012 68 34 pay
613 1001 57 35 old
690 1007 174 29 accounts.
885 1001 104 44 Story
1008 1001 89 35 tried
1116 1006 36 29 to
1171 1001 158 35 disclaim

114 1052 159 44 personal
283 1052 253 44 responsibility
546 1052 45 43 by
600 1052 121 43 saying
730 1052 76 34 that
815 1051 52 35 his
877 1051 80 35 wife
965 1062 70 24 was
1045 1051 60 35 the
1113 1051 215 44 bookkeeper

114 1102 69 34 and
196 1113 71 23 was
280 1101 34 35 in
327 1102 128 43 charge
466 1101 40 35 of
515 1101 86 35 such
613 1106 156 30 matters.
782 1101 75 35 The
868 1101 80 35 trial
957 1101 119 44 judge,
1090 1101 166 41 however,
1270 1100 59 35 did

114 1157 61 29 not
193 1152 88 34 have
298 1157 35 29 to
352 1157 120 38 accept
490 1152 77 34 that
585 1151 197 35 disclaimer
800 1152 34 34 in
851 1151 85 35 view
954 1151 40 35 of
1009 1151 60 34 the
1086 1151 73 35 fact
1176 1151 77 35 that
1271 1151 59 34 the

114 1201 161 35 husband
290 1201 69 35 and
373 1201 79 35 wife
466 1201 166 44 operated
646 1201 60 35 the
719 1201 155 35 business
889 1201 168 43 together.
1075 1201 253 41 Furthermore,

115 1252 88 34 Mrs.
219 1251 104 44 Story
338 1251 171 44 evidently
523 1251 123 35 looked
661 1256 36 29 to
711 1251 61 34 her
786 1251 159 34 husband
960 1251 54 34 for
1028 1251 232 41 instructions,
1276 1250 53 35 for

114 1301 100 34 when
227 1301 62 34 she
301 1312 70 23 was
384 1301 105 34 asked
502 1301 78 43 why
593 1301 61 34 she
667 1301 69 34 had
749 1301 121 44 posted
882 1312 21 23 a
916 1306 166 39 payment
1094 1306 36 29 to
1142 1301 59 34 the
1213 1311 116 32 wrong

115 1356 149 29 account
276 1351 61 34 she
349 1350 186 35 answered:
550 1351 73 34 “At
635 1351 60 34 the
706 1351 85 34 time
804 1351 14 34 I
831 1351 169 43 probably
1011 1350 154 35 couldn’t
1178 1361 63 24 run
1255 1351 75 34 Rex

115 1400 135 41 down,”
263 1411 37 24 so
311 1400 61 35 she
383 1400 120 44 posted
514 1400 60 35 the
584 1406 166 38 payment
760 1406 37 29 to
807 1400 59 35 the
876 1411 118 33 wrong
1006 1405 158 30 account.
1176 1400 71 34 She
1257 1400 73 34 also

115 1450 171 35 admitted
299 1450 76 35 that
387 1455 36 30 at
435 1450 101 35 times
548 1450 100 35 when
661 1450 61 35 she
733 1450 69 35 had
814 1450 115 35 closed
942 1450 61 35 her
1015 1450 106 35 books
1134 1461 44 24 on
1190 1461 20 24 a
1219 1449 61 44 job
1292 1461 38 24 as

115 1500 103 43 being
237 1500 146 35 finished
402 1500 68 35 and
488 1500 146 35 another
652 1506 165 38 payment
834 1510 100 25 came
951 1500 47 41 in,
1016 1500 62 35 she
1096 1499 137 45 applied
1251 1500 26 34 it
1295 1505 36 30 to

115 1550 146 34 another
268 1550 72 43 job.
352 1551 48 34 At
411 1561 64 23 one
485 1550 97 44 point
592 1550 61 34 she
663 1550 184 34 conceded:
860 1550 125 41 “Well,
996 1550 101 43 okay,
1109 1550 14 34 I
1135 1549 67 35 lied
1213 1550 117 34 then.”

115 1600 75 34 The
205 1600 186 43 testimony
406 1610 70 25 was
492 1600 172 34 sufficient
679 1604 36 30 to
730 1605 142 39 support
887 1600 60 34 the
962 1600 79 34 trial
1057 1600 127 34 court’s
1200 1599 130 44 finding

115 1649 78 35 that
204 1649 104 44 Story
319 1649 68 35 had
399 1650 86 34 been
496 1650 111 43 guilty
617 1649 40 35 of
664 1650 199 34 conversion
875 1650 45 43 by
930 1650 121 43 taking
1062 1654 181 40 payments
1254 1649 77 35 that

116 1699 124 35 should
253 1700 87 34 have
351 1700 87 34 been
450 1699 138 45 applied
601 1705 36 29 to
648 1700 60 34 the
719 1699 130 44 Searcy
857 1700 62 43 job
931 1700 69 34 and
1012 1698 164 46 applying
1188 1700 95 34 them
1295 1705 36 29 to

115 1749 100 35 other
227 1755 175 29 accounts.
417 1750 30 34 It
459 1750 27 34 is
498 1755 61 29 not
571 1749 131 44 argued
714 1750 76 36 that
801 1750 85 34 such
898 1749 150 35 conduct
1059 1749 114 35 would
1185 1754 59 30 not
1256 1750 43 34 be
1310 1760 20 25 a

116 1800 211 34 conversion.
338 1800 256 34 See Hooten v.
604 1800 104 34 State
720 1801 67 33 Use
798 1800 107 34 Cross
916 1800 149 43 County,
1080 1800 64 34 119
1154 1800 85 34 Ark.
1252 1801 78 40 334,

120 1850 63 32 178
196 1849 95 34 S.W.
306 1850 78 39 310,
396 1850 98 33 LRA
510 1849 132 40 1916C,
657 1849 218 42 544(1915),
887 1849 69 34 and
967 1860 80 23 case
1058 1854 91 36 note,
1161 1850 20 33 9
1193 1850 85 33 Ark.
1291 1850 38 33 L.

116 1898 85 34 Rev.
214 1899 44 33 72
272 1898 137 42 (1954).
422 1899 93 33 Even
526 1898 132 43 though
671 1898 143 35 Central
825 1898 225 35 Mechanical
1060 1909 70 24 was
1141 1909 20 24 a
1172 1909 158 33 corpora­

115 1947 84 41 tion,
217 1947 105 44 Story
339 1948 27 34 is
383 1948 104 34 liable
503 1947 55 35 for
574 1947 53 35 his
644 1958 76 24 own
737 1953 96 29 torts.
851 1949 51 33 As
918 1953 36 29 to
971 1948 74 34 him
1061 1948 59 34 the
1135 1959 110 23 venue
1261 1958 70 24 was

116 2007 135 34 proper.

302 2076 102 45 Story
422 2077 72 34 also
513 2087 124 33 argues
655 2077 78 34 that
750 2077 60 34 the
826 2076 212 45 third-party
1055 2077 189 44 complaint
1261 2087 70 24 was

116 2132 61 30 not
195 2127 251 35 maintainable
464 2127 150 35 because
632 2127 26 35 it
677 2127 153 35 asserted
849 2138 20 24 a
888 2127 105 35 claim
1011 2127 145 44 entirely
1174 2132 159 40 separate

116 2177 92 35 from
231 2177 60 35 the
314 2177 168 45 principal
506 2188 105 24 cause
633 2177 40 35 of
693 2178 115 34 action
832 2178 136 43 against
991 2178 189 34 American
1204 2178 128 41 States,

116 2227 117 35 Nolen
244 2239 30 23 v.
288 2227 165 41 Prickett,
467 2228 67 34 268
548 2228 85 34 Ark.
649 2229 78 39 369,
742 2228 66 34 596
821 2227 144 35 S.W.2d
977 2229 67 33 693
1060 2227 138 43 (1980).
1212 2228 65 34 We
1288 2227 45 35 do

117 2282 60 29 not
192 2287 114 33 agree.
323 2277 145 44 Apache
484 2277 154 35 asserted
654 2288 20 23 a
690 2288 104 23 cause
809 2277 39 34 of
861 2277 115 34 action
992 2277 137 43 against
1144 2277 188 34 American

117 2326 117 34 States
257 2327 80 42 only
360 2326 148 35 because
530 2327 59 34 the
611 2327 140 42 general
774 2332 196 29 contractor
993 2326 69 35 had
1085 2326 81 44 paid
1189 2327 144 34 Central

118 2375 224 34 Mechanical
356 2375 53 34 for
422 2376 59 34 the
494 2376 150 43 supplies
658 2376 26 34 it
698 2376 69 34 had
780 2376 132 42 bought
925 2376 91 34 from
1028 2376 157 43 Apache,
1199 2376 63 34 but
1274 2376 60 34 the

117 2430 183 37 payments
311 2424 69 34 had
391 2425 87 34 been
488 2424 208 44 wrongfully
706 2425 138 43 applied
855 2430 36 29 to
901 2425 99 34 other
1010 2429 176 36 accounts,
1199 2424 134 43 leaving
