1659 2687
312 269 67 34 426

501 409 65 34 We
581 414 101 38 grant
697 407 101 36 relief
810 407 91 36 from
916 407 58 35 the
990 407 245 43 interlocutory
1249 405 100 36 order
1365 406 68 35 and
1448 405 71 35 find

311 459 76 35 that
401 470 44 24 an
459 458 212 44 evidentiary
684 458 143 43 hearing
841 458 27 34 is
882 468 181 32 necessary
1077 463 35 29 to
1125 457 191 35 determine
1329 457 59 34 the
1401 456 118 35 merits

311 508 39 34 of
361 508 203 44 appellants’
579 508 104 35 claim
698 508 39 34 of
747 507 259 35 constitutional
1020 507 191 43 protection
1226 506 136 43 against
1375 505 144 36 ordered

311 557 187 35 disclosure
508 557 39 34 of
555 557 130 35 church
697 557 233 35 information.
943 556 244 43 Accordingly,
1198 567 51 23 we
1261 556 143 34 remand
1415 561 35 28 to
1462 556 58 33 the

311 607 78 34 trial
409 612 108 29 court.

500 683 74 34 The
590 683 160 43 religious
767 682 121 35 beliefs
905 682 39 35 of
957 682 46 34 all
1019 681 142 35 citizens
1178 692 59 24 are
1253 681 173 43 zealously
1443 691 75 33 pro­

311 733 114 35 tected
444 733 90 34 from
551 737 224 39 government
793 732 228 37 interference
1038 732 109 35 under
1165 731 84 35 both
1267 731 59 35 the
1344 736 89 32 state
1451 730 68 35 and

311 783 131 35 federal
460 782 251 36 constitutions.
729 782 74 35 The
821 783 177 34 Arkansas
1017 782 235 35 Constitution
1270 781 155 44 provides
1443 781 76 34 that

312 833 80 34 “All
418 844 79 23 men
524 832 88 35 have
636 844 21 23 a
684 832 136 35 natural
847 832 68 35 and
942 831 226 35 indefeasible
1193 831 92 43 right
1311 837 36 29 to
1373 831 146 43 worship

310 882 181 43 Almighty
502 881 79 35 God
592 881 184 43 according
787 886 35 29 to
832 882 60 34 the
901 881 146 35 dictates
1058 882 39 34 of
1105 881 89 35 their
1204 892 75 23 own
1290 881 227 39 consciences;

313 957 75 8 ...
399 932 59 33 No
469 931 130 34 human
609 931 175 42 authority
795 940 76 31 can,
882 931 35 33 in
928 941 67 32 any
1005 941 79 24 case
1094 941 38 23 or
1143 940 144 24 manner
1297 930 220 39 whatsoever,

310 980 132 34 control
453 990 38 23 or
502 979 162 35 interfere
675 979 82 37 with
768 979 58 34 the
837 980 91 43 right
939 979 39 35 of
985 980 219 33 conscience.
1233 1006 6 6 .
1267 978 30 34 .”
1309 984 64 29 art.
1387 980 31 39 2,
1432 979 17 41 §
1463 979 54 33 24.

312 1029 39 34 In
367 1029 211 43 recognition
595 1029 39 34 of
646 1029 59 34 the
721 1028 71 35 fact
808 1028 76 35 that
901 1028 213 43 “[r]eligion,
1131 1028 161 43 morality
1308 1027 68 35 and
1393 1027 125 35 knowl­

310 1079 87 43 edge
425 1078 87 43 [are]
542 1106 6 6 .
576 1105 7 7 .
611 1106 6 7 .
643 1078 160 35 essential
829 1084 35 29 to
887 1078 89 43 good
1001 1077 257 44 government”,
1285 1077 59 35 the
1368 1077 149 35 General

310 1128 185 43 Assembly
509 1139 69 23 was
593 1127 189 36 instructed
797 1132 35 30 to
847 1133 101 29 enact
962 1127 148 35 suitable
1125 1128 81 34 laws
1221 1132 36 29 to
1271 1132 133 38 protect
1419 1138 100 31 every

311 1178 160 43 religious
491 1177 268 35 denomination.
781 1178 76 34 Art.
879 1179 32 39 2,
934 1177 17 43 §
975 1178 54 33 25.

500 1254 65 34 We
575 1254 87 35 have
671 1254 133 43 strictly
813 1253 151 36 adhered
974 1259 36 29 to
1019 1253 68 35 this
1098 1253 157 35 absolute
1264 1253 209 44 prohibition
1482 1252 40 35 of

311 1315 67 32 any
398 1304 245 42 infringement
663 1315 92 32 upon
775 1303 160 44 religious
956 1303 131 35 beliefs.
1110 1304 31 34 It
1161 1303 206 44 necessarily
1387 1303 131 34 follows

309 1353 77 35 that
398 1353 147 35 internal
557 1353 129 35 church
699 1353 153 44 disputes
865 1353 145 43 relating
1023 1358 35 29 to
1070 1353 59 35 the
1141 1353 187 34 disclosure
1340 1353 39 34 of
1387 1352 130 35 church

310 1402 155 36 business
479 1402 122 35 should
616 1408 59 29 not
688 1403 43 34 be
745 1402 133 44 subject
891 1408 36 30 to
940 1403 59 34 the
1013 1403 89 43 legal
1116 1413 147 24 concern
1277 1402 39 34 of
1327 1403 67 34 this
1408 1407 108 29 court.

311 1453 178 41 However,
502 1453 98 34 when
613 1453 59 35 the
684 1452 100 36 Sixth
797 1453 68 35 and
879 1452 100 36 Izard
992 1452 142 36 Church
1147 1452 39 35 of
1196 1452 119 35 Christ
1326 1452 144 35 decided
1483 1457 35 29 to

310 1502 227 45 incorporate,
554 1503 26 35 it
595 1502 188 36 submitted
799 1502 96 36 itself
907 1508 36 30 to
958 1502 131 35 certain
1105 1508 181 39 corporate
1301 1502 82 36 laws
1399 1502 39 35 of
1450 1502 67 35 this

310 1558 100 37 state,
434 1553 80 35 thus
537 1553 147 44 opening
707 1553 59 35 the
788 1552 84 36 door
895 1558 35 30 to
954 1552 234 36 examination
1211 1552 39 35 of
1270 1552 89 36 their
1381 1557 137 40 present

309 1604 138 42 quarrel
467 1603 34 34 in
521 1614 21 23 a
562 1603 89 43 legal
671 1603 136 43 setting.

399 1679 83 34 This
498 1680 122 42 appeal
635 1690 69 24 was
719 1679 103 34 taken
837 1679 91 35 from
943 1679 59 35 the
1016 1680 128 34 court’s
1158 1679 246 44 interlocutory
1418 1679 99 34 order

309 1729 206 43 compelling
525 1728 185 44 discovery.
722 1728 103 34 Since
834 1729 59 34 the
902 1728 177 43 discovery
1088 1729 126 42 sought
1223 1728 59 34 the
1290 1739 81 33 very
1381 1728 136 34 records

310 1778 68 34 and
398 1777 161 35 financial
579 1777 223 35 information
822 1778 76 35 that
917 1788 90 24 were
1026 1777 60 35 the
1104 1778 115 43 object
1238 1777 39 34 of
1293 1778 59 34 the
1372 1778 144 40 lawsuit,

309 1827 192 43 appellants
516 1826 137 35 refused
668 1832 36 29 to
719 1827 147 44 comply,
882 1827 146 43 arguing
1043 1827 77 35 that
1135 1832 36 30 to
1185 1826 45 35 do
1244 1837 38 24 so
1296 1827 112 34 would
1425 1827 42 34 be
1481 1832 35 29 to

308 1875 121 36 decide
448 1876 59 35 the
526 1886 80 25 case
625 1887 43 24 on
688 1876 60 35 the
767 1877 129 35 merits.

545 1953 31 34 It
587 1952 123 36 should
722 1953 73 34 first
806 1953 43 35 be
860 1952 104 36 noted
976 1952 76 35 that
1063 1953 69 35 this
1143 1952 124 46 appeal
1278 1963 69 25 was
1359 1952 158 45 properly

309 2003 103 34 taken
423 2002 93 35 since
525 2002 59 34 the
594 2002 244 43 interlocutory
848 2002 100 35 order
958 2002 35 35 in
1003 2002 104 35 effect
1117 2002 207 35 determines
1334 2003 59 34 the
1402 2002 114 35 action

308 2052 68 34 and
391 2057 157 39 prevents
562 2062 20 24 a
593 2052 184 43 judgment
791 2051 90 36 from
896 2052 111 34 which
1022 2063 44 23 an
1081 2052 124 44 appeal
1219 2052 111 42 might
1345 2052 41 34 be
1401 2052 113 34 taken.

308 2102 84 34 Ark.
404 2102 106 34 Rules
520 2101 39 34 of
565 2102 91 43 App.
667 2102 36 34 P.
715 2102 90 34 Rule
814 2101 150 43 2(a)(2).
976 2101 35 35 If
1018 2102 192 44 appellants
1220 2102 136 43 comply
1365 2102 83 34 with
1457 2101 59 34 the

308 2150 176 44 discovery
498 2150 99 36 order
612 2151 68 35 and
694 2151 59 35 the
767 2151 79 36 trial
860 2156 98 30 court
972 2151 184 35 concludes
1171 2151 90 35 after
1275 2150 58 36 the
1346 2151 79 35 trial
1439 2151 77 34 that

309 2201 171 44 appellees
506 2211 89 25 were
621 2206 59 29 not
707 2200 142 36 entitled
876 2206 35 30 to
938 2201 59 35 the
1023 2201 224 35 information
1273 2200 81 45 they
1380 2201 135 43 sought,

309 2251 192 43 appellants
521 2251 101 34 could
644 2256 59 29 not
724 2250 42 35 be
786 2250 122 44 placed
929 2251 34 34 in
984 2250 90 35 their
1094 2251 129 34 former
1243 2251 184 34 condition.
1448 2251 69 33 See

307 2300 158 34 Johnson
486 2311 30 23 v.
538 2300 169 41 Johnson,
731 2301 65 33 243
819 2301 85 34 Ark.
928 2301 79 40 656,
1030 2301 64 34 421
1121 2300 143 35 S.W.2d
1286 2300 67 35 605
1377 2299 137 44 (1967),

308 2349 185 44 rehearing
503 2349 134 35 denied.
651 2349 199 42 Therefore,
863 2350 94 34 since
968 2360 52 23 we
1032 2349 71 35 find
1116 2350 60 34 the
1187 2349 177 44 discovery
1376 2350 98 34 order
1488 2349 27 34 is

308 2398 59 35 the
377 2399 195 44 equivalent
582 2399 40 35 of
629 2410 20 24 a
660 2399 151 35 decision
822 2411 44 24 on
876 2399 60 35 the
946 2399 129 42 merits,
1087 2399 59 35 the
1157 2399 192 44 appellants
1360 2399 86 35 need
1456 2404 60 29 not
