1640 2696
128 419 119 34 before
265 419 140 43 making
422 430 20 23 a
459 419 162 35 decision.
640 419 198 41 Therefore,
856 420 99 34 when
974 420 165 34 Miranda
1157 420 108 43 rights
1282 431 59 24 are

127 469 100 42 given
245 469 34 34 in
296 469 202 35 connection
515 469 82 35 with
615 480 44 24 an
676 470 220 43 explanation
913 469 40 35 of
966 470 59 34 the
1042 470 140 44 implied
1199 475 142 29 consent

128 519 76 40 law,
225 519 110 43 police
353 519 131 34 officers
504 524 93 29 must
616 519 174 44 explicitly
810 519 126 35 inform
955 520 59 34 the
1032 525 137 38 suspect
1188 520 76 34 that
1282 520 59 34 the

129 568 166 34 Miranda
310 569 108 42 rights
431 568 44 34 do
489 574 59 28 not
562 569 104 43 apply
680 574 35 29 to
729 569 59 34 the
800 568 152 35 decision
966 569 39 34 of
1015 569 154 35 whether
1182 580 37 24 or
1233 574 59 29 not
1306 574 35 30 to

128 618 82 34 take
222 618 60 35 the
295 623 76 29 test.
388 618 34 34 If
432 618 58 34 the
503 618 134 34 officers
650 618 45 34 do
708 623 59 29 not
781 618 44 34 do
838 629 48 30 so,
900 619 83 34 then
996 619 60 34 the
1069 624 137 39 suspect
1219 619 122 34 should

129 673 59 29 not
198 668 43 34 be
250 668 79 34 held
339 668 226 34 accountable
575 668 53 34 for
637 679 20 23 a
667 668 128 34 refusal
805 673 35 29 to
849 669 81 33 take
939 669 59 33 the
1006 674 67 29 test
1082 669 148 34 because
1239 668 38 35 of
1283 669 59 34 the

129 717 158 34 inherent
312 717 179 34 confusion
516 717 128 34 caused
669 718 45 43 by
739 717 142 44 reading
906 718 59 34 the
989 723 67 29 two
1081 724 68 29 sets
1173 718 40 35 of
1234 718 108 44 rights

128 767 169 42 together.

1273 279 65 33 213

220 837 169 35 Affirmed
411 837 33 34 in
465 842 88 39 part;
575 837 157 35 reversed
753 838 34 34 in
807 843 88 38 part.

220 908 160 41 Purtle,
401 908 42 40 J.,
465 913 59 29 not
544 908 256 44 participating.

298 1100 119 44 Rocky
438 1100 262 35 CAMPBELL
720 1112 27 23 v.
770 1101 152 35 STATE
941 1101 40 35 of
997 1102 179 35 Arkansas

129 1170 66 35 CR
217 1171 130 34 85-160

1023 1174 66 33 703
1111 1173 143 34 S.W.2d
1275 1174 66 34 855

458 1242 171 44 Supreme
649 1243 111 35 Court
780 1243 39 35 of
835 1244 179 34 Arkansas

371 1292 151 44 Opinion
543 1293 172 34 delivered
738 1293 174 44 February
936 1295 53 40 18,
1014 1295 88 34 1986

398 1341 193 40 [Rehearing
609 1341 114 33 denied
742 1342 115 32 March
876 1344 51 36 24,
950 1342 126 40 1986.*]

196 2427 14 15 *
228 2428 91 29 Purtle,
334 2428 31 29 J.,
381 2432 42 21 not
438 2429 186 32 participating.
