1665 2702
1286 264 66 34 279

240 1117 153 35 William
406 1119 37 32 B.
459 1117 125 35 Miller
596 1117 39 35 of
646 1116 139 44 Friday,
800 1117 177 44 Eldredge
993 1118 31 33 &
1042 1117 121 42 Clark,
1177 1118 55 43 by:
1249 1119 110 34 Oscar

143 1168 40 33 E.
205 1168 118 38 Davis,
345 1169 49 33 Jr.
417 1167 68 34 and
505 1167 95 35 John
619 1169 126 41 Dewey
769 1169 151 39 Watson,
941 1167 54 35 for
1015 1168 187 43 appellant.

234 1249 146 40 Arnold,
395 1249 187 35 Hamilton
598 1251 30 33 &
643 1250 211 40 Streetman,
868 1250 55 43 by:
937 1251 160 33 Herman
1109 1251 36 33 L.
1160 1248 195 41 Hamilton,

142 1300 64 40 Jr.,
228 1299 54 35 for
302 1299 181 45 appellees.

236 1382 203 34 Josephine
451 1382 38 34 L.
502 1383 121 40 Hart,
636 1381 138 45 Special
785 1382 141 35 Justice.

939 1383 98 42 Deep
1048 1382 111 35 South
1172 1382 185 35 Construc-

144 1431 73 34 tion
232 1431 193 44 Company,
441 1432 70 34 Inc.
527 1431 69 35 and
611 1432 99 34 R.M.
727 1432 168 41 Courson,
911 1433 83 40 Inc.,
1009 1432 195 44 Appellees,
1219 1431 80 36 filed
1313 1443 45 24 an

144 1481 116 34 action
281 1481 53 35 for
354 1481 191 43 injunction
566 1482 137 43 against
723 1482 104 44 Patsy
847 1483 227 40 Thomasson,
1096 1488 34 29 et
1150 1483 43 34 al.
1215 1483 34 34 in
1269 1482 89 35 their

144 1532 269 42 representative
427 1532 187 43 capacities
629 1543 37 23 as
682 1532 171 34 members
868 1532 40 35 of
918 1533 60 34 the
992 1533 179 34 Arkansas
1186 1533 173 43 Highway

144 1581 234 35 Commission
407 1581 68 34 and
505 1583 121 42 Henry
654 1582 97 42 Gray
779 1593 38 23 as
846 1582 160 35 Director
1034 1582 39 34 of
1098 1582 59 34 the
1186 1582 172 43 Highway

145 1631 234 34 Commission
388 1630 35 35 in
431 1631 60 34 the
500 1631 184 44 Chancery
694 1631 111 34 Court
813 1631 39 34 of
858 1631 141 35 Pulaski
1008 1631 151 44 County,
1169 1632 189 40 Arkansas,

145 1680 141 43 seeking
314 1692 44 23 an
385 1680 191 43 injunction
605 1681 136 43 against
768 1681 59 34 the
853 1682 179 34 Arkansas
1059 1681 101 35 State
1187 1682 173 42 Highway

145 1730 234 34 Commission
394 1730 68 34 and
477 1730 59 34 the
551 1731 179 34 Arkansas
745 1730 100 35 State
860 1731 174 43 Highway
1048 1731 69 33 and
1132 1732 226 43 Transporta-

144 1779 73 33 tion
229 1780 230 42 Department
471 1780 211 42 prohibiting
694 1779 96 34 them
801 1780 91 33 from
903 1779 178 43 awarding
1093 1791 20 22 a
1125 1780 233 34 construction

144 1832 158 30 contract
315 1838 43 24 on
373 1828 65 34 Job
452 1828 69 34 No.
537 1829 92 33 2660
644 1829 34 33 in
693 1828 103 34 Drew
811 1828 149 44 County,
975 1829 189 34 Arkansas.
1179 1830 34 33 A
1227 1834 130 38 tempo-

144 1887 80 34 rary
245 1876 190 44 injunction
456 1888 70 24 was
548 1877 141 36 entered
711 1877 174 44 enjoining
905 1878 60 35 the
985 1878 179 35 Arkansas
1186 1879 173 43 Highway

144 1927 235 36 Commission
394 1927 68 35 and
476 1928 61 35 the
551 1928 179 36 Arkansas
745 1928 100 35 State
859 1929 175 44 Highway
1048 1928 70 35 and
1131 1930 227 44 Transporta-

144 1978 73 35 tion
234 1979 230 44 Department
481 1978 91 36 from
589 1979 156 43 entering
762 1979 71 35 into
850 1991 20 23 a
887 1984 157 31 contract
1060 1980 83 34 with
1159 1980 199 44 Appellant,

144 2028 369 45 APAC-Mississippi,
538 2030 71 34 Inc.
633 2029 129 35 APAC
785 2030 198 35 intervened
1007 2030 150 44 alleging
1180 2030 76 35 that
1278 2029 82 44 they

144 2089 90 24 were
245 2079 59 34 the
314 2084 168 39 apparent
493 2079 64 35 low
568 2080 122 34 bidder
701 2079 68 35 and
781 2080 142 34 entitled
934 2086 36 29 to
980 2080 132 34 receive
1122 2080 60 35 the
1192 2085 166 30 contract.

146 2129 31 33 It
193 2128 27 34 is
237 2128 208 45 undisputed
461 2129 77 35 that
553 2130 201 43 Appellant,
770 2130 140 41 APAC,
927 2130 190 34 submitted
1133 2141 20 23 a
1169 2130 64 34 low
1249 2129 58 35 bid
1323 2129 40 35 of

145 2179 268 40 $2,017,213.85
430 2178 68 35 and
513 2179 77 35 that
604 2179 59 35 the
676 2184 82 30 next
771 2179 118 35 lowest
903 2180 59 34 bid
976 2190 70 24 was
1061 2180 168 43 Appellee
1242 2179 82 35 with
1339 2190 20 24 a

145 2228 60 34 bid
224 2228 40 35 of
282 2229 280 40 $2,036,095.90.

330 2311 74 35 The
422 2315 219 40 controversy
659 2311 182 44 presented
860 2311 149 35 involves
1027 2312 70 34 Act
1119 2312 65 34 102
1202 2311 39 35 of
1260 2312 100 40 1977,

145 2361 198 44 commonly
362 2360 152 35 referred
533 2366 36 30 to
588 2372 38 24 as
645 2362 60 34 the
724 2361 228 35 â€œPreference
970 2362 174 34 Statute.â€
1164 2362 196 44 Appellees,

146 2411 98 42 Deep
265 2411 112 34 South
399 2411 246 34 Construction
667 2411 194 43 Company,
884 2413 70 33 Inc.
978 2411 68 35 and
1068 2412 99 33 R.M.
1191 2412 168 39 Courson,
