1664 2693
1271 273 66 33 379

214 414 218 44 Appellant’s
453 414 82 35 final
557 414 199 34 contention
777 414 27 35 is
825 414 77 34 that
922 414 59 34 the
1002 419 98 29 court
1121 413 98 35 erred
1239 414 35 34 in
1295 414 43 34 its

123 464 127 34 failure
270 469 35 29 to
326 464 163 35 establish
510 474 21 24 a
552 463 132 35 factual
705 464 92 34 basis
817 463 54 35 for
891 464 52 34 his
963 464 111 43 guilty
1094 464 105 44 pleas.

309 543 85 34 Ark.
410 544 42 33 R.
469 542 109 35 Crim.
593 543 37 33 P.
645 542 92 34 Rule
751 543 79 34 24.6
845 542 167 43 provides:
1029 542 98 34 “The
1140 547 98 29 court
1252 542 88 34 shall

124 598 60 29 not
203 597 97 29 enter
318 603 20 23 a
352 592 184 44 judgment
554 602 92 33 upon
665 603 20 23 a
704 592 77 44 plea
799 591 39 36 of
852 592 111 43 guilty
980 603 38 23 or
1037 592 79 34 nolo
1133 591 207 35 contendere

124 642 146 34 without
292 642 140 43 making
454 642 84 35 such
560 642 138 44 inquiry
719 653 37 23 as
778 642 68 35 will
867 642 166 34 establish
1054 642 77 34 that
1152 642 97 34 there
1269 642 28 34 is
1319 653 20 23 a

125 692 133 34 factual
270 692 91 34 basis
372 692 53 34 for
436 693 59 34 the
505 692 112 44 plea.”
629 692 85 34 This
724 692 75 35 rule
809 693 27 34 is
847 692 218 43 mandatory.
1077 691 100 35 Reed
1184 703 30 22 v.
1226 692 112 41 State,

125 742 68 34 276
208 742 86 34 Ark.
311 743 78 39 318,
405 743 65 33 635
487 741 144 35 S.W.2d
646 742 69 34 472
732 741 137 43 (1982);
883 743 101 33 Irons
997 753 31 23 v.
1042 742 114 41 State,
1172 742 66 33 267
1253 742 85 34 Ark.

124 792 81 39 469,
228 792 63 33 591
316 791 142 35 S.W.2d
480 792 68 34 650
570 791 139 43 (1980).

217 870 189 43 Appellant
416 869 120 44 signed
547 881 20 23 a
578 870 137 35 written
725 871 77 43 plea
813 875 187 30 statement
1010 870 191 43 indicating
1211 870 77 35 that
1298 871 43 34 he

125 919 211 35 understood
358 920 59 34 the
438 920 145 43 charges
605 920 138 43 against
764 920 73 35 him
859 920 68 34 and
949 920 60 35 the
1030 931 253 34 consequences
1305 920 39 35 of

125 969 163 44 pleading
313 970 120 44 guilty,
459 970 76 35 that
560 970 53 34 his
638 970 77 44 plea
741 970 68 35 had
835 975 59 29 not
919 970 87 35 been
1031 970 149 35 induced
1204 970 45 44 by
1273 982 68 32 any

126 1019 191 45 “promises
338 1031 38 23 or
397 1020 167 41 threats”,
586 1020 77 35 that
685 1020 44 35 he
750 1019 149 36 realized
921 1020 59 35 the
1001 1021 80 34 trial
1099 1020 108 44 judge
1228 1020 112 35 would

125 1069 123 35 decide
261 1070 93 34 what
369 1070 51 34 his
435 1076 162 29 sentence
611 1070 113 35 would
740 1070 43 35 be
796 1070 30 35 if
837 1070 43 34 he
894 1070 79 44 pled
988 1071 121 44 guilty,
1125 1070 68 35 and
1207 1071 76 34 that
1297 1071 44 34 he

125 1119 70 35 had
217 1119 177 35 discussed
416 1120 59 35 the
497 1120 78 45 plea
597 1126 201 37 agreement
820 1120 82 35 with
925 1120 52 35 his
1000 1126 159 39 attorney
1181 1120 68 35 and
1271 1132 70 23 was

125 1169 156 36 satisfied
292 1170 83 35 with
386 1170 53 35 his
451 1170 189 44 attorney’s
652 1170 130 36 advice.
794 1170 75 36 The
880 1171 67 34 last
958 1170 80 36 four
1048 1171 86 35 lines
1147 1170 38 35 of
1193 1171 60 34 the
1264 1171 77 44 plea

126 1225 212 38 agreement,
353 1220 73 43 just
444 1221 109 34 above
571 1220 59 35 the
648 1221 211 43 petitioner’s
877 1221 188 43 signature,
1085 1221 93 35 read:
1198 1221 39 34 “I
1255 1221 87 35 have

126 1269 84 35 read
229 1270 199 43 everything
446 1271 34 34 in
499 1270 68 35 this
585 1281 107 33 paper
710 1270 176 43 including
904 1282 58 32 my
980 1271 155 43 lawyer’s
1153 1271 189 34 certificate

127 1320 120 34 below.
265 1320 14 33 I
296 1319 211 35 understand
523 1320 94 34 what
633 1320 27 34 is
677 1320 102 44 being
794 1320 72 35 told
882 1331 66 30 me,
965 1321 93 34 what
1073 1332 59 33 my
1147 1321 108 42 rights
1272 1332 69 30 are,

126 1368 69 36 and
209 1369 59 34 the
280 1370 175 43 questions
468 1370 77 35 that
557 1370 88 34 have
658 1370 86 35 been
758 1369 116 36 asked.
889 1371 65 43 My
967 1381 133 24 answer
1112 1371 28 34 is
1154 1370 80 44 ‘yes’
1248 1376 35 29 to
1295 1371 46 34 all

126 1419 187 44 questions.
330 1420 15 34 I
360 1420 98 34 know
473 1419 94 35 what
582 1420 15 34 I
612 1431 58 23 am
685 1420 104 44 doing
803 1420 69 35 and
887 1431 58 23 am
958 1421 209 44 voluntarily
1181 1420 161 44 pleading

126 1469 111 43 guilty
257 1469 148 35 because
426 1470 14 34 I
461 1480 58 24 am
539 1470 111 43 guilty
671 1481 37 24 as
728 1470 186 44 charged.”

220 1547 39 34 In
275 1547 181 44 reviewing
471 1547 68 35 this
555 1548 77 43 plea
648 1553 187 30 statement
849 1548 83 34 with
947 1549 60 34 the
1021 1549 177 43 appellant
1212 1549 79 40 and,
1308 1549 34 34 in

127 1596 201 44 particular,
365 1597 59 34 the
459 1597 202 43 sentencing
698 1603 145 38 aspects,
880 1598 60 34 the
975 1598 176 43 following
1188 1598 155 34 scenario

126 1646 178 34 occurred:

251 1725 99 34 THE
375 1725 176 36 COURT:
578 1726 102 41 Now,
706 1726 28 34 is
759 1726 67 35 this
852 1726 34 34 in
911 1726 215 35 accordance
1150 1726 83 35 with
1257 1737 85 33 your

251 1774 273 45 understanding
541 1775 83 35 with
642 1776 70 35 Mr.
732 1777 203 43 Marquette
951 1787 37 24 as
1006 1781 36 30 to
1058 1777 93 34 what
1168 1776 59 35 the
1243 1777 99 34 State

252 1825 113 34 would
386 1825 221 35 recommend
628 1825 30 35 if
675 1837 68 33 you
763 1825 122 36 should
906 1831 97 30 enter
1022 1837 86 33 your
1128 1826 99 45 plea?

253 1904 87 33 MR.
362 1904 161 34 JONES:
545 1904 82 41 Yes,
649 1904 56 35 sir.

251 1982 98 33 THE
369 1982 177 34 COURT:
567 1982 128 43 Again,
715 1982 105 35 that’s
840 1982 59 34 the
919 1983 111 34 Court
1049 1983 113 34 would
1182 1988 161 29 sentence

251 2041 68 32 you
335 2036 36 29 to
387 2036 57 29 ten
461 2041 99 34 years
577 2031 69 34 and
663 2032 149 43 suspend
829 2031 78 35 four
923 2031 40 35 of
976 2032 77 34 that
1069 2043 44 23 on
1130 2032 86 35 each
1231 2032 40 34 of
1284 2033 59 34 the

251 2080 155 43 charges.

254 2160 74 33 Has
343 2169 134 34 anyone
491 2159 173 45 promised
679 2171 67 33 you
761 2160 167 45 anything
942 2161 99 34 other
1055 2161 85 34 than
1155 2172 20 23 a
1189 2166 58 29 ten
1262 2172 82 32 year

252 2214 162 30 sentence
428 2209 120 36 before
562 2220 86 34 your
663 2210 205 44 suspended,
884 2210 30 35 if
926 2221 67 33 you
1009 2211 123 34 should
1148 2216 96 30 enter
1258 2222 86 32 your

253 2259 98 44 plea?

253 2338 87 33 MR.
362 2338 161 35 JONES:
545 2338 70 40 No,
636 2338 56 34 sir.

252 2415 98 33 THE
365 2415 177 34 COURT:
559 2415 191 43 Certainly,
766 2426 67 33 you
848 2426 60 23 are
922 2426 114 23 aware
1050 2416 40 34 of
1101 2427 86 32 your
1201 2416 92 42 right
1308 2421 35 28 to
