1674 2712
162 403 107 35 based
281 414 44 23 on
337 403 59 35 the
407 403 179 44 pleadings
598 404 68 34 and
679 404 144 35 without
834 404 209 44 conducting
1055 416 21 24 a
1088 404 63 35 full
1163 404 212 45 evidentiary

162 453 155 42 hearing.
332 453 158 35 Without
502 454 60 34 the
573 453 128 35 benefit
714 454 38 34 of
762 454 84 34 such
859 465 20 24 a
891 454 155 43 hearing,
1059 465 51 23 we
1122 465 59 24 are
1193 455 127 34 unable
1331 465 44 24 on

162 503 136 43 appeal,
311 513 82 24 even
405 502 81 35 with
498 514 20 23 a
530 503 44 34 de
585 514 89 23 novo
684 503 133 40 review,
829 508 35 29 to
876 503 110 43 weigh
998 503 59 34 the
1068 503 159 35 sensitive
1237 504 138 43 overlap

162 552 157 34 between
343 552 129 34 church
496 552 69 35 and
589 557 91 30 state
702 552 78 35 that
803 553 28 34 is
855 552 182 45 presented
1060 553 46 44 by
1129 553 68 35 this
1221 563 89 25 case.
1336 554 40 34 In

163 601 168 41 addition,
343 601 58 35 the
412 602 126 43 parties
550 612 60 24 are
620 602 144 35 entitled
775 607 35 29 to
821 613 20 23 a
853 602 143 44 hearing
1006 603 83 34 with
1100 602 60 35 the
1170 602 206 35 submission

163 650 40 34 of
217 651 163 34 evidence
396 651 68 34 and
480 652 186 43 testimony
683 656 37 30 to
736 651 122 45 satisfy
874 651 60 36 the
950 652 260 35 constitutional
1225 652 150 44 require­

164 706 113 29 ments
287 700 40 35 of
333 701 68 34 due
410 711 136 33 process
556 700 40 36 of
603 701 76 34 law.
691 700 146 36 Mendel
844 713 30 23 v.
887 701 144 41 Garner,
1043 703 66 33 283
1121 702 84 34 Ark.
1217 702 157 42 473, 678

163 750 145 34 S.W.2d
333 751 66 34 759
426 750 138 43 (1984).
589 751 245 44 Accordingly,
857 762 51 24 we
931 752 146 34 remand
1100 751 68 35 this
1191 762 80 24 case
1293 752 84 35 with

164 799 222 35 instructions
397 805 35 29 to
442 800 150 35 conduct
602 811 20 24 a
633 801 144 43 hearing
787 811 44 24 on
841 801 59 35 the
909 801 105 35 claim
1024 801 40 35 of
1070 802 74 34 first
1154 802 223 35 amendment

164 850 192 43 protection
376 861 116 24 versus
512 851 60 34 the
591 850 189 36 disclosure
799 851 250 44 requirements
1069 851 39 35 of
1125 852 245 44 corporations.

1305 264 68 34 429

257 927 65 34 We
339 927 67 34 will
425 927 141 35 address
585 927 59 35 the
662 928 203 44 appellants’
884 928 82 36 final
985 934 184 38 argument
1186 929 148 37 because
1351 929 26 35 it

164 977 69 34 will
247 977 89 35 arise
348 982 36 30 at
395 977 60 35 the
466 983 81 29 next
559 978 155 43 hearing.
728 979 205 44 Appellants
946 979 149 35 contend
1107 978 76 38 that
1195 989 65 25 one
1271 980 39 35 of
1319 979 59 36 the

164 1027 185 44 appellees,
360 1027 73 35 Bob
441 1028 110 41 Scott,
561 1027 124 36 should
694 1034 59 30 not
762 1029 43 35 be
814 1029 144 35 allowed
967 1034 35 30 to
1011 1035 176 39 represent
1196 1029 141 36 himself
1343 1030 34 35 in

165 1077 69 35 this
243 1077 206 45 proceeding
458 1079 150 34 because
616 1079 44 34 he
669 1079 118 35 served
797 1090 37 24 as
843 1085 159 39 attorney
1011 1079 54 35 for
1073 1080 60 35 the
1141 1080 130 35 church
1279 1080 99 35 when

165 1127 27 34 it
212 1127 251 44 incorporated.

257 1204 205 44 Appellants
476 1210 138 38 present
629 1210 67 30 two
710 1211 211 38 arguments,
935 1217 66 24 one
1014 1206 204 44 procedural
1232 1207 68 34 and
1313 1217 65 24 one

165 1254 225 40 substantive,
418 1254 68 35 and
514 1255 83 43 they
625 1266 59 24 are
711 1260 132 30 correct
870 1255 109 35 under
1007 1256 83 34 both
1118 1256 158 35 theories.
1304 1256 75 35 The

166 1303 197 35 chancellor
383 1304 140 35 entered
544 1315 44 24 an
609 1305 100 34 order
729 1315 44 24 on
793 1305 99 44 April
917 1306 52 40 16,
994 1306 87 34 1985
1103 1305 112 35 which
1235 1305 89 36 held:

291 1380 93 34 Even
404 1380 133 42 though
557 1380 60 35 the
637 1381 112 34 Court
769 1380 145 44 granted
935 1380 228 36 Defendants’
1186 1382 137 34 Motion
1343 1386 37 30 to

291 1429 197 44 Disqualify
508 1430 93 34 BOB
620 1429 155 36 SCOTT
794 1441 37 23 as
850 1430 152 35 Counsel
1021 1430 54 35 for
1093 1430 86 35 JOE
1198 1431 181 35 BROWN

290 1479 69 35 and
369 1479 74 35 TIP
453 1479 183 42 NELMS,
647 1480 107 41 DDS,
765 1479 76 36 that
851 1480 139 35 Motion
999 1491 70 24 was
1081 1480 146 44 granted
1236 1481 79 44 only
1326 1480 53 36 for

290 1529 60 35 the
363 1539 147 35 purpose
524 1529 39 35 of
574 1529 161 44 avoiding
749 1541 84 24 even
847 1531 59 34 the
919 1541 218 34 appearance
1150 1531 39 35 of
1200 1531 178 44 impropri-

290 1585 67 38 ety.
369 1580 74 34 The
453 1579 111 36 Court
575 1580 89 35 finds
675 1580 77 35 that
762 1580 165 36 standard
938 1580 114 36 would
1062 1586 60 30 not
1134 1581 42 35 be
1186 1581 193 44 applicable

291 1634 35 30 to
347 1629 92 35 BOB
460 1629 156 35 SCOTT
636 1630 117 43 acting
773 1641 37 24 as
832 1631 150 34 Counsel
1003 1630 54 35 for
1077 1630 149 36 himself.

257 1705 58 34 On
328 1705 99 44 April
442 1706 174 40 26,1985,
629 1706 60 35 the
702 1711 98 29 court
813 1706 140 35 entered
967 1717 45 24 an
1025 1707 100 35 order
1138 1707 241 44 reconfirming

166 1754 43 34 its
221 1754 101 35 order
332 1754 40 35 of
379 1755 99 43 April
494 1756 51 33 16.
558 1755 75 35 The
644 1756 193 44 appellants
848 1756 80 35 filed
939 1756 90 35 their
1039 1756 114 35 notice
1163 1756 40 35 of
1210 1757 123 43 appeal
1344 1762 35 29 to

165 1804 69 34 this
244 1809 100 29 court
351 1815 45 24 on
405 1804 77 35 that
490 1815 98 24 same
595 1804 80 45 day.
685 1805 58 34 On
752 1806 88 43 May
850 1807 133 39 29,198
989 1807 18 34 5
1017 1806 60 34 the
1085 1811 100 30 court
1192 1806 120 43 signed
1321 1806 60 35 the

167 1853 175 45 following
362 1854 110 36 order:

291 1931 217 35 Defendants
526 1943 60 24 are
602 1932 144 35 entitled
763 1938 35 29 to
815 1933 84 35 such
916 1933 238 41 clarification,
1171 1933 89 44 good
1277 1944 104 25 cause

291 1981 126 43 having
445 1982 87 34 been
560 1981 129 35 shown.
719 1983 154 34 Because
900 1987 36 29 to
963 1983 126 43 permit
1118 1983 73 34 Bob
1219 1983 98 35 Scott
1344 1988 36 29 to

292 2036 175 37 represent
479 2041 145 32 anyone,
638 2042 84 23 even
734 2031 150 41 himself,
896 2031 35 34 in
944 2032 68 34 this
1024 2042 105 24 cause
1140 2032 113 34 would
1265 2042 114 24 neces-

291 2079 105 43 sarily
411 2080 89 34 raise
516 2080 59 34 the
591 2090 218 34 appearance
823 2080 40 34 of
875 2081 225 43 impropriety
1116 2081 35 34 in
1165 2081 163 35 violation
1344 2081 40 34 of

291 2129 61 34 the
363 2128 97 35 Code
471 2128 39 35 of
518 2129 232 35 Professional
762 2130 281 44 Responsibility,
1056 2130 44 35 he
1111 2141 82 33 may
1203 2135 60 30 not
1274 2135 57 30 act
1343 2141 38 24 as

291 2179 140 35 counsel
459 2179 54 35 for
541 2190 38 24 or
607 2179 269 45 representative
903 2179 40 35 of
968 2191 68 33 any
1064 2185 111 40 party,
1204 2179 176 45 including

292 2229 149 35 himself.

258 2305 206 44 Appellants
480 2305 80 35 filed
576 2316 20 24 a
613 2305 131 36 motion
759 2317 44 24 on
819 2307 80 44 July
918 2308 29 39 1,
968 2307 99 41 1985,
1084 2307 54 34 for
1153 2307 176 35 extension
1345 2306 39 36 of

167 2355 86 35 time
262 2354 54 36 for
326 2355 95 43 filing
431 2356 59 34 the
499 2355 120 35 record
629 2367 44 23 on
683 2356 135 44 appeal,
828 2357 107 42 citing
945 2357 59 34 the
1014 2357 88 43 May
1112 2357 44 34 29
1166 2356 100 35 order
1275 2368 38 23 as
1322 2356 60 35 the

168 2415 122 25 reason
304 2405 54 35 for
372 2405 59 35 the
444 2405 111 44 delay.
570 2405 75 35 The
654 2405 110 44 judge
777 2405 145 45 granted
936 2406 60 35 the
1009 2406 177 35 extension
1200 2406 69 35 and
1283 2407 98 34 Scott
