1632 2696
110 439 194 34 Bankstons
325 437 80 35 filed
425 448 20 24 a
466 437 131 34 motion
617 442 36 29 to
673 436 137 34 dismiss
830 436 35 34 in
885 435 172 43 chancery
1078 434 149 43 alleging
1247 434 76 34 that

110 488 198 35 McKenzie
327 499 69 23 was
416 486 175 45 obligated
611 492 36 29 to
667 486 102 35 make
789 486 76 35 that
884 485 105 35 claim
1008 496 38 23 as
1066 496 21 23 a
1106 484 218 44 compulsory

109 538 250 35 counterclaim
378 538 34 34 in
431 537 89 35 their
539 537 123 34 circuit
681 542 99 29 court
798 547 89 23 case.
908 535 75 35 The
1001 534 196 35 chancellor
1216 534 109 43 orally

109 588 180 36 overruled
312 589 59 34 the
394 588 130 34 motion
547 587 69 35 and
639 587 59 34 the
721 586 209 35 foreclosure
952 585 116 35 action
1091 584 176 35 remained
1290 584 34 34 in

110 640 173 42 chancery
303 643 108 30 court.

1278 292 43 33 67

202 717 49 32 At
261 726 96 23 some
366 715 106 44 point,
483 715 167 39 however,
662 713 197 35 McKenzie
867 712 59 35 did
936 713 58 34 file
1003 723 20 23 a
1033 711 249 35 counterclaim
1292 711 34 34 in

111 766 60 34 the
187 765 123 35 circuit
328 770 98 29 court
442 775 80 24 case
539 764 122 42 asking
679 763 53 34 for
750 763 219 34 foreclosure.
987 762 75 34 The
1079 761 248 35 counterclaim

112 815 178 34 remained
311 815 34 33 in
365 814 59 35 the
443 825 79 23 case
541 813 88 35 until
649 813 60 34 the
728 813 122 34 circuit
869 817 99 29 court
988 811 204 35 announced
1212 811 26 34 it
1257 821 70 24 was

112 864 163 43 granting
291 864 59 34 the
365 864 141 34 defense
522 863 149 34 motions
688 862 53 34 for
757 873 177 32 summary
946 861 196 43 judgment.
1159 860 74 35 The
1248 860 80 43 only

113 914 194 42 remaining
320 914 89 33 issue
422 913 34 34 in
468 913 123 34 circuit
603 917 99 30 court
714 923 70 23 was
796 912 59 34 the
867 911 210 34 foreclosure
1088 910 115 41 claim,
1216 910 112 34 which

113 964 73 34 also
198 974 70 24 was
280 963 68 34 still
361 962 149 44 pending
522 962 35 34 in
568 962 173 43 chancery
752 966 108 29 court.
874 961 97 34 With
983 961 59 34 the
1054 960 63 34 full
1129 959 200 43 knowledge

113 1013 39 34 of
172 1013 45 34 all
240 1013 128 44 parties
390 1012 76 35 that
488 1012 60 34 the
569 1011 211 35 foreclosure
801 1011 115 34 action
938 1021 70 24 was
1031 1010 69 34 still
1122 1009 149 45 pending
1294 1009 35 34 in

113 1063 184 43 chancery,
313 1062 197 35 McKenzie
523 1061 107 35 asked
645 1061 54 35 for
713 1061 172 34 dismissal
899 1060 40 35 of
949 1060 60 35 the
1023 1059 258 35 counterclaim.
1298 1060 31 33 It

113 1124 70 23 was
204 1112 182 35 dismissed
406 1112 145 35 without
571 1111 187 45 prejudice.

299 1190 74 34 The
383 1190 194 34 Bankstons
588 1199 76 24 now
674 1199 107 33 argue
791 1188 76 35 that
876 1188 77 34 that
962 1188 183 43 voluntary
1155 1187 137 34 nonsuit
1302 1187 28 34 is

114 1240 60 35 the
191 1240 106 35 death
315 1240 91 34 knell
423 1245 36 29 to
477 1239 226 35 McKenzie’s
721 1238 104 35 claim
842 1238 35 35 in
894 1238 183 44 chancery.
1095 1237 97 44 They
1209 1237 44 35 do
1271 1242 59 29 not

115 1301 108 32 argue
235 1290 77 35 that
325 1290 197 34 McKenzie
534 1289 27 35 is
575 1293 59 31 not
647 1288 143 36 entitled
803 1294 35 29 to
850 1288 211 35 foreclosure
1072 1299 45 23 on
1129 1288 59 34 the
1200 1287 129 35 merits.

115 1341 97 43 They
222 1340 125 44 simply
356 1339 149 35 contend
514 1340 78 34 that
601 1339 62 34 she
672 1339 27 34 is
709 1339 125 34 barred
844 1339 149 34 because
1002 1339 61 34 she
1072 1338 83 35 took
1163 1349 20 23 a
1193 1338 138 34 nonsuit

115 1401 44 23 on
169 1390 62 34 her
239 1390 249 34 counterclaim
497 1389 35 34 in
541 1389 123 34 circuit
673 1394 109 29 court.
792 1389 74 34 The
874 1389 75 34 rule
957 1399 45 23 on
1010 1388 113 34 which
1132 1388 82 43 they
1223 1388 71 43 rely
1303 1388 27 33 is

115 1440 131 34 ARCP
267 1440 90 34 Rule
381 1441 38 33 13
443 1439 66 43 (a):

243 1515 53 43 (a)
309 1516 231 43 Compulsory
550 1515 289 34 Counterclaims.
850 1516 34 32 A
893 1514 163 44 pleading
1066 1514 88 34 shall
1164 1519 90 29 state
1263 1525 38 23 as
1311 1524 20 23 a

241 1565 249 34 counterclaim
510 1576 68 32 any
597 1565 106 34 claim
722 1564 122 41 which,
865 1569 36 29 at
921 1564 60 34 the
999 1564 86 34 time
1103 1563 39 35 of
1159 1563 95 43 filing
1274 1563 59 34 the

242 1615 172 44 pleading,
428 1615 60 34 the
500 1614 142 45 pleader
655 1615 62 34 has
731 1614 136 44 against
880 1625 68 33 any
961 1613 167 45 opposing
1142 1618 110 39 party,
1266 1612 30 35 if
1306 1612 27 35 it

242 1665 106 35 arises
372 1671 60 29 out
455 1665 39 35 of
514 1665 60 35 the
596 1664 213 36 transaction
832 1675 38 24 or
893 1674 208 25 occurrence
1124 1663 76 35 that
1223 1663 28 35 is
1274 1663 59 35 the

242 1716 135 43 subject
390 1721 128 29 matter
531 1715 40 35 of
581 1715 60 35 the
654 1715 166 44 opposing
834 1714 129 44 party’s
977 1714 106 34 claim
1096 1713 69 35 and
1178 1713 82 35 does
1274 1718 60 30 not

243 1766 136 43 require
390 1765 54 34 for
455 1766 43 33 its
511 1765 238 43 adjudication
761 1765 59 34 the
831 1775 163 33 presence
1006 1764 39 34 of
1054 1763 92 35 third
1158 1763 127 44 parties
1298 1763 39 34 of

243 1815 114 34 whom
384 1815 60 34 the
471 1820 99 29 court
598 1819 128 29 cannot
754 1814 141 43 acquire
919 1813 230 43 jurisdiction.
1179 1814 68 33 But
1275 1813 59 33 the

243 1864 140 44 pleader
393 1864 87 34 need
489 1869 60 29 not
559 1869 90 29 state
658 1864 59 34 the
726 1863 105 35 claim
840 1863 29 34 if
878 1862 53 44 (1)
943 1868 37 29 at
989 1863 60 34 the
1057 1863 85 34 time
1151 1862 59 35 the
1219 1862 115 34 action

243 1926 71 23 was
338 1914 224 35 commenced
586 1914 59 34 the
668 1913 105 35 claim
796 1924 69 24 was
889 1913 60 35 the
972 1913 135 43 subject
1130 1912 39 35 of
1190 1912 144 35 another

244 1964 150 45 pending
403 1964 127 42 action,
539 1975 38 24 or
588 1963 54 44 (2)
654 1964 59 35 the
722 1964 166 44 opposing
897 1968 101 40 party
1007 1963 150 44 brought
1166 1963 68 34 suit
1242 1973 92 34 upon

244 2015 52 35 his
317 2015 103 35 claim
441 2015 45 44 by
507 2015 218 34 attachment
745 2025 38 24 or
803 2014 98 35 other
921 2024 137 34 process
1079 2013 45 44 by
1144 2013 111 35 which
1276 2013 59 34 the

244 2071 99 29 court
365 2065 58 35 did
446 2070 60 30 not
528 2065 142 44 acquire
688 2064 219 44 jurisdiction
930 2070 36 29 to
988 2064 123 35 render
1134 2075 20 23 a
1177 2063 158 45 personal

240 2115 185 44 judgment
438 2126 44 24 on
496 2115 60 34 the
570 2115 115 41 claim,
700 2115 69 34 and
783 2115 59 34 the
855 2114 141 44 pleader
1010 2114 27 34 is
1052 2119 60 29 not
1125 2114 129 42 stating
1268 2125 67 32 any

244 2165 249 35 counterclaim
513 2165 110 34 under
643 2165 68 34 this
732 2165 91 34 Rule
847 2166 51 32 13.

119 2242 76 34 The
206 2252 122 24 reason
340 2241 53 35 for
405 2242 90 34 Rule
510 2243 39 33 13
563 2241 27 34 is
602 2246 36 29 to
649 2241 137 44 require
797 2241 127 44 parties
936 2245 35 30 to
983 2245 138 39 present
1132 2240 46 34 all
1189 2240 146 42 existing

120 2292 122 34 claims
263 2291 285 44 simultaneously
568 2296 36 29 to
624 2291 60 34 the
704 2296 99 29 court
823 2301 38 24 or
881 2290 44 35 be
945 2290 133 34 forever
1099 2289 136 41 barred,
1256 2289 80 35 thus

120 2342 203 43 preventing
337 2353 19 23 a
370 2341 221 44 multiplicity
604 2340 39 35 of
654 2341 85 34 suits
753 2340 128 43 arising
895 2340 91 34 from
999 2351 65 23 one
1077 2345 51 29 set
1141 2339 39 35 of
1190 2339 146 34 circum-

121 2397 147 29 stances.
288 2393 136 32 Martin
440 2402 31 23 v.
492 2392 154 33 Citizens
663 2390 102 35 Bank
782 2390 46 43 of
837 2389 122 41 Beebe,
979 2390 66 34 283
1065 2390 85 33 Ark.
1174 2390 75 39 145,
1269 2389 64 34 671

121 2440 145 35 S.W.2d
283 2442 69 33 754
371 2440 138 43 (1984);
527 2451 57 23 see
599 2440 165 34 Shrieves
779 2451 31 22 v.
832 2439 217 43 Yarbrough,
1068 2440 68 33 220
1153 2439 85 33 Ark.
1257 2439 79 39 256,
