1661 2696
143 412 54 30 tor
214 407 53 35 for
283 407 45 35 all
345 407 97 35 other
458 418 175 33 purposes.
651 408 150 34 Newton
818 408 139 42 County
973 408 141 43 appeals
1130 407 60 35 the
1205 407 151 37 decision

143 456 69 36 and
224 468 50 23 we
285 456 122 35 affirm.
419 456 223 35 Jurisdiction
653 457 34 34 in
698 456 68 35 this
776 462 98 29 court
885 457 27 36 is
923 462 169 39 pursuant
1102 462 36 30 to
1148 456 83 44 Sup.
1244 457 56 34 Ct.
1313 458 43 36 R,

145 505 172 44 29(1)(c).

1288 267 66 35 433

236 582 140 44 Dwight
392 583 151 35 Davison
559 594 70 25 was
645 582 181 45 originally
842 582 186 45 appointed
1044 594 38 24 as
1098 583 259 37 administrator

143 632 40 35 of
193 632 59 35 the
265 637 110 30 estate
387 633 39 35 of
435 632 179 41 decedent,
628 633 77 34 who
717 632 79 35 died
810 633 134 43 leaving
957 643 44 24 no
1014 633 68 34 will
1096 632 68 36 and
1177 643 45 27 no
1234 633 123 37 known

144 682 103 35 heirs.
264 682 152 35 Davison
431 682 159 44 resigned
606 693 38 24 as
660 682 259 36 administrator
935 682 150 35 because
1099 682 39 36 of
1150 683 156 35 conflicts
1321 682 39 38 of

145 732 143 37 interest
306 732 165 44 resulting
490 732 91 35 from
600 732 52 35 his
671 732 121 35 claims
810 733 136 43 against
965 732 59 35 the
1042 738 120 36 estate,
1182 732 176 46 including

145 782 233 41 $324,087.35
391 782 34 35 in
437 783 83 34 U.S.
532 782 147 43 Savings
691 782 114 36 Bonds
817 782 68 35 and
897 783 127 40 $4,020
1035 782 35 35 in
1081 783 83 35 cash
1174 782 184 38 contained

145 831 34 35 in
193 843 21 23 a
228 832 78 35 lock
319 832 66 35 box
398 832 68 35 and
481 833 151 40 $11,110
645 831 97 36 owed
755 843 44 24 on
813 843 20 24 a
846 843 60 24 car
919 831 168 37 decedent
1101 832 69 36 had
1183 832 126 44 agreed
1323 838 36 30 to

145 881 70 45 buy
230 881 53 36 for
298 881 72 37 him
385 882 33 35 in
433 887 118 30 return
566 881 54 36 for
634 883 145 34 services
794 882 44 35 he
851 883 69 35 and
935 882 52 35 his
1002 882 81 36 wife
1096 882 69 36 had
1180 882 177 38 rendered.

146 932 99 35 West
256 942 70 25 was
337 932 126 35 named
474 943 38 25 as
523 943 177 24 successor
712 932 269 37 administrator.
993 933 75 35 The
1079 933 171 44 chancery
1260 939 99 30 court

145 982 247 44 subsequently
405 982 108 36 found
528 982 60 35 the
602 982 78 35 lock
693 983 66 34 box
773 988 157 30 contents
944 994 90 24 were
1048 983 79 35 held
1138 983 125 44 jointly
1276 984 82 37 with

146 1032 59 37 the
221 1032 92 46 right
329 1031 39 35 of
380 1032 231 45 survivorship
627 1032 35 37 in
678 1032 151 36 Davison
846 1033 69 36 and
931 1043 90 24 were
1036 1033 174 38 therefore
1225 1038 59 31 not
1300 1034 59 38 the

145 1087 163 39 property
327 1081 39 35 of
383 1082 59 35 the
461 1087 121 30 estate.

237 1158 103 35 After
359 1158 58 35 the
435 1159 82 35 final
537 1160 208 42 accounting
763 1170 69 24 was
851 1159 184 45 approved,
1054 1159 112 36 which
1185 1159 68 35 had
1273 1160 86 37 been

146 1207 169 45 prepared
326 1208 45 44 by
381 1209 151 35 Davison
543 1208 120 35 before
673 1209 52 34 his
736 1209 220 43 resignation,
967 1209 69 34 and
1047 1209 181 35 Davison’s
1238 1210 121 37 claims

146 1258 138 43 against
297 1257 60 35 the
370 1263 110 32 estate
493 1269 90 24 were
597 1258 156 41 allowed,
768 1259 150 35 Newton
933 1258 140 45 County
1086 1258 123 36 moved
1223 1264 35 30 to
1272 1259 88 35 have

146 1308 99 35 West
266 1307 159 36 removed
446 1319 38 24 as
505 1307 271 36 administrator.
798 1309 150 35 Newton
969 1308 169 46 County’s
1159 1308 130 37 motion
1310 1309 48 37 al-

146 1357 100 43 leged
257 1358 86 35 that:
359 1357 33 43 1)
404 1368 44 24 no
458 1357 114 36 notice
581 1369 70 23 was
661 1359 100 43 given
771 1363 36 29 to
816 1358 59 35 the
884 1363 129 39 county
1022 1358 40 35 of
1068 1359 60 35 the
1137 1358 223 45 proceedings

146 1407 173 43 involving
346 1407 59 36 the
432 1412 111 31 estate
570 1408 168 44 although
765 1408 59 35 the
851 1413 128 40 county
1006 1409 149 36 claimed
1182 1414 36 29 to
1245 1409 43 35 be
1315 1420 44 25 an

146 1457 187 36 interested
357 1463 100 39 party
479 1468 38 25 as
541 1469 20 23 a
585 1458 167 45 potential
776 1458 208 44 beneficiary
1007 1458 110 36 under
1139 1458 60 36 the
1220 1459 139 37 escheat

146 1512 159 36 statutes;
322 1507 36 43 2)
376 1508 97 35 West
488 1519 70 23 was
573 1508 141 44 sharing
728 1508 99 37 office
841 1519 104 33 space
958 1508 83 35 with
1057 1509 181 37 Davison’s
1252 1514 106 30 attor-

147 1568 77 32 ney,
239 1557 113 35 which
366 1557 181 44 presented
562 1568 21 24 a
598 1558 138 35 conflict
750 1557 40 35 of
800 1558 142 35 interest
956 1558 95 35 since
1064 1559 152 35 Davison
1231 1570 70 25 was
1315 1570 45 25 an

147 1606 143 36 adverse
314 1612 100 38 party
436 1612 36 29 to
496 1607 59 34 the
579 1612 121 36 estate;
726 1606 35 43 3)
788 1608 97 34 West
909 1607 107 35 failed
1040 1613 36 29 to
1099 1607 180 45 challenge
1302 1608 59 35 the

146 1655 289 35 administrator’s
448 1655 69 35 and
529 1657 189 42 attorney’s
730 1655 72 35 fees
814 1656 101 35 listed
927 1657 35 35 in
975 1656 59 34 the
1046 1657 82 35 final
1141 1657 218 45 accounting;

146 1703 38 44 4)
199 1705 98 34 West
309 1703 106 36 failed
427 1710 35 29 to
474 1704 181 44 challenge
666 1705 60 35 the
737 1715 59 25 car
808 1710 165 39 payment
984 1705 164 44 provided
1160 1705 35 38 in
1207 1705 59 39 the
1277 1706 82 38 final

146 1754 209 44 accounting
370 1754 112 36 which
497 1754 154 36 Davison
665 1754 150 37 claimed
830 1766 38 27 as
883 1767 21 24 a
919 1755 66 45 gift
1001 1755 91 38 from
1106 1756 61 37 the
1180 1755 179 43 decedent;

146 1804 70 36 and
233 1804 37 44 5)
289 1804 97 35 West
401 1804 139 36 refused
555 1810 37 30 to
607 1816 127 33 pursue
749 1816 45 24 an
810 1806 123 45 appeal
949 1805 40 38 of
1001 1806 60 35 the
1075 1806 172 45 chancery
1261 1812 99 32 court

142 1854 186 44 judgment
343 1855 177 44 awarding
535 1855 154 35 Davison
704 1855 60 35 the
778 1861 157 30 contents
950 1855 40 35 of
1001 1856 60 35 the
1076 1856 78 35 lock
1168 1856 77 35 box.
1262 1857 98 37 West

145 1903 125 38 denied
285 1904 46 35 all
346 1904 203 44 allegations
563 1904 40 35 of
613 1906 156 34 conflicts
783 1905 40 35 of
833 1906 142 36 interest
989 1906 69 35 and
1073 1905 286 37 misadministra-

145 1954 73 34 tion
239 1954 35 35 in
294 1953 52 35 his
367 1965 141 24 answer.

237 2031 179 34 Arkansas
436 2030 90 36 Stat.
547 2031 92 34 Ann.
663 2031 18 43 §
704 2032 152 34 62-2203
880 2031 116 45 (Repl.
1022 2032 105 43 1971)
1149 2032 167 44 provides;

362 2107 113 36 When
489 2108 60 35 the
563 2109 159 43 personal
737 2108 268 45 representative
1020 2109 159 36 becomes
1194 2110 167 45 mentally

271 2158 244 44 incompetent,
531 2157 230 46 disqualified,
777 2159 198 36 unsuitable
990 2170 38 24 or
1044 2159 182 46 incapable
1241 2159 39 36 of
1292 2160 67 38 dis-

271 2208 167 44 charging
456 2209 52 35 his
526 2213 100 37 trust,
645 2209 63 35 has
726 2209 240 44 mismanaged
984 2209 60 36 the
1061 2215 121 36 estate,
1201 2209 107 38 failed
1325 2215 37 42 tp

272 2257 152 46 perform
434 2269 68 33 any
512 2258 86 44 duty
608 2258 155 45 imposed
774 2259 45 43 by
829 2259 65 35 law
904 2271 38 23 or
953 2259 45 43 by
1008 2270 68 33 any
1086 2259 118 36 lawful
1214 2260 101 35 order
1324 2260 40 37 of

271 2307 60 35 the
340 2313 108 35 court,
459 2318 38 24 or
507 2308 62 34 has
579 2308 124 35 ceased
713 2314 36 28 to
759 2308 43 34 be
812 2319 20 23 a
842 2308 151 35 resident
1002 2308 40 36 of
1049 2309 59 35 the
1117 2313 90 30 state
1216 2309 145 36 without

271 2356 96 42 filing
386 2356 59 34 the
463 2356 256 36 authorization
738 2356 40 35 of
793 2368 45 23 an
857 2362 105 38 agent
980 2362 37 29 to
1035 2363 122 38 accept
1176 2358 128 34 service
1322 2369 39 25 as

271 2404 164 45 provided
450 2405 45 44 by
510 2405 141 34 Section
665 2407 46 34 70
726 2405 23 34 b
766 2405 53 43 (6)
840 2406 34 43 [§
892 2406 185 43 62-2201],
1092 2407 83 34 then
1190 2406 59 35 the
1263 2411 99 31 court
