1648 2680
313 421 162 34 evidence
492 426 36 29 to
545 425 143 39 support
706 431 20 23 a
744 419 131 43 finding
893 419 76 34 that
986 418 60 34 the
1063 418 216 34 mechanical
1297 417 175 34 condition
1489 416 39 35 of

314 470 138 43 Zajac’s
471 470 127 44 pickup
617 469 101 35 truck
735 480 70 23 was
824 479 21 24 a
864 468 193 44 proximate
1075 478 105 24 cause
1198 467 39 34 of
1253 467 52 34 his
1324 466 116 35 death.
1461 467 65 33 We

313 525 127 29 cannot
460 519 132 35 sustain
612 519 77 34 that
708 518 209 35 contention.

315 282 67 33 512

404 621 74 34 The
490 621 80 43 only
583 625 67 30 two
663 620 237 44 eyewitnesses
913 619 77 34 who
1002 618 180 35 described
1195 618 59 35 the
1267 617 158 35 accident
1437 628 89 23 were

314 671 172 34 members
496 670 39 35 of
542 670 59 34 the
610 670 91 34 train
711 680 99 24 crew.
821 669 75 34 The
905 668 202 41 brakeman,
1118 668 77 34 who
1204 678 70 24 was
1284 667 119 43 sitting
1413 678 44 23 on
1467 667 59 34 the

314 720 62 34 left
388 720 35 34 in
436 720 59 34 the
506 720 78 34 lead
597 719 134 43 engine,
744 719 69 34 had
825 719 60 34 the
896 719 131 34 clearer
1038 718 95 34 view.
1147 718 49 34 At
1208 728 21 24 a
1241 717 156 34 distance
1409 717 39 34 of
1458 717 68 34 300

314 769 70 35 feet
397 769 44 35 he
453 780 70 24 saw
536 769 59 35 the
608 769 127 44 pickup
747 768 118 44 slowly
878 767 235 45 approaching
1126 767 60 35 the
1198 767 152 43 crossing
1364 766 91 35 from
1467 766 60 34 the

314 819 73 35 left.
405 820 31 34 It
451 824 97 39 crept
562 829 47 34 up
624 829 44 24 on
684 818 59 35 the
758 818 100 35 track
872 817 69 35 and
957 817 123 35 stalled
1096 828 38 23 or
1150 816 144 45 stopped
1310 816 92 44 right
1417 816 35 34 in
1468 816 59 34 the

314 869 130 35 middle
458 869 39 35 of
509 869 59 35 the
582 869 108 34 track.
706 868 76 35 The
796 878 205 33 emergency
1016 867 123 35 brakes
1154 878 90 23 were
1258 865 149 46 applied,
1423 866 62 35 but
1500 866 26 34 it

313 931 70 23 was
394 925 57 29 too
461 920 70 34 late
540 924 35 29 to
585 924 76 39 stop
671 918 59 35 the
740 918 101 41 train,
851 918 113 34 which
974 929 70 23 was
1054 917 107 35 about
1171 928 20 24 a
1202 917 81 35 mile
1292 917 91 43 long.
1394 917 49 34 At
1452 916 74 35 first

314 970 59 34 the
392 969 112 34 driver
524 969 39 34 of
579 969 60 34 the
658 969 101 34 truck
778 979 69 23 was
868 968 137 42 looking
1025 967 148 43 straight
1193 966 123 41 ahead,
1337 966 63 35 but
1419 977 21 24 a
1460 966 66 34 few

314 1019 143 34 seconds
471 1018 119 35 before
603 1018 59 34 the
675 1018 130 43 impact
818 1018 43 33 he
874 1016 123 35 looked
1011 1022 36 29 at
1060 1017 59 34 the
1132 1016 101 34 train.
1248 1016 75 34 The
1336 1016 190 34 brakeman

314 1068 159 34 testified:
487 1068 55 34 “It
554 1067 122 34 looked
688 1067 69 34 like
767 1067 44 34 he
822 1077 70 24 was
904 1066 109 34 either
1025 1065 249 43 downshifting
1274 1065 43 43 —
1317 1065 47 43 he
1375 1065 83 34 took
1468 1065 59 34 the

314 1117 91 34 lever
425 1116 68 35 and
513 1121 91 29 went
623 1127 47 32 up
689 1116 83 34 with
792 1116 26 34 it
838 1116 60 34 the
917 1116 67 34 last
1003 1115 85 34 time
1108 1116 15 33 I
1144 1125 80 24 seen
1244 1114 108 34 him.”

404 1218 75 34 The
495 1217 179 41 decedent,
691 1217 148 43 Tommy
857 1216 120 43 Zajac,
995 1216 69 34 had
1081 1216 87 34 been
1185 1215 107 35 about
1309 1215 217 43 high-school

314 1278 75 32 age.
403 1267 78 34 One
493 1267 39 34 of
542 1267 52 34 his
607 1266 130 35 friends
750 1266 148 35 testified
911 1266 76 34 that
999 1267 149 42 Tommy
1160 1265 69 34 had
1242 1276 21 23 a
1275 1265 156 44 problem
1444 1264 82 35 with

314 1317 59 35 the
390 1328 100 32 gears
508 1317 35 34 in
561 1317 52 34 his
631 1317 110 34 truck.
761 1316 243 43 Occasionally
1022 1315 59 35 the
1099 1315 122 34 shifter
1238 1314 114 35 would
1370 1314 92 43 hang
1480 1325 47 33 up

314 1367 99 34 when
425 1367 44 34 he
479 1377 70 24 was
561 1366 103 43 going
676 1366 72 34 into
760 1365 145 35 another
916 1376 92 32 gear.
1022 1365 32 35 It
1065 1364 111 35 didn’t
1187 1365 137 43 happen
1336 1364 116 41 much,
1465 1364 62 34 but

314 1416 99 34 when
433 1416 26 34 it
478 1415 59 35 did
556 1416 148 42 Tommy
724 1415 69 35 had
812 1420 36 29 to
867 1420 77 38 stop
963 1414 69 35 and
1052 1414 103 35 reach
1174 1413 110 35 under
1303 1414 60 34 the
1382 1413 90 35 hood
1491 1418 35 30 to

314 1465 121 43 unjam
444 1465 59 35 the
512 1465 147 43 linkage.
671 1464 113 35 When
794 1464 59 35 the
862 1464 135 35 trouble
1006 1463 177 41 occurred,
1192 1464 149 43 Tommy
1350 1463 113 34 would
1472 1468 55 38 try

314 1521 36 29 to
362 1515 123 43 wiggle
497 1515 59 34 the
568 1525 82 33 gear
662 1514 85 35 shift
760 1514 91 35 knob
863 1519 36 29 to
911 1519 58 38 get
981 1514 27 34 it
1020 1514 73 34 into
1105 1524 93 33 gear.
1211 1513 84 34 This
1307 1513 137 34 witness
1457 1512 69 35 had

314 1576 80 24 seen
415 1565 59 35 the
493 1576 99 32 gears
613 1565 92 43 hang
725 1575 47 33 up
791 1575 21 24 a
832 1564 68 44 day
920 1575 38 23 or
978 1569 67 29 two
1066 1563 119 35 before
1204 1563 59 35 the
1283 1562 168 36 accident.

404 1667 177 44 Tommy’s
591 1666 190 44 girlfriend,
790 1666 77 35 who
876 1666 74 35 said
959 1666 62 34 she
1029 1665 69 35 and
1106 1666 149 43 Tommy
1263 1676 90 24 were
1361 1665 165 44 planning

314 1722 36 29 to
363 1717 43 34 be
418 1716 162 42 married,
593 1728 70 23 was
676 1716 152 35 familiar
840 1716 83 34 with
936 1716 59 34 the
1007 1715 169 44 gearshift
1188 1715 167 44 problem.
1369 1715 71 35 She
1452 1714 75 35 said

315 1767 76 34 that
406 1768 148 42 Tommy
569 1766 131 43 bought
716 1777 20 24 a
751 1771 77 39 part
843 1765 54 35 for
912 1766 59 34 the
986 1765 156 44 problem
1157 1765 68 35 and
1240 1765 78 35 that
1332 1765 44 34 he
1390 1765 69 34 and
1474 1765 52 34 his

315 1816 115 35 father
446 1816 90 34 fixed
552 1816 26 34 it
594 1827 44 23 on
654 1816 59 34 the
728 1815 68 44 day
812 1815 119 35 before
946 1815 60 35 the
1021 1814 169 35 accident.
1208 1815 71 34 She
1294 1814 70 35 and
1379 1815 148 43 Tommy

315 1866 82 34 then
411 1871 90 29 went
515 1865 54 35 for
583 1876 20 24 a
618 1865 74 35 ride
705 1865 69 35 and
788 1864 70 35 had
872 1876 44 23 no
931 1865 183 44 problems.
1129 1865 98 43 They
1240 1864 162 35 assumed
1416 1864 27 34 it
1456 1875 70 23 was

314 1915 101 35 fixed.
428 1916 56 34 On
495 1926 92 23 cross
599 1915 234 34 examination
845 1915 61 34 she
917 1914 170 35 admitted
1098 1914 77 34 that
1185 1914 35 34 in
1231 1925 21 23 a
1263 1914 192 43 deposition
1466 1914 61 34 she

314 1965 70 34 had
393 1965 75 34 said
478 1965 76 34 that
564 1965 59 34 the
632 1965 101 34 truck
741 1975 70 24 was
821 1964 91 34 fixed
922 1964 205 34 “sometime
1136 1963 124 43 during
1270 1964 59 34 the
1338 1968 68 29 two
1415 1963 110 34 weeks

314 2015 119 34 before
460 2014 43 35 he
529 2019 59 38 got
615 2014 139 34 killed.”
781 2014 72 34 She
879 2013 182 44 explained
1088 2013 76 35 that
1191 2013 61 35 she
1274 2013 74 43 just
1374 2012 153 35 couldn’t

315 2064 193 34 remember
522 2064 93 40 then,
630 2064 62 34 but
706 2064 61 34 she
780 2063 148 43 thought
942 2063 91 34 back
1045 2063 107 34 about
1166 2063 27 34 it
1206 2062 69 35 and
1289 2062 237 35 remembered

314 2114 77 34 that
411 2114 26 34 it
457 2113 69 35 had
547 2113 86 35 been
654 2113 59 35 the
732 2113 68 43 day
820 2112 119 35 before
959 2113 59 34 the
1038 2112 168 35 accident.

546 2215 31 35 It
593 2226 71 23 was
681 2214 54 35 for
752 2214 59 35 the
824 2214 81 44 jury
922 2219 36 30 to
975 2213 121 35 decide
1112 2214 154 34 whether
1283 2213 60 35 the
1359 2212 168 44 gearshift

315 2265 115 34 defect
445 2264 218 35 contributed
679 2269 35 30 to
729 2264 59 35 the
803 2264 168 35 accident.
988 2263 198 44 According
1201 2268 36 30 to
1251 2263 60 35 the
1325 2263 201 41 brakeman,

315 2325 114 33 young
444 2314 137 44 Zajac’s
595 2315 101 34 truck
709 2314 123 35 stalled
845 2325 44 23 on
903 2314 60 34 the
975 2314 108 34 track.
1100 2314 39 34 In
1152 2314 60 34 the
1225 2314 66 34 last
1304 2313 66 35 few
1384 2312 143 35 seconds

316 2365 109 42 Zajac
448 2375 70 24 saw
542 2364 59 35 the
625 2364 235 44 approaching
884 2364 91 34 train
999 2363 68 35 and
1091 2374 70 24 was
1185 2363 154 43 working
1362 2363 83 34 with
1468 2363 60 34 the

315 2414 169 43 gearshift
494 2414 91 34 lever
592 2414 74 43 just
676 2413 119 35 before
806 2414 59 33 the
876 2413 141 44 impact.
1030 2414 104 43 Upon
1145 2413 46 34 all
1203 2413 59 34 the
1273 2413 185 42 testimony
1469 2412 59 34 the
