1651 2695
307 404 34 34 in
354 404 213 35 accordance
578 404 82 34 with
673 404 201 35 reasonable
886 405 221 35 commercial
1119 405 193 35 standards.
1327 405 38 34 In
1377 405 141 44 holding

307 454 76 34 that
397 465 20 23 a
428 454 81 43 jury
523 454 157 44 question
695 465 70 24 was
780 454 191 44 presented,
987 454 59 35 the
1060 454 110 35 Court
1184 454 161 36 declared
1359 455 76 34 that
1450 455 26 35 it
1490 456 28 34 is

307 504 200 34 incumbent
516 514 91 33 upon
617 514 20 24 a
646 503 196 44 depository
851 504 94 34 bank
952 505 140 42 seeking
1101 504 185 44 immunity
1294 510 36 29 to
1338 504 101 44 plead
1448 505 69 34 and

306 563 103 34 prove
417 553 43 34 its
470 553 206 35 affirmative
684 553 141 35 defense
834 553 68 34 and
912 554 176 34 “whether
1097 564 38 24 or
1143 559 60 29 not
1212 565 20 23 a
1242 554 93 35 bank
1343 554 100 34 acted
1453 555 34 34 in
1496 566 20 23 a

306 603 257 44 commercially
584 603 202 35 reasonable
806 614 144 24 manner
970 603 27 35 is
1018 615 20 23 a
1059 604 158 43 question
1237 604 39 34 of
1293 604 106 35 fact.”

308 262 67 34 236

396 678 113 34 There
518 689 59 23 are
586 677 169 35 decisions
765 679 76 34 that
851 689 37 23 as
899 689 20 23 a
929 683 128 30 matter
1066 678 39 34 of
1112 679 65 34 law
1187 679 26 34 it
1223 679 27 34 is
1260 679 257 44 commercially

306 727 250 34 unreasonable
574 727 54 34 for
646 738 20 23 a
686 727 93 35 bank
795 733 36 29 to
849 733 121 38 accept
989 728 53 34 for
1060 727 134 44 deposit
1212 728 35 34 in
1265 739 44 23 an
1328 728 188 35 individual

305 781 148 29 account
474 787 20 23 a
516 776 109 34 check
646 776 103 35 made
770 777 148 43 payable
939 782 35 29 to
996 788 20 23 a
1038 778 218 42 corporation
1277 777 144 35 without
1443 778 73 34 first

305 825 243 43 ascertaining,
560 836 37 24 or
610 830 36 30 at
658 826 86 35 least
756 826 142 43 making
909 837 46 23 an
966 826 148 44 inquiry,
1126 837 38 24 as
1176 832 35 29 to
1223 827 59 34 the
1294 827 175 44 authority
1480 827 39 35 of

306 875 59 35 the
377 874 370 47 depositor/endorser.
760 878 115 32 Aetna
890 876 171 44 Casualty
1077 877 30 33 &
1122 876 130 44 Surety
1266 877 60 34 Co.
1340 887 30 24 v.
1384 877 134 44 Hepler

304 926 103 34 State
414 925 112 42 Bank,
536 926 20 34 6
566 926 90 34 Kan.App.2d
666 926 91 44 543,
769 926 44 34 630
823 926 157 41 P.2d
989 927 36 34 721
1036 924 45 37 (­
1091 926 217 44 1981).
1319 927 39 34 In
1367 937 62 24 our
1437 938 80 24 case

306 976 156 34 Brunson
479 975 120 44 forged
616 986 45 24 an
678 976 241 35 endorsement
935 987 44 24 on
996 987 20 24 a
1032 977 109 34 check
1156 977 149 44 payable
1321 982 35 29 to
1373 978 143 34 Walnut

304 1025 113 43 Ridge
438 1026 120 43 Flying
578 1025 149 42 Service,
749 1027 82 40 Inc.,
852 1026 68 34 and
940 1026 178 45 deposited
1138 1027 59 35 the
1216 1027 164 44 proceeds
1400 1033 35 29 to
1454 1028 61 34 her

304 1081 158 29 account.
473 1075 178 42 Likewise,
661 1087 21 24 a
691 1076 152 44 Georgia
852 1082 99 29 court
959 1077 216 35 determined
1184 1088 20 24 a
1213 1078 95 34 bank
1315 1083 37 29 to
1360 1078 44 34 be
1412 1083 60 30 not
1480 1078 35 35 in

304 1125 214 35 accordance
528 1125 82 35 with
622 1127 202 34 reasonable
834 1127 222 35 commercial
1067 1127 183 35 standards
1261 1128 99 34 when
1372 1128 26 34 it
1409 1128 106 34 failed

304 1180 35 29 to
352 1174 135 44 inquire
499 1180 36 29 to
549 1175 170 35 ascertain
733 1176 175 43 authority
921 1176 40 34 of
971 1187 20 24 a
1004 1176 126 35 second
1144 1178 217 42 corporation
1377 1177 137 42 (collec­

303 1224 72 34 tion
385 1224 147 43 agency)
545 1230 35 29 to
590 1224 143 35 endorse
743 1225 68 34 and
821 1225 134 43 deposit
965 1226 58 34 the
1033 1236 108 33 payee
1150 1226 218 43 corporation
1378 1226 135 35 checks.

302 1273 212 34 Nat’l Bank
522 1285 30 23 v.
562 1273 248 44 Refrigerated
821 1275 30 33 &
866 1275 73 40 Co.,
955 1276 63 32 147
1030 1275 66 34 Ga.App.
1107 1275 90 43 240,
1210 1276 157 40 248
1379 1275 78 34 S.E.­
1470 1276 44 34 2d

303 1323 67 34 496
394 1322 137 43 (1978).

487 1398 128 34 Where
623 1398 203 34 reasonable
834 1398 113 34 minds
957 1409 81 33 may
1046 1398 102 35 differ
1157 1410 38 23 as
1204 1404 36 29 to
1249 1400 59 33 the
1316 1399 198 35 conclusion

302 1457 38 23 or
352 1446 191 35 inferences
556 1452 35 29 to
604 1446 43 35 be
658 1446 118 36 drawn
789 1448 91 34 from
892 1448 59 34 the
963 1448 172 41 evidence,
1149 1449 85 33 such
1246 1449 108 34 issues
1367 1454 92 29 must
1472 1449 43 35 be

302 1495 189 35 submitted
506 1501 35 29 to
556 1496 59 35 the
625 1496 91 44 jury.
732 1499 117 33 Home
863 1497 149 35 Mutual
1024 1500 81 32 Fire
1118 1499 68 33 Ins.
1206 1499 60 33 Co.
1282 1510 30 23 v.
1331 1498 181 42 Cartmell,

302 1546 66 34 245
380 1546 84 34 Ark.
476 1546 134 41 45,
620 1545 94 36 430
727 1546 44 35 S.W.2d
782 1547 67 34 849
862 1546 136 44 (1968).
1010 1548 31 34 It
1050 1547 114 35 would
1174 1548 43 34 be
1226 1558 94 25 error
1329 1553 36 29 to
1373 1548 109 35 direct
1492 1560 20 24 a

301 1594 131 36 verdict
441 1595 35 35 in
485 1596 84 35 such
579 1595 279 37 circumstances.
868 1597 175 43 Huffman
1057 1596 197 36 Wholesale
1261 1597 139 45 Supply
1411 1599 60 34 Co.
1482 1610 30 23 v.

306 1647 115 41 Terry,
434 1646 68 34 240
512 1647 85 34 Ark.
611 1647 78 41 399,
703 1648 66 33 399
780 1647 94 35 S.W.­
887 1647 45 34 2d
944 1648 66 34 658
1025 1647 138 43 (1968).
1175 1648 57 34 On
1243 1648 60 35 the
1313 1648 119 35 record
1444 1660 37 23 as
1492 1660 21 24 a

301 1695 110 35 whole
431 1707 51 23 we
501 1696 71 35 find
592 1696 206 36 substantial
819 1696 161 36 evidence
1000 1703 36 29 to
1056 1703 143 38 support
1218 1698 60 35 the
1296 1698 141 35 verdict.

391 1771 180 35 Affirmed.

392 1846 155 34 Robert
565 1846 35 34 F.
620 1846 231 41 Morehead,
870 1847 138 43 Special
1026 1847 142 41 Justice,
1186 1848 187 35 concurred
1391 1848 34 34 in
1443 1849 68 34 this

300 1895 162 34 decision.

391 1970 197 41 Hickman,
610 1970 42 41 J.,
673 1975 59 30 not
752 1970 256 44 participating.

389 2044 159 41 Purtle,
570 2045 42 40 J.,
633 2050 59 29 not
713 2045 255 43 participating.

390 2119 115 40 Hays,
527 2120 42 40 J.,
590 2124 60 29 not
669 2119 256 45 participating.
