1656 2696
117 426 196 44 taxpayers’
327 436 123 33 money
463 425 30 35 if
502 425 68 35 this
583 425 69 35 suit
664 425 70 35 had
747 431 59 29 not
819 425 86 35 been
919 425 160 44 brought.
1093 425 148 35 Neither
1253 435 80 25 case

117 481 161 39 supports
290 476 59 34 the
360 481 193 38 argument.
567 476 39 34 In
622 474 179 45 Williford
810 475 59 34 the
880 475 56 34 fee
946 485 71 24 was
1029 475 144 34 allowed
1185 475 148 34 because

117 526 60 34 the
191 526 195 43 taxpayer’s
401 526 68 34 suit
483 525 69 35 had
567 525 140 35 created
722 536 20 23 a
757 536 160 23 common
932 524 86 35 fund
1033 525 35 34 in
1082 530 110 36 court,
1207 525 53 34 for
1274 525 60 34 the

118 576 129 34 benefit
257 575 39 35 of
304 576 59 34 the
373 580 194 39 taxpayers.
580 576 95 33 Here
685 575 98 34 there
792 575 62 34 has
865 575 88 34 been
964 585 44 24 no
1019 575 131 34 similar
1161 585 171 33 recovery.

119 626 39 33 In
171 625 113 35 Black
296 625 59 35 the
367 625 55 35 fee
433 636 70 23 was
516 624 145 35 allowed
674 625 35 34 in
722 635 44 24 an
779 624 279 35 administration
1070 624 207 44 proceeding
1289 635 44 24 on

118 675 60 34 the
187 675 177 43 authority
372 674 39 35 of
417 685 20 24 a
446 675 171 43 provision
627 674 35 35 in
671 674 60 35 the
739 674 148 35 Probate
896 674 109 41 Code,
1014 675 86 34 Ark.
1110 674 89 35 Stat.
1210 675 91 33 Ann.
1314 674 17 43 §

119 725 154 34 62-2208
288 724 115 44 (Repl.
419 724 118 43 1971),
548 724 83 34 with
642 724 118 43 unjust
771 724 215 34 enrichment
996 724 103 43 being
1109 724 176 35 discussed
1296 735 37 23 as

119 784 20 24 a
155 774 127 34 second
298 774 92 34 basis
406 774 52 34 for
473 774 60 34 the
548 774 198 34 allowance.
763 774 122 41 There,
902 774 167 41 however,
1085 774 60 34 the
1159 774 90 34 heirs
1265 773 69 36 had

118 823 147 45 directly
287 823 170 35 benefited
480 823 91 35 from
591 824 61 34 the
672 824 187 44 attorney’s
881 824 146 34 services
1049 824 35 34 in
1105 824 187 43 defending
1313 835 21 24 a

119 873 202 35 fraudulent
333 874 114 34 claim.
461 874 75 34 The
548 874 183 35 situations
743 885 60 23 are
814 879 60 29 not
886 874 234 44 comparable.
1133 874 75 34 The
1219 874 114 35 allow-

119 934 88 25 ance
222 923 39 35 of
273 924 60 34 the
348 924 187 43 attorney’s
550 924 56 34 fee
622 924 35 34 in
672 924 60 34 the
747 929 137 39 present
899 935 80 24 case
994 929 93 30 must
1103 924 44 34 be
1162 929 51 30 set
1228 924 105 35 aside.

1263 283 64 35 291

211 1001 51 34 As
282 1011 38 24 so
340 1000 162 35 modified
523 1001 59 34 the
602 1000 123 35 decree
745 1000 27 35 is
793 1000 168 35 affirmed.

212 1077 160 41 Purtle,
393 1078 42 40 J.,
456 1082 60 30 not
536 1077 256 44 participating.

212 1154 171 41 Dudley,
404 1154 43 41 J.,
467 1164 156 24 concurs.
646 1155 115 40 Hays,
782 1154 42 41 J.,
845 1164 145 24 concurs
1011 1154 69 34 and
1100 1154 156 35 dissents.

212 1230 156 34 Robert
382 1231 45 33 H.
443 1230 171 40 Dudley,
630 1230 142 41 Justice,

786 1230 216 43 concurring.
1019 1231 15 33 I
1049 1241 127 23 concur
1190 1230 35 34 in
1239 1230 95 35 hold-

121 1279 58 43 ing
201 1279 77 35 that
299 1279 60 35 the
380 1279 110 44 City’s
511 1285 150 38 attempt
682 1285 36 29 to
739 1291 61 23 use
821 1285 59 29 tax
901 1290 126 33 money
1048 1285 36 29 to
1105 1280 70 34 bail
1196 1285 60 30 out
1277 1280 59 35 the

120 1328 168 35 creditors
299 1329 39 34 of
347 1340 19 24 a
378 1329 167 44 privately
555 1329 121 35 owned
686 1334 143 30 venture
840 1340 69 24 was
921 1335 60 29 not
992 1340 20 24 a
1023 1341 63 23 use
1095 1329 40 35 of
1142 1335 59 29 tax
1212 1340 124 34 money

121 1378 54 35 for
192 1390 21 23 a
231 1379 117 44 public
365 1389 157 34 purpose.
542 1380 66 33 For
625 1379 77 35 that
719 1390 121 24 reason
858 1380 59 34 the
934 1379 92 35 bond
1044 1380 91 34 issue
1152 1380 28 34 is
1197 1380 138 35 invalid.

213 1454 283 44 Unfortunately,
509 1455 60 34 the
582 1455 163 44 majority
757 1455 139 44 opinion
909 1466 81 32 goes
1004 1456 105 34 much
1122 1455 132 35 farther
1267 1456 69 34 and

121 1504 173 34 overrules
302 1504 240 43 Snodgrass v.
552 1504 234 41 Pocahontas,
801 1505 63 34 189
874 1505 85 34 Ark.
972 1505 132 41 819, 75
1115 1504 143 35 S.W.2d
1268 1506 66 33 223

123 1553 139 43 (1934),
278 1553 69 35 and
362 1553 42 35 its
420 1564 162 33 progeny.
598 1554 105 35 Since
716 1553 210 45 Snodgrass,
942 1565 121 33 supra,
1078 1554 68 35 this
1161 1559 98 30 court
1274 1555 62 34 has

121 1603 224 45 consistently
364 1603 79 35 held
461 1604 77 35 that
556 1604 60 35 the
634 1604 236 35 Constitution
889 1604 39 35 of
943 1605 179 34 Arkansas
1141 1604 195 36 authorizes

121 1653 98 35 cities
233 1659 36 29 to
283 1653 97 35 incur
394 1654 80 44 long
488 1659 90 30 term
592 1654 83 35 debt
689 1654 54 35 for
757 1655 59 34 the
829 1665 148 34 purpose
990 1654 40 35 of
1040 1655 142 43 making
1197 1655 138 35 author­

121 1703 77 35 ized
216 1704 267 44 improvements
502 1704 53 35 for
573 1705 118 44 public
708 1715 175 34 purposes,
902 1705 146 35 without
1065 1705 209 44 conducting
1292 1716 45 24 an

121 1754 159 41 election,
290 1754 30 35 if
326 1754 59 35 the
393 1754 83 35 debt
484 1755 28 34 is
521 1760 36 29 to
566 1755 44 34 be
619 1755 119 44 repaid
748 1755 105 44 solely
862 1760 61 30 out
931 1755 40 35 of
976 1766 165 24 revenues
1150 1755 186 44 generated

121 1804 46 44 by
189 1804 100 35 those
310 1804 278 45 improvements,
612 1805 69 35 and
703 1805 60 35 the
785 1811 202 38 repayment
1009 1805 82 35 does
1114 1811 60 29 not
1196 1806 98 44 place
1316 1817 20 24 a

121 1854 134 35 burden
266 1865 44 24 on
320 1855 59 34 the
389 1860 166 39 taxpayer
565 1855 54 34 for
628 1855 113 35 which
752 1855 51 35 his
814 1861 162 38 property
985 1856 113 43 might
1107 1856 44 34 be
1160 1856 176 44 appropri­

121 1904 92 34 ated.
229 1905 66 33 For
309 1905 43 33 52
366 1915 98 32 years
477 1905 68 34 this
558 1910 100 29 court
670 1905 63 34 has
746 1910 59 29 not
818 1905 159 35 deviated
991 1905 91 35 from
1094 1906 77 34 that
1184 1905 150 44 holding.

121 1954 83 33 Two
233 1954 259 34 constitutional
521 1954 253 41 amendments,
803 1955 179 34 Numbers
1010 1956 45 34 49
1085 1955 69 35 and
1183 1955 55 41 62,
1268 1955 68 35 and

120 2003 138 35 various
271 2008 157 37 statutes,
442 2004 87 34 have
542 2004 87 35 been
642 2004 145 35 enacted
800 2004 34 35 in
847 2005 151 35 reliance
1009 2016 45 23 on
1066 2005 77 35 that
1155 2005 151 44 holding.
1321 2005 15 35 I

121 2053 114 35 would
256 2059 60 30 not
335 2054 155 35 overrule
509 2053 211 45 Snodgrass,
742 2066 119 33 supra.

213 2130 140 35 Steele
370 2131 114 41 Hays,
500 2131 142 41 Justice,

658 2131 205 44 concurring
878 2131 69 35 and
962 2131 201 44 dissenting.
1179 2132 16 34 I
1210 2142 127 25 concur

122 2180 34 34 in
168 2180 59 34 the
239 2180 106 35 result
356 2180 149 35 because
515 2181 60 34 the
585 2181 197 34 chancellor
793 2181 108 35 found
912 2182 60 34 the
982 2182 201 34 retirement
1193 2181 40 35 of
1240 2182 97 34 these

121 2229 111 35 bonds
260 2229 161 35 included
448 2230 60 35 the
534 2230 163 44 pledging
724 2230 40 35 of
788 2231 93 34 hotel
908 2231 69 35 and
1005 2236 197 30 restaurant
1228 2237 108 35 taxes,

121 2279 146 44 thereby
279 2279 159 44 bringing
451 2280 59 34 the
522 2291 80 24 case
613 2280 120 35 within
745 2281 60 34 the
816 2286 122 29 caveat
950 2281 205 35 announced
1167 2281 35 34 in
1213 2282 125 33 Purvis

121 2340 31 23 v.
167 2329 167 40 Hubbell,
351 2331 140 42 Mayor,
508 2331 66 33 273
590 2330 86 34 Ark.
693 2331 79 40 330,
788 2331 68 33 620
871 2330 144 34 S.W.2d
1030 2331 68 33 282
1115 2330 125 43 (1981)
1257 2330 80 41 and,

122 2379 120 40 hence,
254 2379 175 43 requiring
441 2389 44 24 an
497 2379 157 34 election.
667 2379 141 43 Beyond
820 2380 87 40 that,
920 2380 15 33 I
947 2380 223 43 respectfully
1180 2380 158 42 disagree

121 2427 84 34 with
225 2427 60 34 the
305 2428 172 43 majority.
