1656 2685
297 401 117 34 clause
431 400 130 35 forbids
577 400 168 34 invidious
761 399 274 35 discrimination
1051 399 45 44 by
1111 410 45 23 an
1172 410 131 33 agency
1318 398 39 35 of
1369 409 140 33 govern­

299 456 94 28 ment
420 450 154 34 between
602 449 130 36 United
760 449 116 35 States
903 449 152 35 citizens.
1083 449 97 42 They
1207 460 107 32 argue
1339 449 77 34 that
1447 450 64 33 102

296 500 143 33 violates
450 499 59 35 the
522 499 208 34 Fourteenth
741 499 237 34 Amendment
988 504 36 29 to
1034 499 59 34 the
1104 498 130 35 United
1245 499 116 33 States
1373 498 136 34 Consti­

297 549 112 34 tution
420 549 148 34 because
578 549 26 34 it
614 548 130 35 affords
754 548 161 44 unequal,
927 548 68 34 and
1006 547 171 43 arbitrary
1187 553 187 29 treatment
1384 557 126 32 among

297 598 216 44 contracting
529 598 198 44 companies
743 597 82 35 with
841 598 197 44 competing
1054 597 76 34 bids
1145 596 54 36 for
1214 608 20 24 a
1250 597 188 44 particular
1450 596 61 44 job

298 648 68 35 and
376 648 26 35 it
412 648 130 35 affords
552 648 84 35 such
646 652 188 30 treatment
843 648 145 34 without
997 659 20 23 a
1027 647 148 35 rational
1185 647 91 35 basis
1287 647 53 35 for
1349 647 104 43 doing
1462 657 47 24 so.

297 698 190 44 Appellant
503 698 68 35 and
587 698 168 44 Appellee
769 698 84 35 both
869 698 148 35 contend
1033 698 77 34 that
1125 697 178 35 economic
1318 697 193 43 legislation

298 749 84 34 such
393 759 37 24 as
441 748 59 35 the
509 760 80 23 case
599 754 36 29 at
645 748 62 34 bar
717 748 27 34 is
755 747 134 44 subject
899 753 35 29 to
945 759 20 23 a
975 748 148 34 rational
1132 747 92 35 basis
1235 753 76 29 test.
1323 747 188 44 Appellant

298 799 99 33 relies
415 798 178 44 primarily
611 809 43 23 on
670 800 124 40 Rayco
813 799 247 33 Construction
1079 798 191 43 Company,
1289 799 69 32 Inc.
1377 808 30 23 v.
1430 799 82 32 Vor­

297 859 134 32 sanger,
442 859 119 32 supra,
571 848 112 33 which
693 847 79 34 held
781 847 77 34 that
866 849 70 32 Act
945 848 68 33 264
1022 847 39 34 of
1071 848 99 39 1961,
1180 847 59 34 the
1248 847 219 43 predecessor
1475 851 36 29 to

297 898 69 33 Act
384 898 75 39 102,
473 908 69 23 was
556 896 318 35 unconstitutional.
889 898 69 32 Act
975 897 65 33 102
1053 896 28 34 is
1094 896 243 43 substantially
1349 896 162 33 different

298 946 90 34 from
399 947 68 32 Act
479 947 77 33 264.
568 947 69 33 Act
648 946 68 33 264
726 945 184 35 contained
920 945 159 34 criminal
1089 946 174 33 sanctions
1274 945 68 34 and
1352 944 159 44 required

298 995 91 43 prior
408 994 241 44 performance
665 994 40 34 of
719 994 117 43 public
853 999 184 30 contracts.
1056 995 131 41 Rayco,
1207 1005 119 32 supra,
1346 993 79 35 held
1443 994 69 34 Act

299 1044 68 34 264
383 1043 39 35 of
440 1045 83 33 1961
544 1043 308 35 unconstitutional
869 1044 148 34 because
1033 1043 27 34 it
1074 1043 150 35 violated
1240 1043 69 35 due
1324 1053 136 34 process
1478 1043 34 33 in

298 1093 179 44 providing
488 1094 53 34 for
551 1093 158 35 criminal
720 1093 184 35 sanctions.
915 1093 75 35 The
1000 1093 111 34 Court
1121 1093 34 34 in
1165 1095 131 41 Rayco,
1308 1104 120 32 supra,
1439 1093 73 34 also

297 1143 113 35 stated
422 1143 75 35 that
508 1144 59 34 the
575 1145 69 32 Act
653 1142 148 35 violated
812 1143 59 35 the
881 1143 100 44 equal
992 1143 191 44 protection
1194 1143 127 34 clause.
1332 1142 113 35 There
1454 1142 59 35 the

298 1193 110 34 Court
428 1193 124 35 stated:

298 261 68 33 284

421 1270 50 33 As
483 1275 35 29 to
529 1270 59 34 the
599 1274 161 39 property
770 1269 193 44 ownership
974 1268 69 35 and
1054 1274 59 29 tax
1124 1275 165 38 payment
1300 1269 149 41 criteria,
1460 1280 52 23 we

422 1319 67 35 will
502 1331 60 32 say
575 1319 73 34 first
660 1319 77 34 that
749 1319 25 34 it
787 1318 28 35 is
827 1319 119 44 highly
958 1318 239 45 questionable
1208 1319 105 43 today
1325 1318 154 35 whether
1491 1329 20 23 a

422 1373 90 31 state
530 1380 65 24 can
614 1368 295 45 constitutionally
928 1368 235 35 differentiate
1181 1369 155 34 between
1355 1373 155 30 contrac-

422 1424 70 29 tors
508 1430 44 23 on
568 1419 59 34 the
643 1419 91 34 basis
751 1418 39 35 of
803 1424 162 39 property
980 1418 194 44 ownership
1189 1429 38 24 or
1243 1424 59 29 tax
1319 1423 191 39 payments.

422 1468 190 44 Certainly,
629 1469 85 34 such
730 1479 20 23 a
765 1468 272 35 differentiation
1053 1479 65 23 can
1134 1468 43 35 be
1192 1468 129 44 upheld
1336 1468 79 43 only
1431 1468 45 43 by
1492 1479 20 23 a

421 1518 153 44 showing
594 1518 40 35 of
651 1530 20 23 a
692 1518 170 35 sufficient
882 1523 90 30 state
992 1518 142 34 interest
1154 1523 36 30 to
1206 1518 125 44 justify
1351 1518 36 34 it.

529 1596 65 33 We
612 1595 82 40 find,
713 1605 38 24 as
769 1594 59 34 did
847 1595 59 34 the
924 1595 111 34 Court
1053 1594 35 34 in
1105 1596 132 41 Rayco,
1257 1605 120 33 supra,
1396 1594 76 34 that
1491 1605 20 23 a

297 1649 90 29 state
405 1655 81 32 may
502 1644 128 44 validly
648 1644 234 35 differentiate
899 1644 155 35 between
1072 1649 214 29 contractors
1304 1643 163 45 provided
1485 1644 26 34 it

298 1694 62 34 has
374 1705 20 23 a
408 1694 191 42 legitimate
612 1694 142 34 interest
767 1694 68 34 and
849 1694 59 34 the
921 1693 244 35 classification
1179 1694 62 34 has
1255 1704 95 24 some
1363 1693 147 35 rational

298 1743 102 34 basis.
418 1744 103 40 Here,
538 1744 59 34 the
611 1744 100 33 State
725 1743 62 34 has
802 1754 44 24 an
862 1744 142 34 interest
1019 1748 35 29 to
1069 1743 141 43 provide
1224 1743 202 43 safeguards
1442 1742 69 35 and

298 1792 206 44 procedures
522 1793 113 34 where
653 1793 116 44 public
787 1792 103 36 funds
909 1804 59 24 are
986 1792 178 44 expended
1183 1793 53 35 for
1254 1793 159 43 highway
1430 1803 79 33 pur­

297 1853 109 33 poses.
420 1842 96 42 Also,
530 1843 59 34 the
602 1843 100 34 State
715 1843 62 34 has
791 1853 44 24 an
850 1843 142 34 interest
1005 1843 35 34 in
1053 1842 162 44 granting
1228 1854 20 23 a
1262 1842 199 44 preference
1475 1847 35 29 to

297 1893 98 34 those
403 1892 77 34 who
489 1893 195 34 contribute
692 1898 36 29 to
736 1892 59 34 the
804 1892 128 35 State’s
942 1903 168 32 economy
1118 1892 148 43 through
1275 1892 234 35 construction

297 1942 169 35 activities
492 1943 119 34 within
638 1942 59 34 the
723 1942 110 35 State.
861 1942 74 35 The
962 1942 100 35 State
1088 1942 62 34 has
1177 1953 20 24 a
1224 1942 191 43 legitimate
1441 1941 69 35 and

297 1991 207 36 substantial
523 1993 141 33 interest
682 1992 34 34 in
735 1992 161 43 granting
915 1992 59 34 the
991 1991 200 44 preference
1209 1991 68 35 and
1295 1992 59 34 the
1371 1991 139 34 criteria

298 2041 209 35 established
524 2042 34 34 in
579 2043 64 33 102
660 2052 59 24 are
736 2041 203 35 reasonable
954 2041 69 35 and
1040 2040 373 44 non-discriminatory,
1430 2040 81 35 thus

298 2091 179 44 providing
497 2103 20 23 a
538 2091 147 35 rational
706 2091 91 34 basis
818 2091 54 35 for
892 2091 68 35 this
980 2092 80 33 Act.

390 2167 65 34 We
474 2168 122 34 affirm.

388 2243 161 35 George
570 2244 99 33 Rose
690 2243 131 40 Smith,
843 2244 42 40 J.,
906 2254 156 23 concurs.

388 2319 149 34 Purtle
557 2319 69 34 and
647 2320 115 39 Hays,
783 2319 64 41 JJ.,
869 2324 59 29 not
948 2318 256 44 participating.

389 2394 161 36 George
578 2396 100 33 Rose
707 2394 131 42 Smith,
867 2394 142 41 Justice,

1038 2395 215 43 concurring.
1282 2394 74 35 The
1384 2394 127 34 court’s
