1632 2696
1301 268 42 32 25

506 410 94 34 John
620 411 45 33 H.
688 409 140 34 Bovard
846 411 124 32 Estate

224 501 147 43 Worthy
384 500 39 35 of
434 505 80 30 note
528 500 27 34 is
569 500 60 34 the
643 499 102 44 proof
756 499 76 35 that
845 499 102 34 while
960 499 153 43 Spencer
1128 497 134 35 Bovard
1276 509 70 23 was

132 551 135 43 serving
278 562 37 23 as
325 562 20 23 a
356 550 318 35 co-administrator
684 549 39 35 of
730 550 59 34 the
799 554 110 29 estate
918 549 39 34 of
964 549 91 34 John
1065 550 45 33 H.
1123 548 145 41 Bovard,
1280 553 66 29 two

132 601 40 35 of
185 601 60 35 the
262 601 90 34 heirs
370 600 188 44 petitioned
577 600 53 34 for
647 600 53 34 his
718 600 150 34 removal
886 610 44 23 on
947 599 151 43 grounds
1116 598 39 35 of
1169 598 177 41 unfitness,

133 651 164 43 accusing
319 650 72 35 him
414 661 126 32 among
562 650 98 34 other
683 649 114 43 things
820 649 38 34 of
878 660 20 23 a
920 649 126 34 failure
1067 654 36 29 to
1125 653 147 30 account
1294 648 53 34 for

133 712 142 32 moneys
286 700 166 35 collected
463 700 45 44 by
519 700 73 34 him
602 700 63 34 but
676 699 183 43 belonging
871 704 35 29 to
917 699 59 34 the
987 704 120 29 estate.
1119 699 74 34 The
1204 698 143 44 petition

133 751 69 34 had
230 751 59 34 the
316 750 241 35 endorsement
584 749 39 35 of
647 750 153 44 Spencer
827 749 164 35 Bovard’s
1019 749 327 34 co-administrator.

135 802 103 33 From
249 801 93 34 what
354 811 50 24 we
416 811 64 24 can
492 800 203 41 determine,
708 800 97 34 these
816 799 204 44 allegations
1032 810 90 24 were
1133 804 60 30 not
1204 798 143 35 decided

133 862 44 24 on
203 852 59 34 the
288 851 128 41 merits,
442 851 62 34 but
530 851 26 34 it
582 850 81 35 does
690 851 70 33 Mr.
787 849 134 35 Bovard
947 860 44 24 no
1017 849 109 35 credit
1151 850 76 34 that
1252 849 97 35 three

134 902 173 34 members
321 901 39 34 of
371 901 51 34 his
436 900 134 44 family,
584 906 68 29 two
666 905 101 29 aunts
781 900 68 34 and
864 900 52 34 his
929 911 77 23 own
1020 899 328 41 co-administrator,

134 951 202 34 considered
357 951 71 34 him
448 950 182 44 unworthy
651 950 38 35 of
707 950 59 34 the
785 955 89 29 trust
894 949 144 44 reposed
1058 949 35 34 in
1114 960 20 23 a
1154 949 178 43 fiduciary.

517 1048 115 35 Buick
655 1048 90 34 Title
767 1048 200 43 Certificate

227 1140 66 33 We
305 1139 72 35 also
389 1138 70 35 find
472 1138 103 44 proof
584 1138 77 35 that
673 1138 91 34 after
776 1138 59 34 the
846 1138 106 34 death
964 1137 39 35 of
1012 1138 91 34 John
1116 1138 148 40 Hoover,
1278 1137 70 34 Mr.

135 1189 137 34 Bovard
290 1188 154 35 retained
462 1199 21 24 a
502 1188 111 34 Buick
630 1188 212 34 automobile
859 1187 189 43 registered
1065 1187 35 34 in
1118 1187 59 34 the
1195 1198 102 23 name
1314 1186 39 35 of

135 1239 91 34 John
236 1240 43 32 A.
291 1239 148 40 Hoover,
450 1238 68 34 and
528 1238 99 34 when
638 1238 52 34 his
699 1237 120 35 widow
829 1238 82 34 took
919 1238 91 42 legal
1019 1242 92 39 steps
1121 1242 36 29 to
1166 1247 137 24 recover
1312 1237 37 40 it,

135 1288 35 34 in
185 1289 59 33 the
258 1299 121 23 course
392 1288 39 34 of
442 1288 99 34 those
555 1287 224 44 proceedings
794 1288 70 34 Mr.
881 1287 135 34 Bovard
1031 1286 170 35 admitted
1216 1287 134 43 signing

136 1338 90 34 John
243 1338 166 34 Hoover’s
425 1349 103 23 name
543 1343 35 29 to
593 1349 45 23 an
654 1337 210 44 application
879 1337 54 34 for
948 1337 86 41 title,
1050 1336 227 44 transferring
1292 1337 59 34 the

135 1388 194 44 ownership
342 1393 35 29 to
390 1388 157 43 Dorothy
560 1387 146 35 Bovard.
720 1388 83 34 This
815 1399 70 23 was
897 1387 100 41 done,
1011 1387 44 34 he
1067 1387 86 41 said,
1165 1387 83 34 with
1261 1387 90 34 John

137 1438 167 34 Hoover’s
325 1438 174 44 approval.

447 1538 201 41 Testimony
668 1535 46 44 of
730 1535 133 35 Wilbur
880 1535 168 35 Stillwell

228 1626 113 34 There
359 1626 27 34 is
405 1626 58 34 the
481 1625 187 44 testimony
686 1625 39 35 of
741 1626 70 34 Mr.
831 1625 137 35 Wilbur
986 1625 157 35 Stillwell
1161 1624 39 35 of
1215 1625 136 34 Kansas

137 1676 93 44 City,
256 1687 44 23 an
325 1676 158 34 intimate
507 1675 113 35 friend
644 1675 69 35 and
738 1676 154 34 business
917 1675 170 35 associate
1110 1675 39 34 of
1170 1676 182 42 Margaret

136 1726 113 43 Piper,
261 1725 68 35 and
341 1726 58 34 the
409 1731 162 29 executor
582 1725 39 35 of
629 1726 62 34 her
702 1730 119 30 estate.
834 1727 56 33 He
900 1725 150 35 testified
1061 1725 76 35 that
1148 1736 95 23 some
1253 1736 98 32 years

137 1775 120 35 before
271 1776 86 34 Mrs.
372 1776 129 43 Piper’s
514 1775 106 35 death
633 1776 35 34 in
686 1776 87 34 1979
787 1775 60 35 she
860 1775 69 34 and
943 1776 70 33 Mr.
1029 1775 135 34 Bovard
1176 1774 176 35 discussed

136 1825 60 34 the
212 1825 92 34 land.
323 1826 70 33 Mr.
411 1825 146 41 Bovard,
574 1825 44 34 he
633 1825 87 40 said,
737 1825 220 43 approached
974 1826 87 33 Mrs.
1079 1825 101 43 Piper
1195 1824 83 35 with
1294 1824 59 35 the

137 1875 111 34 intent
264 1874 39 35 of
316 1875 138 42 seeking
471 1875 61 34 her
547 1875 232 43 cooperation.
796 1875 157 33 Stillwell
969 1874 180 34 described
1165 1874 26 34 it
1207 1885 48 30 as,
1272 1874 80 34 “An

136 1925 209 43 unpleasant
359 1924 132 44 thing.”
508 1925 56 34 He
579 1924 86 41 said,
681 1924 95 35 “She
790 1924 110 34 didn’t
915 1929 89 29 trust
1019 1924 83 34 him.
1119 1924 32 34 It
1165 1923 137 35 seemed
1317 1928 36 30 to

137 1975 62 34 her
211 1974 78 35 that
302 1975 44 34 he
358 1974 175 44 projected
546 1974 60 35 the
619 1974 116 44 image
747 1974 39 35 of
795 1985 45 24 an
853 1974 227 44 opportunist.
1095 1975 34 33 A
1141 1985 122 33 person
1276 1974 77 34 who

137 2025 127 43 sought
275 2030 36 29 to
322 2025 131 44 impose
464 2024 143 35 himself
615 2035 45 24 on
672 2036 20 23 a
704 2025 165 34 situation
881 2024 53 35 for
946 2025 52 34 his
1010 2035 76 24 own
1098 2024 91 44 gain.
1202 2024 71 35 She
1283 2024 70 35 had

137 2086 81 32 very
239 2075 88 35 little
347 2075 123 43 regard
491 2075 54 34 for
566 2076 70 33 Mr.
659 2075 169 34 Bovard.”

433 2173 192 44 Courtship
645 2173 46 43 of
702 2173 91 34 Lula
813 2174 89 42 May
921 2175 143 32 Hoover

230 2262 158 35 Another
412 2262 128 43 insight
564 2262 208 43 concerning
797 2263 70 33 Mr.
893 2262 136 34 Bovard
1053 2262 28 34 is
1105 2261 109 35 found
1237 2262 35 33 in
1295 2261 60 34 the

138 2312 188 43 testimony
340 2311 39 35 of
390 2312 87 34 Mrs.
494 2312 102 43 Dopp
610 2311 69 34 and
694 2312 88 33 Mrs.
798 2312 143 39 Deleon,
956 2311 174 34 undenied
1144 2311 45 43 by
1203 2311 152 43 Spencer

140 2361 147 41 Bovard,
299 2361 77 34 that
387 2361 100 34 while
498 2361 158 43 courting
668 2361 88 34 Lula
769 2362 98 42 May,
880 2372 84 23 even
975 2361 184 43 proposing
1171 2360 183 43 marriage,

139 2411 154 44 Spencer
305 2411 134 34 Bovard
450 2410 106 44 posed
567 2421 38 24 as
617 2411 119 43 single,
748 2411 100 34 when
859 2411 35 34 in
905 2410 73 35 fact
989 2411 44 33 he
1043 2421 70 23 was
1125 2409 150 35 married
1287 2409 68 35 and
