1642 2699
312 431 83 35 P.2d
410 433 62 33 561
493 432 136 42 (1976).
645 433 39 33 In
697 434 78 41 Day
787 444 30 23 v.
831 434 78 41 Day
922 443 51 24 we
985 432 140 43 pointed
1138 438 60 29 out
1211 434 76 33 that
1300 445 51 22 we
1363 444 89 23 were
1465 439 59 29 not

310 481 166 43 adopting
488 493 44 22 an
544 481 173 34 inflexible
728 482 74 33 rule
813 482 82 33 with
907 487 133 38 respect
1052 488 35 28 to
1099 483 142 43 pension
1252 483 109 43 plans,
1374 484 62 33 but
1447 483 76 34 that

310 541 62 23 our
391 530 139 34 marital
549 535 161 38 property
728 531 64 33 law
812 531 117 34 allows
947 532 129 41 leeway
1095 531 53 34 for
1166 532 59 33 the
1243 532 151 34 exercise
1411 532 39 33 of
1465 532 60 34 the

310 579 225 34 chancellor’s
545 579 74 34 best
625 579 184 43 judgment
819 579 34 34 in
862 579 179 44 providing
1051 580 76 34 that
1136 580 68 34 “all
1214 581 139 33 marital
1362 586 161 38 property

310 628 87 35 shall
409 628 42 34 be
460 628 137 35 divided
608 629 138 43 equally
756 629 113 34 unless
881 629 58 34 the
948 634 99 29 court
1057 629 88 35 finds
1156 630 83 34 such
1250 640 20 24 a
1280 629 144 35 division
1435 635 35 29 to
1481 630 42 35 be

310 678 246 44 inequitable,”
578 678 139 43 adding:

316 292 63 33 132

435 760 107 34 What
553 771 51 23 we
616 760 44 35 do
672 760 80 34 hold
765 760 27 35 is
805 760 125 44 simply
942 761 77 34 that
1030 761 160 43 earnings
1202 772 38 24 or
1251 762 99 34 other
1361 767 162 39 property

434 809 163 44 acquired
626 810 45 43 by
699 810 86 34 each
813 821 124 33 spouse
965 816 92 29 must
1085 811 43 34 be
1156 811 134 35 treated
1317 822 38 24 as
1384 812 139 34 marital

434 864 172 39 property,
621 859 114 35 unless
749 860 122 43 falling
885 860 119 35 within
1017 871 66 24 one
1096 860 39 35 of
1145 861 59 34 the
1217 866 171 39 statutory
1402 872 120 33 excep-

434 909 99 41 tions,
547 909 67 34 and
627 909 133 35 neither
772 920 65 24 one
848 920 65 24 can
925 909 139 44 deprive
1075 911 59 34 the
1145 911 98 34 other
1255 910 39 35 of
1302 922 68 32 any
1382 911 141 35 interest

434 959 34 34 in
477 959 85 35 such
571 964 161 39 property
742 960 44 43 by
795 960 138 44 putting
942 960 27 35 it
977 960 224 44 temporarily
1210 961 135 42 beyond
1354 961 52 35 his
1414 971 39 24 or
1462 961 61 34 her

433 1019 76 24 own
521 1010 143 40 control,
677 1020 38 23 as
727 1009 46 43 by
784 1010 59 34 the
855 1010 169 42 purchase
1035 1010 40 34 of
1083 1010 183 40 annuities,
1279 1011 243 42 participation

433 1058 34 34 in
487 1070 20 23 a
526 1059 200 34 retirement
744 1059 91 43 plan,
855 1069 38 24 or
911 1060 98 33 other
1027 1059 118 35 device
1163 1059 53 35 for
1234 1060 206 43 postponing
1459 1060 63 34 full

433 1108 199 43 enjoyment
651 1107 39 35 of
707 1108 60 34 the
786 1114 172 38 property.

401 1188 64 33 We
483 1188 87 34 have
588 1188 159 34 followed
766 1189 58 34 the
842 1190 78 41 Day
938 1189 151 34 decision
1107 1189 34 34 in
1161 1190 130 33 several
1309 1190 87 34 later
1414 1200 107 24 cases:

312 1238 161 41 Young v.
490 1239 131 41 Young,
635 1238 66 33 288
714 1238 85 33 Ark.
813 1239 55 39 33,
882 1239 63 33 701
961 1238 143 34 S.W.2d
1117 1239 67 33 369
1199 1238 137 43 (1986);
1351 1240 129 41 Gentry
1490 1250 30 23 v.

311 1287 139 42 Gentry,
475 1287 67 34 282
565 1287 85 34 Ark.
674 1287 79 40 413,
778 1287 66 35 668
869 1287 143 35 S.W.2d
1035 1288 67 34 947
1128 1287 138 43 (1984);
1288 1287 183 35 Marshall
1491 1300 30 23 v.

309 1335 191 42 Marshall,
522 1336 66 34 285
610 1337 85 34 Ark.
717 1337 79 40 426,
819 1337 66 34 688
908 1337 142 34 S.W.2d
1072 1338 67 34 279
1163 1337 137 43 (1985),
1322 1348 38 24 as
1381 1338 62 34 has
1464 1338 58 35 the

309 1386 110 34 Court
428 1385 39 35 of
473 1386 164 44 Appeals,
652 1386 204 35 Womacks v.
871 1387 177 41 Womack,
1063 1388 39 34 16
1112 1387 180 45 Ark.App.
1307 1389 63 33 139
1383 1387 137 44 (1985).

308 1436 106 40 Thus,
427 1436 34 33 in
472 1438 89 41 Day,
574 1447 51 23 we
635 1436 167 43 departed
813 1435 92 36 from
916 1437 123 34 earlier
1050 1437 169 34 decisions
1231 1438 76 34 that
1318 1436 70 36 had
1400 1437 122 35 looked

309 1486 130 42 largely
459 1491 35 29 to
514 1485 58 35 the
592 1486 158 43 question
770 1486 39 35 of
825 1487 133 43 vesting
978 1487 34 34 in
1033 1487 231 44 determining
1284 1488 153 34 whether
1457 1499 64 23 one

307 1546 124 32 spouse
448 1535 68 34 had
535 1546 19 23 a
573 1536 139 34 marital
730 1536 141 35 interest
888 1536 35 35 in
940 1537 159 43 personal
1116 1543 162 38 property
1294 1537 40 34 of
1347 1538 59 34 the
1423 1537 98 35 other

308 1595 133 33 spouse:
452 1584 193 35 Hackett v.
655 1585 167 42 Hackett,
833 1586 66 34 278
910 1586 84 34 Ark.
1006 1587 133 40 82,
1150 1571 144 50 643 S.W.2d
1304 1587 67 34 560
1383 1587 138 43 (1982);

307 1635 164 42 Sweeney
493 1646 30 23 v.
547 1635 174 43 Sweeney,
747 1636 66 34 267
838 1636 85 34 Ark.
949 1636 78 40 595,
1053 1637 66 34 593
1145 1636 143 35 S.W.2d
1312 1638 41 33 21
1383 1636 137 44 (1980);

308 1683 195 36 Paulsen v.
518 1684 163 42 Paulsen,
697 1686 66 33 269
779 1685 84 35 Ark.
880 1687 79 39 523,
974 1686 64 34 601
1056 1686 145 34 S.W.2d
1215 1687 66 33 873
1299 1685 139 43 (1980);
1452 1687 69 34 and

307 1735 121 33 Potter
446 1745 30 23 v.
497 1736 130 39 Potter,
649 1735 67 34 280
736 1735 85 35 Ark.
845 1736 54 40 38,
921 1736 67 34 655
1010 1735 144 35 S.W.2d
1176 1736 67 34 382
1265 1735 137 44 (1983).

398 1816 104 40 Here,
515 1815 59 35 the
584 1816 196 34 chancellor
791 1816 80 35 held
883 1816 77 35 that
971 1816 60 35 the
1041 1817 223 35 termination
1276 1817 143 35 benefits
1431 1828 89 24 were

307 1864 139 35 marital
457 1870 161 39 property
629 1871 35 29 to
675 1865 43 34 be
728 1866 137 34 divided
877 1866 34 34 in
922 1866 93 41 kind,
1028 1878 37 23 as
1077 1867 34 34 in
1122 1868 78 41 Day
1210 1878 30 23 v.
1252 1868 88 41 Day,
1351 1878 120 33 supra,
1483 1878 37 24 so

306 1915 77 33 that
402 1915 87 33 Mrs.
509 1916 143 42 Lawyer
670 1915 112 34 would
801 1916 132 34 receive
950 1916 62 34 her
1029 1916 102 34 share
1148 1916 40 34 of
1202 1917 59 34 the
1278 1916 144 35 benefits
1440 1917 80 43 only

306 1964 99 34 when
425 1964 69 33 and
515 1963 36 41 if,
574 1965 69 34 Mr.
665 1965 144 43 Lawyer
830 1965 148 34 receives
999 1965 106 35 them.

397 2044 112 35 These
528 2045 221 35 termination
769 2046 155 41 benefits,
944 2046 112 35 which
1076 2047 143 34 became
1237 2047 118 34 vested
1373 2048 35 34 in
1431 2048 86 34 1975

306 2094 131 43 though
453 2100 59 29 not
528 2100 136 30 mature
678 2095 88 34 until
782 2097 70 33 Mr.
869 2096 173 44 Lawyer’s
1057 2096 234 44 employment
1306 2097 212 41 terminates,

306 2154 60 24 are
378 2144 144 43 nothing
535 2155 95 24 more
642 2145 85 34 than
739 2145 159 35 deferred
912 2146 270 43 compensation,
1196 2147 174 43 accruing,
1384 2151 36 30 at
1432 2146 87 35 least

306 2193 34 35 in
353 2199 88 38 part,
453 2194 125 43 during
590 2195 59 34 the
660 2195 173 43 marriage
845 2195 39 34 of
893 2195 97 35 these
1000 2196 139 43 parties.
1152 2196 92 35 That
1255 2207 69 23 was
1336 2197 60 34 the
1407 2196 112 35 factor

305 2243 112 35 which
432 2244 182 43 prompted
629 2245 59 34 the
703 2250 98 29 court
816 2250 35 30 to
866 2245 81 34 hold
962 2256 38 24 as
1014 2245 27 35 it
1056 2245 59 35 did
1130 2245 34 35 in
1178 2247 41 33 In
1233 2257 37 23 re
1284 2247 183 42 Marriage
1481 2246 46 44 of

305 2295 133 37 Brown,
451 2304 119 33 supra,
583 2294 68 34 and
663 2294 112 34 which
786 2294 123 35 should
921 2294 104 44 guide
1035 2306 40 23 us
1086 2300 36 30 to
1133 2295 59 34 the
1202 2306 97 24 same
1309 2296 209 34 conclusion.

397 2375 15 33 I
426 2374 157 44 disagree
597 2375 77 35 that
687 2375 146 35 Skaden
845 2387 31 23 v.
890 2375 157 42 Skaden,
1067 2377 40 34 19
1123 2376 125 35 Cal.3d
1263 2377 78 40 679,
1361 2377 63 34 139
1441 2377 76 34 Cal.

305 2425 103 43 Rept.
425 2425 79 41 615,
522 2425 66 35 566
603 2424 86 35 P.2d
705 2426 68 34 249
790 2425 125 43 (1977)
932 2437 65 24 can
1012 2426 44 34 be
1070 2437 38 24 so
1123 2427 107 43 easily
1244 2426 222 43 disregarded
1481 2438 38 23 as
