1640 2688
303 268 67 34 250

393 1013 162 33 Susanne
574 1013 41 33 K.
637 1011 162 41 Roberts,
821 1011 53 34 for
894 1011 186 44 appellant.

393 1086 73 34 Bill
483 1087 125 39 Strait,
630 1085 53 35 for
703 1086 165 43 appellee.

394 1160 99 33 Jack
517 1161 119 38 Holt,
660 1160 68 39 Jr.,
752 1159 108 34 Chief
879 1159 141 34 Justice.

1043 1158 83 34 This
1149 1158 28 34 is
1200 1169 20 23 a
1243 1158 126 34 second
1392 1158 123 43 appeal

303 1208 128 43 arising
444 1208 90 34 from
545 1219 20 23 a
577 1209 136 33 lawsuit
724 1219 79 23 over
815 1219 44 23 an
871 1212 176 31 easement
1058 1207 54 34 for
1123 1218 61 23 use
1194 1207 39 34 of
1242 1218 20 23 a
1274 1207 162 43 roadway
1447 1206 69 35 and

303 1263 177 38 contempt
497 1257 223 44 proceedings
738 1257 53 35 for
808 1257 164 34 violation
989 1257 39 34 of
1042 1257 59 34 the
1117 1257 79 34 trial
1214 1257 127 34 court’s
1359 1256 156 44 previous

303 1307 127 35 orders.
452 1307 75 35 Our
544 1307 219 44 jurisdiction
783 1307 28 35 is
832 1307 106 35 based
958 1318 92 33 upon
1070 1307 84 44 Sup.
1176 1307 57 34 Ct.
1255 1307 42 34 R.
1320 1305 165 45 29(1)(j).

395 1383 38 35 In
443 1383 59 34 the
511 1383 157 44 previous
678 1383 123 44 appeal
810 1382 40 35 of
856 1383 67 34 this
933 1393 89 31 case,
1037 1383 140 34 Warren
1185 1393 30 23 v.
1228 1381 114 42 Cudd,
1353 1382 63 34 261
1429 1381 85 35 Ark.

304 1434 78 40 690,
397 1434 66 33 550
475 1433 143 34 S.W.2d
630 1434 66 33 773
711 1433 138 43 (1977),
861 1444 52 23 we
923 1432 157 35 affirmed
1092 1433 59 34 the
1161 1432 148 44 findings
1321 1432 39 34 of
1367 1432 60 35 the
1437 1432 79 34 trial

303 1489 98 29 court
411 1483 224 43 establishing
645 1494 44 24 an
699 1488 186 36 easement,
896 1483 62 35 but
967 1494 51 23 we
1026 1482 135 35 further
1170 1482 79 35 held
1258 1482 77 35 that
1344 1482 59 35 the
1411 1493 61 24 use
1480 1481 40 35 of

303 1533 59 35 the
381 1533 161 44 roadway
560 1544 70 24 was
649 1533 179 37 restricted
848 1533 45 43 by
911 1533 59 34 the
988 1532 193 36 conditions
1200 1532 171 44 mutually
1390 1532 126 43 agreed

303 1593 91 34 upon
404 1583 45 43 by
457 1583 59 34 the
525 1583 138 43 parties’
674 1583 236 44 predecessors
920 1583 34 34 in
963 1582 85 35 title.
1058 1582 75 35 The
1141 1582 192 34 conditions
1342 1593 89 23 were
1440 1582 76 35 that

303 1633 59 33 the
374 1637 81 38 gate
467 1632 112 34 would
594 1632 43 34 be
649 1632 132 41 locked,
795 1632 77 34 that
885 1632 59 34 the
957 1632 117 43 public
1086 1631 113 34 would
1213 1631 43 34 be
1269 1632 80 43 kept
1362 1636 70 35 out,
1447 1631 69 34 and

303 1682 76 34 that
388 1682 79 43 only
477 1682 58 34 the
544 1682 126 34 rebuilt
679 1681 162 44 roadway
850 1681 113 35 would
973 1682 43 34 be
1024 1681 95 35 used.
1129 1681 75 34 The
1213 1681 183 44 Chancery
1405 1681 111 34 Court

303 1731 151 35 decision
472 1743 69 23 was
559 1731 141 36 entered
717 1731 40 35 of
771 1731 120 35 record
909 1731 35 35 in
962 1731 205 44 September
1184 1730 39 35 of
1242 1731 98 41 1976,
1359 1730 68 35 and
1445 1742 70 23 was

303 1781 157 35 affirmed
480 1792 38 24 as
538 1781 164 35 modified
722 1781 45 43 by
787 1781 68 35 this
876 1786 98 30 court
994 1781 35 34 in
1050 1782 88 42 May
1158 1780 39 35 of
1218 1781 97 34 1977.

395 1856 38 34 In
446 1856 185 43 February,
647 1857 99 39 1983,
758 1856 59 34 the
827 1856 172 43 appellees
1010 1855 80 35 filed
1101 1866 21 24 a
1132 1855 143 44 petition
1286 1855 34 34 in
1331 1855 184 43 Chancery

303 1905 111 34 Court
442 1905 148 43 alleging
618 1905 60 34 the
706 1905 193 44 appellants
928 1905 69 35 had
1025 1905 215 43 maliciously
1268 1904 160 35 removed
1456 1904 60 34 the

303 1954 146 43 existing
470 1960 80 38 gate
570 1954 68 35 and
659 1955 122 43 placed
802 1966 21 23 a
844 1954 100 35 fence
964 1965 115 24 across
1100 1954 59 36 the
1179 1954 171 43 roadway,
1371 1954 144 44 thereby

302 2004 122 44 totally
447 2004 194 43 restricting
664 2005 183 43 appellees’
870 2015 72 24 use.
965 2004 83 34 This
1071 2009 126 29 matter
1220 2004 203 44 apparently
1445 2014 70 24 was

303 2054 107 34 heard
423 2054 45 44 by
479 2054 59 34 the
550 2059 98 30 court
660 2065 44 24 on
717 2054 205 44 September
935 2055 149 40 6,1983,
1097 2059 36 29 at
1145 2054 111 34 which
1268 2054 85 34 time
1365 2054 59 34 the
1435 2053 80 34 trial

302 2109 99 29 court
417 2103 108 36 found
541 2104 193 44 appellants
751 2104 34 34 in
801 2109 178 38 contempt
995 2103 39 35 of
1046 2108 108 30 court.
1171 2103 74 35 The
1261 2103 126 34 court’s
1403 2103 111 41 order,

303 2153 166 41 however,
490 2164 70 24 was
581 2159 59 29 not
660 2153 80 35 filed
760 2153 40 35 of
816 2153 121 35 record
957 2153 88 35 until
1065 2154 138 42 August
1227 2154 52 40 16,
1304 2154 98 33 1985.

394 2228 56 35 On
462 2229 155 43 January
633 2229 167 40 15,1985,
813 2228 90 35 after
915 2228 145 35 another
1072 2228 153 43 hearing,
1238 2228 58 34 the
1307 2227 209 35 Chancellor

303 2278 108 35 found
431 2278 87 35 that:

427 2353 59 34 the
495 2352 207 35 defendants
717 2352 221 44 [appellants]
953 2363 59 24 are
1022 2352 34 34 in
1066 2357 177 39 contempt
1252 2352 39 34 of
1298 2352 68 34 this
1377 2352 139 34 Court’s

427 2403 91 43 prior
538 2402 118 34 orders
676 2402 69 34 and
766 2402 128 43 hereby
914 2402 117 34 orders
1051 2402 87 34 that:
