<?xml version='1.0' encoding='utf-8'?>
<alto xmlns="http://www.loc.gov/standards/alto/ns-v3#">
  <!--Created by Innodata R.E.D. RLI tool: 2017-04-25 06:27:28.412030-->
  <Description>
    <MeasurementUnit>pixel</MeasurementUnit>
    <sourceImageInformation>
      <fileName>32044078577194_00190_0.tif</fileName>
    </sourceImageInformation>
    <OCRProcessing ID="OP_1">
      <ocrProcessingStep>
        <processingStepDescription>Alto coordinates refer to the deskewed TIFF file. 
		To convert point (x, y) to original image (TIFF or JP2) apply transformation matrix T=(m00, m01, m10, m11, b0, b1) using the rule:
			T * (x,y) = (m00 * x + m01 * y + b0), (m10 * x + m11 * y + b1)</processingStepDescription>
        <processingStepSettings>RED.transform=(0.999995500003375, -0.002999995500002025, 0.002999995500002025, 0.999995500003375, 0.03200000000003911, -4.984000000000076)</processingStepSettings>
      </ocrProcessingStep>
    </OCRProcessing>
  </Description>
  <Styles>
    <TextStyle FONTFAMILY="Times New Roman" FONTSIZE="10.50" FONTSTYLE="bold smallcaps" FONTTYPE="serif" FONTWIDTH="proportional" ID="Style_3"/>
    <TextStyle FONTFAMILY="Times New Roman" FONTSIZE="11.00" FONTTYPE="serif" FONTWIDTH="proportional" ID="Style_4"/>
    <TextStyle FONTFAMILY="Times New Roman" FONTSIZE="11.00" FONTSTYLE="italics" FONTTYPE="serif" FONTWIDTH="proportional" ID="Style_5"/>
  </Styles>
  <Tags>
    <StructureTag ID="b379-4" LABEL="pagelabel"/>
    <StructureTag ID="b379-5" LABEL="attorneys"/>
    <StructureTag ID="b379-6" LABEL="author"/>
    <StructureTag ID="Aub" LABEL="p"/>
    <StructureTag ID="b379-7" LABEL="p"/>
    <StructureTag ID="b379-8" LABEL="p"/>
    <StructureTag ID="b379-9" LABEL="p"/>
    </Tags>
  <Layout>
    <Page HEIGHT="2693" ID="PG_379" PHYSICAL_IMG_NR="379" WIDTH="1664">
      <PrintSpace HEIGHT="2693" HPOS="0" ID="PS_379" VPOS="0" WIDTH="1664">
        <TextBlock HEIGHT="34.0" HPOS="1282.0" ID="BL_379.2" TAGREFS="b379-4" VPOS="280.0" WIDTH="66.0">
          <TextLine HEIGHT="34" HPOS="1282" ID="TL_379.2.1" VPOS="280" WIDTH="66">
            <String CONTENT="345" HEIGHT="34" HPOS="1282" ID="ST_379.2.1.1" STYLEREFS="Style_4" VPOS="280" WIDTH="66" WC="1.00" CC="000" TAGREFS=""/>
          </TextLine>
        </TextBlock>
        <TextBlock HEIGHT="45.0" HPOS="229.0" ID="BL_379.3" TAGREFS="b379-5" VPOS="420.0" WIDTH="1031.0">
          <TextLine HEIGHT="45" HPOS="229" ID="TL_379.3.1" VPOS="420" WIDTH="1031">
            <String CONTENT="Gregory" HEIGHT="43" HPOS="229" ID="ST_379.3.1.1" STYLEREFS="Style_5" VPOS="422" WIDTH="155" WC="0.83" CC="0000000" TAGREFS=""/>
            <SP HPOS="384" ID="SP_379.3.1.2" VPOS="423" WIDTH="24"/>
            <String CONTENT="W." HEIGHT="33" HPOS="408" ID="ST_379.3.1.3" STYLEREFS="Style_5" VPOS="423" WIDTH="45" WC="0.68" CC="00" TAGREFS=""/>
            <SP HPOS="453" ID="SP_379.3.1.4" VPOS="422" WIDTH="22"/>
            <String CONTENT="Harris" HEIGHT="34" HPOS="475" ID="ST_379.3.1.5" STYLEREFS="Style_5" VPOS="422" WIDTH="130" WC="0.94" CC="000000" TAGREFS=""/>
            <SP HPOS="605" ID="SP_379.3.1.6" VPOS="421" WIDTH="19"/>
            <String CONTENT="and" HEIGHT="34" HPOS="624" ID="ST_379.3.1.7" STYLEREFS="Style_4" VPOS="421" WIDTH="69" WC="0.88" CC="000" TAGREFS=""/>
            <SP HPOS="693" ID="SP_379.3.1.8" VPOS="423" WIDTH="24"/>
            <String CONTENT="Tom" HEIGHT="33" HPOS="717" ID="ST_379.3.1.9" STYLEREFS="Style_5" VPOS="423" WIDTH="86" WC="0.97" CC="000" TAGREFS=""/>
            <SP HPOS="803" ID="SP_379.3.1.10" VPOS="420" WIDTH="21"/>
            <String CONTENT="Lienhart," HEIGHT="41" HPOS="824" ID="ST_379.3.1.11" STYLEREFS="Style_5" VPOS="420" WIDTH="176" WC="0.94" CC="000000000" TAGREFS=""/>
            <SP HPOS="1000" ID="SP_379.3.1.12" VPOS="421" WIDTH="22"/>
            <String CONTENT="for" HEIGHT="34" HPOS="1022" ID="ST_379.3.1.13" STYLEREFS="Style_4" VPOS="421" WIDTH="53" WC="1.00" CC="000" TAGREFS=""/>
            <SP HPOS="1075" ID="SP_379.3.1.14" VPOS="420" WIDTH="21"/>
            <String CONTENT="appellee." HEIGHT="45" HPOS="1096" ID="ST_379.3.1.15" STYLEREFS="Style_4" VPOS="420" WIDTH="164" WC="1.00" CC="000000000" TAGREFS=""/>
          </TextLine>
        </TextBlock>
        <TextBlock HEIGHT="41.0" HPOS="229.0" ID="BL_379.4" TAGREFS="b379-6" VPOS="548.0" WIDTH="567.0">
          <TextLine HEIGHT="41" HPOS="229" ID="TL_379.4.1" VPOS="548" WIDTH="567">
            <String CONTENT="Darrell" HEIGHT="35" HPOS="229" ID="ST_379.4.1.1" STYLEREFS="Style_3" VPOS="548" WIDTH="180" WC="0.83" CC="0000000" TAGREFS=""/>
            <SP HPOS="409" ID="SP_379.4.1.2" VPOS="549" WIDTH="23"/>
            <String CONTENT="Hickman," HEIGHT="40" HPOS="432" ID="ST_379.4.1.3" STYLEREFS="Style_3" VPOS="549" WIDTH="198" WC="0.73" CC="00000000" TAGREFS=""/>
            <SP HPOS="630" ID="SP_379.4.1.4" VPOS="548" WIDTH="24"/>
            <String CONTENT="Justicé." HEIGHT="35" HPOS="654" ID="ST_379.4.1.5" STYLEREFS="Style_4" VPOS="548" WIDTH="142" WC="0.91" CC="00000090" TAGREFS=""/>
          </TextLine>
        </TextBlock>
        <TextBlock HEIGHT="45.0" HPOS="820.0" ID="BL_379.5" TAGREFS="Aub" VPOS="547.0" WIDTH="531.0">
          <TextLine HEIGHT="45" HPOS="820" ID="TL_379.5.1" VPOS="547" WIDTH="531">
            <String CONTENT="This" HEIGHT="36" HPOS="820" ID="ST_379.5.1.1" STYLEREFS="Style_4" VPOS="547" WIDTH="84" WC="0.90" CC="0000" TAGREFS=""/>
            <SP HPOS="904" ID="SP_379.5.1.2" VPOS="548" WIDTH="23"/>
            <String CONTENT="is" HEIGHT="34" HPOS="927" ID="ST_379.5.1.3" STYLEREFS="Style_4" VPOS="548" WIDTH="28" WC="1.00" CC="00" TAGREFS=""/>
            <SP HPOS="955" ID="SP_379.5.1.4" VPOS="559" WIDTH="24"/>
            <String CONTENT="a" HEIGHT="23" HPOS="979" ID="ST_379.5.1.5" STYLEREFS="Style_4" VPOS="559" WIDTH="20" WC="1.00" CC="0" TAGREFS=""/>
            <SP HPOS="999" ID="SP_379.5.1.6" VPOS="548" WIDTH="24"/>
            <String CONTENT="suit" HEIGHT="35" HPOS="1023" ID="ST_379.5.1.7" STYLEREFS="Style_4" VPOS="548" WIDTH="68" WC="1.00" CC="0000" TAGREFS=""/>
            <SP HPOS="1091" ID="SP_379.5.1.8" VPOS="547" WIDTH="23"/>
            <String CONTENT="against" HEIGHT="45" HPOS="1114" ID="ST_379.5.1.9" STYLEREFS="Style_4" VPOS="547" WIDTH="136" WC="0.97" CC="0000000" TAGREFS=""/>
            <SP HPOS="1250" ID="SP_379.5.1.10" VPOS="548" WIDTH="23"/>
            <String CONTENT="Otis" HEIGHT="34" HPOS="1273" ID="ST_379.5.1.11" STYLEREFS="Style_4" VPOS="548" WIDTH="78" WC="0.92" CC="0000" TAGREFS=""/>
          </TextLine>
        </TextBlock>
        <TextBlock HEIGHT="493.0" HPOS="136.0" ID="BL_379.6" TAGREFS="Aub" VPOS="597.0" WIDTH="1218.0">
          <TextLine HEIGHT="46" HPOS="137" ID="TL_379.6.1" VPOS="597" WIDTH="1215">
            <String CONTENT="Elevator" HEIGHT="34" HPOS="137" ID="ST_379.6.1.1" STYLEREFS="Style_4" VPOS="599" WIDTH="161" WC="0.99" CC="00000000" TAGREFS=""/>
            <SP HPOS="298" ID="SP_379.6.1.2" VPOS="599" WIDTH="11"/>
            <String CONTENT="Company," HEIGHT="44" HPOS="309" ID="ST_379.6.1.3" STYLEREFS="Style_4" VPOS="599" WIDTH="193" WC="0.86" CC="00000000" TAGREFS=""/>
            <SP HPOS="502" ID="SP_379.6.1.4" VPOS="598" WIDTH="10"/>
            <String CONTENT="which" HEIGHT="34" HPOS="512" ID="ST_379.6.1.5" STYLEREFS="Style_4" VPOS="598" WIDTH="113" WC="0.97" CC="00000" TAGREFS=""/>
            <SP HPOS="625" ID="SP_379.6.1.6" VPOS="598" WIDTH="10"/>
            <String CONTENT="had" HEIGHT="35" HPOS="635" ID="ST_379.6.1.7" STYLEREFS="Style_4" VPOS="598" WIDTH="70" WC="0.80" CC="000" TAGREFS=""/>
            <SP HPOS="705" ID="SP_379.6.1.8" VPOS="609" WIDTH="10"/>
            <String CONTENT="a" HEIGHT="24" HPOS="715" ID="ST_379.6.1.9" STYLEREFS="Style_4" VPOS="609" WIDTH="20" WC="1.00" CC="0" TAGREFS=""/>
            <SP HPOS="735" ID="SP_379.6.1.10" VPOS="599" WIDTH="10"/>
            <String CONTENT="service" HEIGHT="34" HPOS="745" ID="ST_379.6.1.11" STYLEREFS="Style_4" VPOS="599" WIDTH="128" WC="0.96" CC="0000000" TAGREFS=""/>
            <SP HPOS="873" ID="SP_379.6.1.12" VPOS="603" WIDTH="9"/>
            <String CONTENT="contract" HEIGHT="30" HPOS="882" ID="ST_379.6.1.13" STYLEREFS="Style_4" VPOS="603" WIDTH="158" WC="0.87" CC="00000000" TAGREFS=""/>
            <SP HPOS="1040" ID="SP_379.6.1.14" VPOS="609" WIDTH="9"/>
            <String CONTENT="on" HEIGHT="24" HPOS="1049" ID="ST_379.6.1.15" STYLEREFS="Style_4" VPOS="609" WIDTH="44" WC="0.93" CC="00" TAGREFS=""/>
            <SP HPOS="1093" ID="SP_379.6.1.16" VPOS="609" WIDTH="10"/>
            <String CONTENT="an" HEIGHT="24" HPOS="1103" ID="ST_379.6.1.17" STYLEREFS="Style_4" VPOS="609" WIDTH="45" WC="1.00" CC="00" TAGREFS=""/>
            <SP HPOS="1148" ID="SP_379.6.1.18" VPOS="597" WIDTH="9"/>
            <String CONTENT="old" HEIGHT="35" HPOS="1157" ID="ST_379.6.1.19" STYLEREFS="Style_4" VPOS="597" WIDTH="57" WC="0.99" CC="000" TAGREFS=""/>
            <SP HPOS="1214" ID="SP_379.6.1.20" VPOS="598" WIDTH="10"/>
            <String CONTENT="freight" HEIGHT="43" HPOS="1224" ID="ST_379.6.1.21" STYLEREFS="Style_4" VPOS="598" WIDTH="128" WC="0.96" CC="0000000" TAGREFS=""/>
          </TextLine>
          <TextLine HEIGHT="43" HPOS="136" ID="TL_379.6.2" VPOS="648" WIDTH="1215">
            <String CONTENT="elevator" HEIGHT="34" HPOS="136" ID="ST_379.6.2.1" STYLEREFS="Style_4" VPOS="649" WIDTH="153" WC="0.99" CC="00000000" TAGREFS=""/>
            <SP HPOS="289" ID="SP_379.6.2.2" VPOS="648" WIDTH="12"/>
            <String CONTENT="located" HEIGHT="35" HPOS="301" ID="ST_379.6.2.3" STYLEREFS="Style_4" VPOS="648" WIDTH="134" WC="1.00" CC="0000000" TAGREFS=""/>
            <SP HPOS="435" ID="SP_379.6.2.4" VPOS="654" WIDTH="13"/>
            <String CONTENT="at" HEIGHT="29" HPOS="448" ID="ST_379.6.2.5" STYLEREFS="Style_4" VPOS="654" WIDTH="36" WC="0.98" CC="00" TAGREFS=""/>
            <SP HPOS="484" ID="SP_379.6.2.6" VPOS="648" WIDTH="12"/>
            <String CONTENT="Minnesota" HEIGHT="35" HPOS="496" ID="ST_379.6.2.7" STYLEREFS="Style_4" VPOS="648" WIDTH="202" WC="0.94" CC="000000000" TAGREFS=""/>
            <SP HPOS="698" ID="SP_379.6.2.8" VPOS="648" WIDTH="13"/>
            <String CONTENT="Mining" HEIGHT="43" HPOS="711" ID="ST_379.6.2.9" STYLEREFS="Style_4" VPOS="648" WIDTH="139" WC="0.81" CC="000000" TAGREFS=""/>
            <SP HPOS="850" ID="SP_379.6.2.10" VPOS="648" WIDTH="12"/>
            <String CONTENT="and" HEIGHT="34" HPOS="862" ID="ST_379.6.2.11" STYLEREFS="Style_4" VPOS="648" WIDTH="68" WC="1.00" CC="000" TAGREFS=""/>
            <SP HPOS="930" ID="SP_379.6.2.12" VPOS="648" WIDTH="14"/>
            <String CONTENT="Manufacturing" HEIGHT="43" HPOS="944" ID="ST_379.6.2.13" STYLEREFS="Style_4" VPOS="648" WIDTH="290" WC="0.88" CC="0000000000000" TAGREFS=""/>
            <SP HPOS="1234" ID="SP_379.6.2.14" VPOS="648" WIDTH="13"/>
            <String CONTENT="Com-" HEIGHT="34" HPOS="1247" ID="ST_379.6.2.15" STYLEREFS="Style_4" VPOS="648" WIDTH="104" WC="1.00" CC="0000" TAGREFS=""/>
          </TextLine>
          <TextLine HEIGHT="45" HPOS="137" ID="TL_379.6.3" VPOS="697" WIDTH="1215">
            <String CONTENT="pany" HEIGHT="34" HPOS="137" ID="ST_379.6.3.1" STYLEREFS="Style_4" VPOS="708" WIDTH="92" WC="0.93" CC="0000" TAGREFS=""/>
            <SP HPOS="229" ID="SP_379.6.3.2" VPOS="698" WIDTH="10"/>
            <String CONTENT="in" HEIGHT="34" HPOS="239" ID="ST_379.6.3.3" STYLEREFS="Style_4" VPOS="698" WIDTH="34" WC="0.78" CC="00" TAGREFS=""/>
            <SP HPOS="273" ID="SP_379.6.3.4" VPOS="698" WIDTH="11"/>
            <String CONTENT="Little" HEIGHT="35" HPOS="284" ID="ST_379.6.3.5" STYLEREFS="Style_4" VPOS="698" WIDTH="105" WC="0.93" CC="000000" TAGREFS=""/>
            <SP HPOS="389" ID="SP_379.6.3.6" VPOS="698" WIDTH="9"/>
            <String CONTENT="Rock." HEIGHT="35" HPOS="398" ID="ST_379.6.3.7" STYLEREFS="Style_4" VPOS="698" WIDTH="108" WC="1.00" CC="00000" TAGREFS=""/>
            <SP HPOS="506" ID="SP_379.6.3.8" VPOS="698" WIDTH="11"/>
            <String CONTENT="Terry" HEIGHT="43" HPOS="517" ID="ST_379.6.3.9" STYLEREFS="Style_4" VPOS="698" WIDTH="108" WC="0.93" CC="00000" TAGREFS=""/>
            <SP HPOS="625" ID="SP_379.6.3.10" VPOS="698" WIDTH="11"/>
            <String CONTENT="Faulkner," HEIGHT="41" HPOS="636" ID="ST_379.6.3.11" STYLEREFS="Style_4" VPOS="698" WIDTH="182" WC="0.99" CC="000000000" TAGREFS=""/>
            <SP HPOS="818" ID="SP_379.6.3.12" VPOS="708" WIDTH="11"/>
            <String CONTENT="an" HEIGHT="24" HPOS="829" ID="ST_379.6.3.13" STYLEREFS="Style_4" VPOS="708" WIDTH="44" WC="0.94" CC="00" TAGREFS=""/>
            <SP HPOS="873" ID="SP_379.6.3.14" VPOS="698" WIDTH="10"/>
            <String CONTENT="employee" HEIGHT="44" HPOS="883" ID="ST_379.6.3.15" STYLEREFS="Style_4" VPOS="698" WIDTH="179" WC="0.97" CC="00000000" TAGREFS=""/>
            <SP HPOS="1062" ID="SP_379.6.3.16" VPOS="698" WIDTH="8"/>
            <String CONTENT="of" HEIGHT="35" HPOS="1070" ID="ST_379.6.3.17" STYLEREFS="Style_4" VPOS="698" WIDTH="40" WC="1.00" CC="00" TAGREFS=""/>
            <SP HPOS="1110" ID="SP_379.6.3.18" VPOS="698" WIDTH="7"/>
            <String CONTENT="3M," HEIGHT="41" HPOS="1117" ID="ST_379.6.3.19" STYLEREFS="Style_4" VPOS="698" WIDTH="76" WC="0.92" CC="000" TAGREFS=""/>
            <SP HPOS="1193" ID="SP_379.6.3.20" VPOS="697" WIDTH="11"/>
            <String CONTENT="claimed" HEIGHT="35" HPOS="1204" ID="ST_379.6.3.21" STYLEREFS="Style_4" VPOS="697" WIDTH="148" WC="1.00" CC="0000000" TAGREFS=""/>
          </TextLine>
          <TextLine HEIGHT="46" HPOS="137" ID="TL_379.6.4" VPOS="746" WIDTH="1215">
            <String CONTENT="he" HEIGHT="35" HPOS="137" ID="ST_379.6.4.1" STYLEREFS="Style_4" VPOS="748" WIDTH="44" WC="1.00" CC="00" TAGREFS=""/>
            <SP HPOS="181" ID="SP_379.6.4.2" VPOS="757" WIDTH="17"/>
            <String CONTENT="was" HEIGHT="25" HPOS="198" ID="ST_379.6.4.3" STYLEREFS="Style_4" VPOS="757" WIDTH="70" WC="0.92" CC="000" TAGREFS=""/>
            <SP HPOS="268" ID="SP_379.6.4.4" VPOS="748" WIDTH="20"/>
            <String CONTENT="injured" HEIGHT="43" HPOS="288" ID="ST_379.6.4.5" STYLEREFS="Style_4" VPOS="748" WIDTH="134" WC="0.97" CC="0000000" TAGREFS=""/>
            <SP HPOS="422" ID="SP_379.6.4.6" VPOS="748" WIDTH="18"/>
            <String CONTENT="when" HEIGHT="35" HPOS="440" ID="ST_379.6.4.7" STYLEREFS="Style_4" VPOS="748" WIDTH="99" WC="0.72" CC="0000" TAGREFS=""/>
            <SP HPOS="539" ID="SP_379.6.4.8" VPOS="748" WIDTH="18"/>
            <String CONTENT="the" HEIGHT="34" HPOS="557" ID="ST_379.6.4.9" STYLEREFS="Style_4" VPOS="748" WIDTH="60" WC="0.95" CC="000" TAGREFS=""/>
            <SP HPOS="617" ID="SP_379.6.4.10" VPOS="748" WIDTH="18"/>
            <String CONTENT="elevator" HEIGHT="35" HPOS="635" ID="ST_379.6.4.11" STYLEREFS="Style_4" VPOS="748" WIDTH="150" WC="0.98" CC="00000000" TAGREFS=""/>
            <SP HPOS="785" ID="SP_379.6.4.12" VPOS="747" WIDTH="18"/>
            <String CONTENT="suddenly" HEIGHT="45" HPOS="803" ID="ST_379.6.4.13" STYLEREFS="Style_4" VPOS="747" WIDTH="169" WC="0.90" CC="00000000" TAGREFS=""/>
            <SP HPOS="972" ID="SP_379.6.4.14" VPOS="748" WIDTH="14"/>
            <String CONTENT="jumped" HEIGHT="44" HPOS="986" ID="ST_379.6.4.15" STYLEREFS="Style_4" VPOS="748" WIDTH="146" WC="1.00" CC="000000" TAGREFS=""/>
            <SP HPOS="1132" ID="SP_379.6.4.16" VPOS="758" WIDTH="18"/>
            <String CONTENT="or" HEIGHT="24" HPOS="1150" ID="ST_379.6.4.17" STYLEREFS="Style_4" VPOS="758" WIDTH="38" WC="1.00" CC="00" TAGREFS=""/>
            <SP HPOS="1188" ID="SP_379.6.4.18" VPOS="746" WIDTH="18"/>
            <String CONTENT="fell" HEIGHT="36" HPOS="1206" ID="ST_379.6.4.19" STYLEREFS="Style_4" VPOS="746" WIDTH="59" WC="1.00" CC="0000" TAGREFS=""/>
            <SP HPOS="1265" ID="SP_379.6.4.20" VPOS="747" WIDTH="18"/>
            <String CONTENT="and" HEIGHT="35" HPOS="1283" ID="ST_379.6.4.21" STYLEREFS="Style_4" VPOS="747" WIDTH="69" WC="0.98" CC="000" TAGREFS=""/>
          </TextLine>
          <TextLine HEIGHT="45" HPOS="136" ID="TL_379.6.5" VPOS="797" WIDTH="1215">
            <String CONTENT="came" HEIGHT="25" HPOS="136" ID="ST_379.6.5.1" STYLEREFS="Style_4" VPOS="808" WIDTH="101" WC="1.00" CC="0090" TAGREFS=""/>
            <SP HPOS="237" ID="SP_379.6.5.2" VPOS="803" WIDTH="14"/>
            <String CONTENT="to" HEIGHT="29" HPOS="251" ID="ST_379.6.5.3" STYLEREFS="Style_4" VPOS="803" WIDTH="36" WC="1.00" CC="00" TAGREFS=""/>
            <SP HPOS="287" ID="SP_379.6.5.4" VPOS="808" WIDTH="15"/>
            <String CONTENT="a" HEIGHT="24" HPOS="302" ID="ST_379.6.5.5" STYLEREFS="Style_4" VPOS="808" WIDTH="20" WC="1.00" CC="0" TAGREFS=""/>
            <SP HPOS="322" ID="SP_379.6.5.6" VPOS="798" WIDTH="14"/>
            <String CONTENT="sudden" HEIGHT="34" HPOS="336" ID="ST_379.6.5.7" STYLEREFS="Style_4" VPOS="798" WIDTH="132" WC="1.00" CC="000000" TAGREFS=""/>
            <SP HPOS="468" ID="SP_379.6.5.8" VPOS="797" WIDTH="15"/>
            <String CONTENT="halt." HEIGHT="36" HPOS="483" ID="ST_379.6.5.9" STYLEREFS="Style_4" VPOS="797" WIDTH="84" WC="0.89" CC="00000" TAGREFS=""/>
            <SP HPOS="567" ID="SP_379.6.5.10" VPOS="797" WIDTH="16"/>
            <String CONTENT="The" HEIGHT="35" HPOS="583" ID="ST_379.6.5.11" STYLEREFS="Style_4" VPOS="797" WIDTH="75" WC="0.96" CC="000" TAGREFS=""/>
            <SP HPOS="658" ID="SP_379.6.5.12" VPOS="798" WIDTH="14"/>
            <String CONTENT="elevator" HEIGHT="35" HPOS="672" ID="ST_379.6.5.13" STYLEREFS="Style_4" VPOS="798" WIDTH="150" WC="0.95" CC="00000000" TAGREFS=""/>
            <SP HPOS="822" ID="SP_379.6.5.14" VPOS="808" WIDTH="14"/>
            <String CONTENT="was" HEIGHT="24" HPOS="836" ID="ST_379.6.5.15" STYLEREFS="Style_4" VPOS="808" WIDTH="70" WC="1.00" CC="000" TAGREFS=""/>
            <SP HPOS="906" ID="SP_379.6.5.16" VPOS="798" WIDTH="14"/>
            <String CONTENT="reported" HEIGHT="44" HPOS="920" ID="ST_379.6.5.17" STYLEREFS="Style_4" VPOS="798" WIDTH="160" WC="0.95" CC="00000000" TAGREFS=""/>
            <SP HPOS="1080" ID="SP_379.6.5.18" VPOS="803" WIDTH="15"/>
            <String CONTENT="to" HEIGHT="29" HPOS="1095" ID="ST_379.6.5.19" STYLEREFS="Style_4" VPOS="803" WIDTH="36" WC="1.00" CC="00" TAGREFS=""/>
            <SP HPOS="1131" ID="SP_379.6.5.20" VPOS="798" WIDTH="14"/>
            <String CONTENT="have" HEIGHT="34" HPOS="1145" ID="ST_379.6.5.21" STYLEREFS="Style_4" VPOS="798" WIDTH="87" WC="1.00" CC="0000" TAGREFS=""/>
            <SP HPOS="1232" ID="SP_379.6.5.22" VPOS="797" WIDTH="13"/>
            <String CONTENT="fallen" HEIGHT="35" HPOS="1245" ID="ST_379.6.5.23" STYLEREFS="Style_4" VPOS="797" WIDTH="106" WC="0.72" CC="000000" TAGREFS=""/>
          </TextLine>
          <TextLine HEIGHT="46" HPOS="137" ID="TL_379.6.6" VPOS="846" WIDTH="1216">
            <String CONTENT="from" HEIGHT="35" HPOS="137" ID="ST_379.6.6.1" STYLEREFS="Style_4" VPOS="847" WIDTH="93" WC="0.86" CC="0000" TAGREFS=""/>
            <SP HPOS="230" ID="SP_379.6.6.2" VPOS="846" WIDTH="14"/>
            <String CONTENT="the" HEIGHT="36" HPOS="244" ID="ST_379.6.6.3" STYLEREFS="Style_4" VPOS="846" WIDTH="60" WC="0.89" CC="000" TAGREFS=""/>
            <SP HPOS="304" ID="SP_379.6.6.4" VPOS="847" WIDTH="15"/>
            <String CONTENT="fourth" HEIGHT="35" HPOS="319" ID="ST_379.6.6.5" STYLEREFS="Style_4" VPOS="847" WIDTH="117" WC="0.74" CC="000000" TAGREFS=""/>
            <SP HPOS="436" ID="SP_379.6.6.6" VPOS="848" WIDTH="14"/>
            <String CONTENT="floor" HEIGHT="35" HPOS="450" ID="ST_379.6.6.7" STYLEREFS="Style_4" VPOS="848" WIDTH="86" WC="0.94" CC="00000" TAGREFS=""/>
            <SP HPOS="536" ID="SP_379.6.6.8" VPOS="852" WIDTH="14"/>
            <String CONTENT="to" HEIGHT="30" HPOS="550" ID="ST_379.6.6.9" STYLEREFS="Style_4" VPOS="852" WIDTH="37" WC="1.00" CC="00" TAGREFS=""/>
            <SP HPOS="587" ID="SP_379.6.6.10" VPOS="847" WIDTH="11"/>
            <String CONTENT="just" HEIGHT="44" HPOS="598" ID="ST_379.6.6.11" STYLEREFS="Style_4" VPOS="847" WIDTH="73" WC="0.92" CC="0000" TAGREFS=""/>
            <SP HPOS="671" ID="SP_379.6.6.12" VPOS="853" WIDTH="15"/>
            <String CONTENT="past" HEIGHT="39" HPOS="686" ID="ST_379.6.6.13" STYLEREFS="Style_4" VPOS="853" WIDTH="78" WC="0.93" CC="0000" TAGREFS=""/>
            <SP HPOS="764" ID="SP_379.6.6.14" VPOS="848" WIDTH="14"/>
            <String CONTENT="the" HEIGHT="35" HPOS="778" ID="ST_379.6.6.15" STYLEREFS="Style_4" VPOS="848" WIDTH="59" WC="0.81" CC="000" TAGREFS=""/>
            <SP HPOS="837" ID="SP_379.6.6.16" VPOS="847" WIDTH="15"/>
            <String CONTENT="third" HEIGHT="35" HPOS="852" ID="ST_379.6.6.17" STYLEREFS="Style_4" VPOS="847" WIDTH="93" WC="0.83" CC="00000" TAGREFS=""/>
            <SP HPOS="945" ID="SP_379.6.6.18" VPOS="847" WIDTH="15"/>
            <String CONTENT="floor" HEIGHT="35" HPOS="960" ID="ST_379.6.6.19" STYLEREFS="Style_4" VPOS="847" WIDTH="85" WC="0.93" CC="00000" TAGREFS=""/>
            <SP HPOS="1045" ID="SP_379.6.6.20" VPOS="847" WIDTH="14"/>
            <String CONTENT="landing." HEIGHT="43" HPOS="1059" ID="ST_379.6.6.21" STYLEREFS="Style_4" VPOS="847" WIDTH="153" WC="0.92" CC="00000000" TAGREFS=""/>
            <SP HPOS="1212" ID="SP_379.6.6.22" VPOS="848" WIDTH="16"/>
            <String CONTENT="A" HEIGHT="33" HPOS="1228" ID="ST_379.6.6.23" STYLEREFS="Style_4" VPOS="848" WIDTH="33" WC="0.55" CC="0" TAGREFS=""/>
            <SP HPOS="1261" ID="SP_379.6.6.24" VPOS="847" WIDTH="11"/>
            <String CONTENT="jury" HEIGHT="44" HPOS="1272" ID="ST_379.6.6.25" STYLEREFS="Style_4" VPOS="847" WIDTH="81" WC="0.76" CC="0000" TAGREFS=""/>
          </TextLine>
          <TextLine HEIGHT="46" HPOS="138" ID="TL_379.6.7" VPOS="895" WIDTH="1216">
            <String CONTENT="awarded" HEIGHT="35" HPOS="138" ID="ST_379.6.7.1" STYLEREFS="Style_4" VPOS="897" WIDTH="163" WC="0.98" CC="0000000" TAGREFS=""/>
            <SP HPOS="301" ID="SP_379.6.7.2" VPOS="898" WIDTH="13"/>
            <String CONTENT="Faulkner" HEIGHT="34" HPOS="314" ID="ST_379.6.7.3" STYLEREFS="Style_4" VPOS="898" WIDTH="170" WC="0.96" CC="00000000" TAGREFS=""/>
            <SP HPOS="484" ID="SP_379.6.7.4" VPOS="898" WIDTH="12"/>
            <String CONTENT="$" HEIGHT="37" HPOS="496" ID="ST_379.6.7.5" STYLEREFS="Style_4" VPOS="898" WIDTH="20" WC="0.81" CC="0" TAGREFS=""/>
            <SP HPOS="516" ID="SP_379.6.7.6" VPOS="898" WIDTH="8"/>
            <String CONTENT="191,127." HEIGHT="40" HPOS="524" ID="ST_379.6.7.7" STYLEREFS="Style_4" VPOS="898" WIDTH="158" WC="0.92" CC="99999999" TAGREFS=""/>
            <SP HPOS="682" ID="SP_379.6.7.8" VPOS="897" WIDTH="12"/>
            <String CONTENT="The" HEIGHT="35" HPOS="694" ID="ST_379.6.7.9" STYLEREFS="Style_4" VPOS="897" WIDTH="75" WC="0.99" CC="000" TAGREFS=""/>
            <SP HPOS="769" ID="SP_379.6.7.10" VPOS="897" WIDTH="10"/>
            <String CONTENT="only" HEIGHT="43" HPOS="779" ID="ST_379.6.7.11" STYLEREFS="Style_4" VPOS="897" WIDTH="80" WC="0.86" CC="0000" TAGREFS=""/>
            <SP HPOS="859" ID="SP_379.6.7.12" VPOS="897" WIDTH="11"/>
            <String CONTENT="issue" HEIGHT="35" HPOS="870" ID="ST_379.6.7.13" STYLEREFS="Style_4" VPOS="897" WIDTH="91" WC="0.94" CC="00000" TAGREFS=""/>
            <SP HPOS="961" ID="SP_379.6.7.14" VPOS="908" WIDTH="10"/>
            <String CONTENT="on" HEIGHT="23" HPOS="971" ID="ST_379.6.7.15" STYLEREFS="Style_4" VPOS="908" WIDTH="44" WC="0.94" CC="00" TAGREFS=""/>
            <SP HPOS="1015" ID="SP_379.6.7.16" VPOS="898" WIDTH="12"/>
            <String CONTENT="appeal" HEIGHT="43" HPOS="1027" ID="ST_379.6.7.17" STYLEREFS="Style_4" VPOS="898" WIDTH="124" WC="1.00" CC="000000" TAGREFS=""/>
            <SP HPOS="1151" ID="SP_379.6.7.18" VPOS="897" WIDTH="11"/>
            <String CONTENT="is" HEIGHT="34" HPOS="1162" ID="ST_379.6.7.19" STYLEREFS="Style_4" VPOS="897" WIDTH="28" WC="1.00" CC="00" TAGREFS=""/>
            <SP HPOS="1190" ID="SP_379.6.7.20" VPOS="895" WIDTH="11"/>
            <String CONTENT="whether" HEIGHT="37" HPOS="1201" ID="ST_379.6.7.21" STYLEREFS="Style_4" VPOS="895" WIDTH="153" WC="0.99" CC="0000000" TAGREFS=""/>
          </TextLine>
          <TextLine HEIGHT="44" HPOS="138" ID="TL_379.6.8" VPOS="946" WIDTH="1216">
            <String CONTENT="there" HEIGHT="33" HPOS="138" ID="ST_379.6.8.1" STYLEREFS="Style_4" VPOS="948" WIDTH="99" WC="1.00" CC="00000" TAGREFS=""/>
            <SP HPOS="237" ID="SP_379.6.8.2" VPOS="947" WIDTH="21"/>
            <String CONTENT="is" HEIGHT="34" HPOS="258" ID="ST_379.6.8.3" STYLEREFS="Style_4" VPOS="947" WIDTH="27" WC="0.79" CC="00" TAGREFS=""/>
            <SP HPOS="285" ID="SP_379.6.8.4" VPOS="947" WIDTH="22"/>
            <String CONTENT="sufficient" HEIGHT="35" HPOS="307" ID="ST_379.6.8.5" STYLEREFS="Style_4" VPOS="947" WIDTH="169" WC="0.78" CC="0000000000" TAGREFS=""/>
            <SP HPOS="476" ID="SP_379.6.8.6" VPOS="946" WIDTH="21"/>
            <String CONTENT="evidence" HEIGHT="36" HPOS="497" ID="ST_379.6.8.7" STYLEREFS="Style_4" VPOS="946" WIDTH="164" WC="0.90" CC="00000000" TAGREFS=""/>
            <SP HPOS="661" ID="SP_379.6.8.8" VPOS="947" WIDTH="20"/>
            <String CONTENT="of" HEIGHT="34" HPOS="681" ID="ST_379.6.8.9" STYLEREFS="Style_4" VPOS="947" WIDTH="39" WC="1.00" CC="00" TAGREFS=""/>
            <SP HPOS="720" ID="SP_379.6.8.10" VPOS="947" WIDTH="18"/>
            <String CONTENT="Otis’" HEIGHT="35" HPOS="738" ID="ST_379.6.8.11" STYLEREFS="Style_4" VPOS="947" WIDTH="89" WC="0.80" CC="00009" TAGREFS=""/>
            <SP HPOS="827" ID="SP_379.6.8.12" VPOS="947" WIDTH="22"/>
            <String CONTENT="negligence" HEIGHT="43" HPOS="849" ID="ST_379.6.8.13" STYLEREFS="Style_4" VPOS="947" WIDTH="201" WC="0.95" CC="0000000000" TAGREFS=""/>
            <SP HPOS="1050" ID="SP_379.6.8.14" VPOS="947" WIDTH="21"/>
            <String CONTENT="which" HEIGHT="35" HPOS="1071" ID="ST_379.6.8.15" STYLEREFS="Style_4" VPOS="947" WIDTH="112" WC="0.85" CC="00000" TAGREFS=""/>
            <SP HPOS="1183" ID="SP_379.6.8.16" VPOS="958" WIDTH="21"/>
            <String CONTENT="was" HEIGHT="23" HPOS="1204" ID="ST_379.6.8.17" STYLEREFS="Style_4" VPOS="958" WIDTH="69" WC="0.98" CC="000" TAGREFS=""/>
            <SP HPOS="1273" ID="SP_379.6.8.18" VPOS="947" WIDTH="22"/>
            <String CONTENT="the" HEIGHT="34" HPOS="1295" ID="ST_379.6.8.19" STYLEREFS="Style_4" VPOS="947" WIDTH="59" WC="1.00" CC="000" TAGREFS=""/>
          </TextLine>
          <TextLine HEIGHT="44" HPOS="139" ID="TL_379.6.9" VPOS="996" WIDTH="1214">
            <String CONTENT="proximate" HEIGHT="44" HPOS="139" ID="ST_379.6.9.1" STYLEREFS="Style_4" VPOS="996" WIDTH="194" WC="1.00" CC="000000000" TAGREFS=""/>
            <SP HPOS="333" ID="SP_379.6.9.2" VPOS="1007" WIDTH="14"/>
            <String CONTENT="cause" HEIGHT="24" HPOS="347" ID="ST_379.6.9.3" STYLEREFS="Style_4" VPOS="1007" WIDTH="103" WC="1.00" CC="00000" TAGREFS=""/>
            <SP HPOS="450" ID="SP_379.6.9.4" VPOS="996" WIDTH="14"/>
            <String CONTENT="of" HEIGHT="35" HPOS="464" ID="ST_379.6.9.5" STYLEREFS="Style_4" VPOS="996" WIDTH="40" WC="1.00" CC="00" TAGREFS=""/>
            <SP HPOS="504" ID="SP_379.6.9.6" VPOS="996" WIDTH="11"/>
            <String CONTENT="the" HEIGHT="35" HPOS="515" ID="ST_379.6.9.7" STYLEREFS="Style_4" VPOS="996" WIDTH="60" WC="0.99" CC="000" TAGREFS=""/>
            <SP HPOS="575" ID="SP_379.6.9.8" VPOS="996" WIDTH="14"/>
            <String CONTENT="accident." HEIGHT="35" HPOS="589" ID="ST_379.6.9.9" STYLEREFS="Style_4" VPOS="996" WIDTH="169" WC="0.94" CC="000000000" TAGREFS=""/>
            <SP HPOS="758" ID="SP_379.6.9.10" VPOS="997" WIDTH="16"/>
            <String CONTENT="The" HEIGHT="34" HPOS="774" ID="ST_379.6.9.11" STYLEREFS="Style_4" VPOS="997" WIDTH="74" WC="0.80" CC="000" TAGREFS=""/>
            <SP HPOS="848" ID="SP_379.6.9.12" VPOS="996" WIDTH="10"/>
            <String CONTENT="jury" HEIGHT="44" HPOS="858" ID="ST_379.6.9.13" STYLEREFS="Style_4" VPOS="996" WIDTH="81" WC="0.96" CC="0000" TAGREFS=""/>
            <SP HPOS="939" ID="SP_379.6.9.14" VPOS="996" WIDTH="15"/>
            <String CONTENT="found" HEIGHT="35" HPOS="954" ID="ST_379.6.9.15" STYLEREFS="Style_4" VPOS="996" WIDTH="108" WC="0.94" CC="00000" TAGREFS=""/>
            <SP HPOS="1062" ID="SP_379.6.9.16" VPOS="997" WIDTH="15"/>
            <String CONTENT="there" HEIGHT="34" HPOS="1077" ID="ST_379.6.9.17" STYLEREFS="Style_4" VPOS="997" WIDTH="98" WC="0.99" CC="00000" TAGREFS=""/>
            <SP HPOS="1175" ID="SP_379.6.9.18" VPOS="1007" WIDTH="14"/>
            <String CONTENT="was," HEIGHT="30" HPOS="1189" ID="ST_379.6.9.19" STYLEREFS="Style_4" VPOS="1007" WIDTH="80" WC="1.00" CC="0000" TAGREFS=""/>
            <SP HPOS="1269" ID="SP_379.6.9.20" VPOS="996" WIDTH="16"/>
            <String CONTENT="and" HEIGHT="35" HPOS="1285" ID="ST_379.6.9.21" STYLEREFS="Style_4" VPOS="996" WIDTH="68" WC="0.97" CC="000" TAGREFS=""/>
          </TextLine>
          <TextLine HEIGHT="46" HPOS="138" ID="TL_379.6.10" VPOS="1044" WIDTH="942">
            <String CONTENT="we" HEIGHT="24" HPOS="138" ID="ST_379.6.10.1" STYLEREFS="Style_4" VPOS="1057" WIDTH="52" WC="0.94" CC="00" TAGREFS=""/>
            <SP HPOS="190" ID="SP_379.6.10.2" VPOS="1044" WIDTH="20"/>
            <String CONTENT="find" HEIGHT="36" HPOS="210" ID="ST_379.6.10.3" STYLEREFS="Style_4" VPOS="1044" WIDTH="71" WC="0.90" CC="0000" TAGREFS=""/>
            <SP HPOS="281" ID="SP_379.6.10.4" VPOS="1057" WIDTH="21"/>
            <String CONTENT="no" HEIGHT="23" HPOS="302" ID="ST_379.6.10.5" STYLEREFS="Style_4" VPOS="1057" WIDTH="44" WC="1.00" CC="00" TAGREFS=""/>
            <SP HPOS="346" ID="SP_379.6.10.6" VPOS="1046" WIDTH="20"/>
            <String CONTENT="legal" HEIGHT="44" HPOS="366" ID="ST_379.6.10.7" STYLEREFS="Style_4" VPOS="1046" WIDTH="88" WC="0.92" CC="00000" TAGREFS=""/>
            <SP HPOS="454" ID="SP_379.6.10.8" VPOS="1057" WIDTH="21"/>
            <String CONTENT="reason" HEIGHT="24" HPOS="475" ID="ST_379.6.10.9" STYLEREFS="Style_4" VPOS="1057" WIDTH="123" WC="0.97" CC="000000" TAGREFS=""/>
            <SP HPOS="598" ID="SP_379.6.10.10" VPOS="1052" WIDTH="20"/>
            <String CONTENT="to" HEIGHT="29" HPOS="618" ID="ST_379.6.10.11" STYLEREFS="Style_4" VPOS="1052" WIDTH="36" WC="1.00" CC="00" TAGREFS=""/>
            <SP HPOS="654" ID="SP_379.6.10.12" VPOS="1052" WIDTH="20"/>
            <String CONTENT="set" HEIGHT="29" HPOS="674" ID="ST_379.6.10.13" STYLEREFS="Style_4" VPOS="1052" WIDTH="52" WC="0.99" CC="000" TAGREFS=""/>
            <SP HPOS="726" ID="SP_379.6.10.14" VPOS="1047" WIDTH="20"/>
            <String CONTENT="aside" HEIGHT="34" HPOS="746" ID="ST_379.6.10.15" STYLEREFS="Style_4" VPOS="1047" WIDTH="95" WC="0.96" CC="00000" TAGREFS=""/>
            <SP HPOS="841" ID="SP_379.6.10.16" VPOS="1046" WIDTH="19"/>
            <String CONTENT="the" HEIGHT="35" HPOS="860" ID="ST_379.6.10.17" STYLEREFS="Style_4" VPOS="1046" WIDTH="60" WC="0.87" CC="000" TAGREFS=""/>
            <SP HPOS="920" ID="SP_379.6.10.18" VPOS="1046" WIDTH="18"/>
            <String CONTENT="verdict." HEIGHT="35" HPOS="938" ID="ST_379.6.10.19" STYLEREFS="Style_4" VPOS="1046" WIDTH="142" WC="1.00" CC="00000000" TAGREFS=""/>
          </TextLine>
        </TextBlock>
        <TextBlock HEIGHT="246.0" HPOS="139.0" ID="BL_379.7" TAGREFS="b379-7" VPOS="1173.0" WIDTH="1216.0">
          <TextLine HEIGHT="45" HPOS="231" ID="TL_379.7.1" VPOS="1173" WIDTH="1124">
            <String CONTENT="Faulkner’s" HEIGHT="35" HPOS="231" ID="ST_379.7.1.1" STYLEREFS="Style_4" VPOS="1173" WIDTH="201" WC="0.96" CC="0000000000" TAGREFS=""/>
            <SP HPOS="432" ID="SP_379.7.1.2" VPOS="1173" WIDTH="14"/>
            <String CONTENT="damage" HEIGHT="43" HPOS="446" ID="ST_379.7.1.3" STYLEREFS="Style_4" VPOS="1173" WIDTH="150" WC="0.92" CC="000000" TAGREFS=""/>
            <SP HPOS="596" ID="SP_379.7.1.4" VPOS="1173" WIDTH="13"/>
            <String CONTENT="suit" HEIGHT="35" HPOS="609" ID="ST_379.7.1.5" STYLEREFS="Style_4" VPOS="1173" WIDTH="69" WC="0.82" CC="0000" TAGREFS=""/>
            <SP HPOS="678" ID="SP_379.7.1.6" VPOS="1184" WIDTH="13"/>
            <String CONTENT="was" HEIGHT="24" HPOS="691" ID="ST_379.7.1.7" STYLEREFS="Style_4" VPOS="1184" WIDTH="70" WC="0.97" CC="000" TAGREFS=""/>
            <SP HPOS="761" ID="SP_379.7.1.8" VPOS="1173" WIDTH="13"/>
            <String CONTENT="based" HEIGHT="36" HPOS="774" ID="ST_379.7.1.9" STYLEREFS="Style_4" VPOS="1173" WIDTH="108" WC="0.69" CC="00000" TAGREFS=""/>
            <SP HPOS="882" ID="SP_379.7.1.10" VPOS="1184" WIDTH="13"/>
            <String CONTENT="on" HEIGHT="24" HPOS="895" ID="ST_379.7.1.11" STYLEREFS="Style_4" VPOS="1184" WIDTH="44" WC="1.00" CC="00" TAGREFS=""/>
            <SP HPOS="939" ID="SP_379.7.1.12" VPOS="1179" WIDTH="14"/>
            <String CONTENT="expert" HEIGHT="39" HPOS="953" ID="ST_379.7.1.13" STYLEREFS="Style_4" VPOS="1179" WIDTH="119" WC="1.00" CC="000000" TAGREFS=""/>
            <SP HPOS="1072" ID="SP_379.7.1.14" VPOS="1173" WIDTH="13"/>
            <String CONTENT="testimony," HEIGHT="44" HPOS="1085" ID="ST_379.7.1.15" STYLEREFS="Style_4" VPOS="1173" WIDTH="196" WC="0.95" CC="0000000000" TAGREFS=""/>
            <SP HPOS="1281" ID="SP_379.7.1.16" VPOS="1173" WIDTH="15"/>
            <String CONTENT="the" HEIGHT="36" HPOS="1296" ID="ST_379.7.1.17" STYLEREFS="Style_4" VPOS="1173" WIDTH="59" WC="0.89" CC="000" TAGREFS=""/>
          </TextLine>
          <TextLine HEIGHT="45" HPOS="139" ID="TL_379.7.2" VPOS="1223" WIDTH="1214">
            <String CONTENT="testimony" HEIGHT="44" HPOS="139" ID="ST_379.7.2.1" STYLEREFS="Style_4" VPOS="1223" WIDTH="187" WC="0.98" CC="000000000" TAGREFS=""/>
            <SP HPOS="326" ID="SP_379.7.2.2" VPOS="1223" WIDTH="13"/>
            <String CONTENT="of" HEIGHT="35" HPOS="339" ID="ST_379.7.2.3" STYLEREFS="Style_4" VPOS="1223" WIDTH="39" WC="0.92" CC="00" TAGREFS=""/>
            <SP HPOS="378" ID="SP_379.7.2.4" VPOS="1234" WIDTH="11"/>
            <String CONTENT="a" HEIGHT="24" HPOS="389" ID="ST_379.7.2.5" STYLEREFS="Style_4" VPOS="1234" WIDTH="20" WC="1.00" CC="0" TAGREFS=""/>
            <SP HPOS="409" ID="SP_379.7.2.6" VPOS="1224" WIDTH="13"/>
            <String CONTENT="serviceman," HEIGHT="40" HPOS="422" ID="ST_379.7.2.7" STYLEREFS="Style_4" VPOS="1224" WIDTH="225" WC="0.92" CC="00000000000" TAGREFS=""/>
            <SP HPOS="647" ID="SP_379.7.2.8" VPOS="1223" WIDTH="15"/>
            <String CONTENT="and" HEIGHT="35" HPOS="662" ID="ST_379.7.2.9" STYLEREFS="Style_4" VPOS="1223" WIDTH="68" WC="0.90" CC="000" TAGREFS=""/>
            <SP HPOS="730" ID="SP_379.7.2.10" VPOS="1223" WIDTH="14"/>
            <String CONTENT="records" HEIGHT="35" HPOS="744" ID="ST_379.7.2.11" STYLEREFS="Style_4" VPOS="1223" WIDTH="137" WC="0.95" CC="0000000" TAGREFS=""/>
            <SP HPOS="881" ID="SP_379.7.2.12" VPOS="1223" WIDTH="14"/>
            <String CONTENT="of" HEIGHT="35" HPOS="895" ID="ST_379.7.2.13" STYLEREFS="Style_4" VPOS="1223" WIDTH="39" WC="1.00" CC="00" TAGREFS=""/>
            <SP HPOS="934" ID="SP_379.7.2.14" VPOS="1224" WIDTH="10"/>
            <String CONTENT="repair" HEIGHT="44" HPOS="944" ID="ST_379.7.2.15" STYLEREFS="Style_4" VPOS="1224" WIDTH="114" WC="1.00" CC="000000" TAGREFS=""/>
            <SP HPOS="1058" ID="SP_379.7.2.16" VPOS="1224" WIDTH="14"/>
            <String CONTENT="of" HEIGHT="35" HPOS="1072" ID="ST_379.7.2.17" STYLEREFS="Style_4" VPOS="1224" WIDTH="39" WC="1.00" CC="00" TAGREFS=""/>
            <SP HPOS="1111" ID="SP_379.7.2.18" VPOS="1224" WIDTH="10"/>
            <String CONTENT="the" HEIGHT="35" HPOS="1121" ID="ST_379.7.2.19" STYLEREFS="Style_4" VPOS="1224" WIDTH="59" WC="0.84" CC="000" TAGREFS=""/>
            <SP HPOS="1180" ID="SP_379.7.2.20" VPOS="1224" WIDTH="13"/>
            <String CONTENT="elevator." HEIGHT="35" HPOS="1193" ID="ST_379.7.2.21" STYLEREFS="Style_4" VPOS="1224" WIDTH="160" WC="0.98" CC="000000000" TAGREFS=""/>
          </TextLine>
          <TextLine HEIGHT="45" HPOS="139" ID="TL_379.7.3" VPOS="1273" WIDTH="1216">
            <String CONTENT="The" HEIGHT="34" HPOS="139" ID="ST_379.7.3.1" STYLEREFS="Style_4" VPOS="1274" WIDTH="76" WC="0.89" CC="000" TAGREFS=""/>
            <SP HPOS="215" ID="SP_379.7.3.2" VPOS="1278" WIDTH="12"/>
            <String CONTENT="expert" HEIGHT="39" HPOS="227" ID="ST_379.7.3.3" STYLEREFS="Style_4" VPOS="1278" WIDTH="119" WC="1.00" CC="000000" TAGREFS=""/>
            <SP HPOS="346" ID="SP_379.7.3.4" VPOS="1273" WIDTH="13"/>
            <String CONTENT="concluded" HEIGHT="36" HPOS="359" ID="ST_379.7.3.5" STYLEREFS="Style_4" VPOS="1273" WIDTH="190" WC="1.00" CC="000000000" TAGREFS=""/>
            <SP HPOS="549" ID="SP_379.7.3.6" VPOS="1273" WIDTH="14"/>
            <String CONTENT="that" HEIGHT="35" HPOS="563" ID="ST_379.7.3.7" STYLEREFS="Style_4" VPOS="1273" WIDTH="77" WC="0.96" CC="0000" TAGREFS=""/>
            <SP HPOS="640" ID="SP_379.7.3.8" VPOS="1273" WIDTH="13"/>
            <String CONTENT="the" HEIGHT="38" HPOS="653" ID="ST_379.7.3.9" STYLEREFS="Style_4" VPOS="1273" WIDTH="59" WC="0.76" CC="000" TAGREFS=""/>
            <SP HPOS="712" ID="SP_379.7.3.10" VPOS="1274" WIDTH="13"/>
            <String CONTENT="faulty" HEIGHT="44" HPOS="725" ID="ST_379.7.3.11" STYLEREFS="Style_4" VPOS="1274" WIDTH="112" WC="0.98" CC="000000" TAGREFS=""/>
            <SP HPOS="837" ID="SP_379.7.3.12" VPOS="1273" WIDTH="12"/>
            <String CONTENT="drive" HEIGHT="35" HPOS="849" ID="ST_379.7.3.13" STYLEREFS="Style_4" VPOS="1273" WIDTH="95" WC="1.00" CC="00000" TAGREFS=""/>
            <SP HPOS="944" ID="SP_379.7.3.14" VPOS="1274" WIDTH="13"/>
            <String CONTENT="sheave," HEIGHT="41" HPOS="957" ID="ST_379.7.3.15" STYLEREFS="Style_4" VPOS="1274" WIDTH="136" WC="0.96" CC="0000000" TAGREFS=""/>
            <SP HPOS="1093" ID="SP_379.7.3.16" VPOS="1274" WIDTH="14"/>
            <String CONTENT="which" HEIGHT="35" HPOS="1107" ID="ST_379.7.3.17" STYLEREFS="Style_4" VPOS="1274" WIDTH="112" WC="0.87" CC="00000" TAGREFS=""/>
            <SP HPOS="1219" ID="SP_379.7.3.18" VPOS="1274" WIDTH="13"/>
            <String CONTENT="should" HEIGHT="35" HPOS="1232" ID="ST_379.7.3.19" STYLEREFS="Style_4" VPOS="1274" WIDTH="123" WC="0.85" CC="000000" TAGREFS=""/>
          </TextLine>
          <TextLine HEIGHT="45" HPOS="140" ID="TL_379.7.4" VPOS="1323" WIDTH="1215">
            <String CONTENT="have" HEIGHT="34" HPOS="140" ID="ST_379.7.4.1" STYLEREFS="Style_4" VPOS="1324" WIDTH="88" WC="0.96" CC="0000" TAGREFS=""/>
            <SP HPOS="228" ID="SP_379.7.4.2" VPOS="1323" WIDTH="15"/>
            <String CONTENT="been" HEIGHT="35" HPOS="243" ID="ST_379.7.4.3" STYLEREFS="Style_4" VPOS="1323" WIDTH="87" WC="0.91" CC="0000" TAGREFS=""/>
            <SP HPOS="330" ID="SP_379.7.4.4" VPOS="1324" WIDTH="16"/>
            <String CONTENT="repaired" HEIGHT="44" HPOS="346" ID="ST_379.7.4.5" STYLEREFS="Style_4" VPOS="1324" WIDTH="157" WC="0.97" CC="00000000" TAGREFS=""/>
            <SP HPOS="503" ID="SP_379.7.4.6" VPOS="1323" WIDTH="16"/>
            <String CONTENT="by" HEIGHT="44" HPOS="519" ID="ST_379.7.4.7" STYLEREFS="Style_4" VPOS="1323" WIDTH="45" WC="0.94" CC="00" TAGREFS=""/>
            <SP HPOS="564" ID="SP_379.7.4.8" VPOS="1323" WIDTH="16"/>
            <String CONTENT="Otis," HEIGHT="42" HPOS="580" ID="ST_379.7.4.9" STYLEREFS="Style_4" VPOS="1323" WIDTH="90" WC="0.88" CC="00000" TAGREFS=""/>
            <SP HPOS="670" ID="SP_379.7.4.10" VPOS="1334" WIDTH="16"/>
            <String CONTENT="was" HEIGHT="25" HPOS="686" ID="ST_379.7.4.11" STYLEREFS="Style_4" VPOS="1334" WIDTH="70" WC="1.00" CC="000" TAGREFS=""/>
            <SP HPOS="756" ID="SP_379.7.4.12" VPOS="1324" WIDTH="16"/>
            <String CONTENT="the" HEIGHT="35" HPOS="772" ID="ST_379.7.4.13" STYLEREFS="Style_4" VPOS="1324" WIDTH="59" WC="0.93" CC="000" TAGREFS=""/>
            <SP HPOS="831" ID="SP_379.7.4.14" VPOS="1334" WIDTH="14"/>
            <String CONTENT="cause" HEIGHT="25" HPOS="845" ID="ST_379.7.4.15" STYLEREFS="Style_4" VPOS="1334" WIDTH="105" WC="1.00" CC="00000" TAGREFS=""/>
            <SP HPOS="950" ID="SP_379.7.4.16" VPOS="1324" WIDTH="15"/>
            <String CONTENT="of" HEIGHT="35" HPOS="965" ID="ST_379.7.4.17" STYLEREFS="Style_4" VPOS="1324" WIDTH="40" WC="1.00" CC="00" TAGREFS=""/>
            <SP HPOS="1005" ID="SP_379.7.4.18" VPOS="1324" WIDTH="12"/>
            <String CONTENT="the" HEIGHT="35" HPOS="1017" ID="ST_379.7.4.19" STYLEREFS="Style_4" VPOS="1324" WIDTH="59" WC="1.00" CC="000" TAGREFS=""/>
            <SP HPOS="1076" ID="SP_379.7.4.20" VPOS="1324" WIDTH="15"/>
            <String CONTENT="fall," HEIGHT="41" HPOS="1091" ID="ST_379.7.4.21" STYLEREFS="Style_4" VPOS="1324" WIDTH="74" WC="0.94" CC="00000" TAGREFS=""/>
            <SP HPOS="1165" ID="SP_379.7.4.22" VPOS="1324" WIDTH="16"/>
            <String CONTENT="which," HEIGHT="42" HPOS="1181" ID="ST_379.7.4.23" STYLEREFS="Style_4" VPOS="1324" WIDTH="122" WC="0.90" CC="000000" TAGREFS=""/>
            <SP HPOS="1303" ID="SP_379.7.4.24" VPOS="1324" WIDTH="17"/>
            <String CONTENT="in" HEIGHT="35" HPOS="1320" ID="ST_379.7.4.25" STYLEREFS="Style_4" VPOS="1324" WIDTH="35" WC="0.89" CC="00" TAGREFS=""/>
          </TextLine>
          <TextLine HEIGHT="45" HPOS="139" ID="TL_379.7.5" VPOS="1374" WIDTH="1214">
            <String CONTENT="turn," HEIGHT="35" HPOS="139" ID="ST_379.7.5.1" STYLEREFS="Style_4" VPOS="1379" WIDTH="92" WC="0.74" CC="00000" TAGREFS=""/>
            <SP HPOS="231" ID="SP_379.7.5.2" VPOS="1379" WIDTH="20"/>
            <String CONTENT="set" HEIGHT="29" HPOS="251" ID="ST_379.7.5.3" STYLEREFS="Style_4" VPOS="1379" WIDTH="52" WC="1.00" CC="000" TAGREFS=""/>
            <SP HPOS="303" ID="SP_379.7.5.4" VPOS="1374" WIDTH="19"/>
            <String CONTENT="the" HEIGHT="35" HPOS="322" ID="ST_379.7.5.5" STYLEREFS="Style_4" VPOS="1374" WIDTH="59" WC="1.00" CC="000" TAGREFS=""/>
            <SP HPOS="381" ID="SP_379.7.5.6" VPOS="1374" WIDTH="18"/>
            <String CONTENT="safety" HEIGHT="45" HPOS="399" ID="ST_379.7.5.7" STYLEREFS="Style_4" VPOS="1374" WIDTH="113" WC="0.95" CC="000000" TAGREFS=""/>
            <SP HPOS="512" ID="SP_379.7.5.8" VPOS="1374" WIDTH="20"/>
            <String CONTENT="brakes" HEIGHT="35" HPOS="532" ID="ST_379.7.5.9" STYLEREFS="Style_4" VPOS="1374" WIDTH="124" WC="0.97" CC="000000" TAGREFS=""/>
            <SP HPOS="656" ID="SP_379.7.5.10" VPOS="1374" WIDTH="20"/>
            <String CONTENT="and" HEIGHT="35" HPOS="676" ID="ST_379.7.5.11" STYLEREFS="Style_4" VPOS="1374" WIDTH="69" WC="0.77" CC="000" TAGREFS=""/>
            <SP HPOS="745" ID="SP_379.7.5.12" VPOS="1374" WIDTH="19"/>
            <String CONTENT="suddenly" HEIGHT="45" HPOS="764" ID="ST_379.7.5.13" STYLEREFS="Style_4" VPOS="1374" WIDTH="169" WC="0.91" CC="00000000" TAGREFS=""/>
            <SP HPOS="933" ID="SP_379.7.5.14" VPOS="1375" WIDTH="18"/>
            <String CONTENT="stopped" HEIGHT="44" HPOS="951" ID="ST_379.7.5.15" STYLEREFS="Style_4" VPOS="1375" WIDTH="145" WC="0.98" CC="0000000" TAGREFS=""/>
            <SP HPOS="1096" ID="SP_379.7.5.16" VPOS="1375" WIDTH="19"/>
            <String CONTENT="the" HEIGHT="35" HPOS="1115" ID="ST_379.7.5.17" STYLEREFS="Style_4" VPOS="1375" WIDTH="60" WC="1.00" CC="000" TAGREFS=""/>
            <SP HPOS="1175" ID="SP_379.7.5.18" VPOS="1375" WIDTH="18"/>
            <String CONTENT="elevator." HEIGHT="35" HPOS="1193" ID="ST_379.7.5.19" STYLEREFS="Style_4" VPOS="1375" WIDTH="160" WC="0.89" CC="000000000" TAGREFS=""/>
          </TextLine>
        </TextBlock>
        <TextBlock HEIGHT="390.0" HPOS="140.0" ID="BL_379.8" TAGREFS="b379-8" VPOS="1501.0" WIDTH="1216.0">
          <TextLine HEIGHT="44" HPOS="232" ID="TL_379.8.1" VPOS="1501" WIDTH="1124">
            <String CONTENT="Essentially" HEIGHT="44" HPOS="232" ID="ST_379.8.1.1" STYLEREFS="Style_4" VPOS="1501" WIDTH="207" WC="0.86" CC="00000000000" TAGREFS=""/>
            <SP HPOS="439" ID="SP_379.8.1.2" VPOS="1501" WIDTH="25"/>
            <String CONTENT="Otis’" HEIGHT="35" HPOS="464" ID="ST_379.8.1.3" STYLEREFS="Style_4" VPOS="1501" WIDTH="89" WC="0.90" CC="00000" TAGREFS=""/>
            <SP HPOS="553" ID="SP_379.8.1.4" VPOS="1501" WIDTH="27"/>
            <String CONTENT="defense" HEIGHT="35" HPOS="580" ID="ST_379.8.1.5" STYLEREFS="Style_4" VPOS="1501" WIDTH="143" WC="0.91" CC="0000000" TAGREFS=""/>
            <SP HPOS="723" ID="SP_379.8.1.6" VPOS="1513" WIDTH="24"/>
            <String CONTENT="was" HEIGHT="23" HPOS="747" ID="ST_379.8.1.7" STYLEREFS="Style_4" VPOS="1513" WIDTH="70" WC="1.00" CC="000" TAGREFS=""/>
            <SP HPOS="817" ID="SP_379.8.1.8" VPOS="1502" WIDTH="25"/>
            <String CONTENT="that" HEIGHT="34" HPOS="842" ID="ST_379.8.1.9" STYLEREFS="Style_4" VPOS="1502" WIDTH="77" WC="0.91" CC="0000" TAGREFS=""/>
            <SP HPOS="919" ID="SP_379.8.1.10" VPOS="1502" WIDTH="25"/>
            <String CONTENT="the" HEIGHT="34" HPOS="944" ID="ST_379.8.1.11" STYLEREFS="Style_4" VPOS="1502" WIDTH="60" WC="0.95" CC="000" TAGREFS=""/>
            <SP HPOS="1004" ID="SP_379.8.1.12" VPOS="1502" WIDTH="25"/>
            <String CONTENT="accident" HEIGHT="35" HPOS="1029" ID="ST_379.8.1.13" STYLEREFS="Style_4" VPOS="1502" WIDTH="159" WC="0.85" CC="00000000" TAGREFS=""/>
            <SP HPOS="1188" ID="SP_379.8.1.14" VPOS="1501" WIDTH="24"/>
            <String CONTENT="did" HEIGHT="35" HPOS="1212" ID="ST_379.8.1.15" STYLEREFS="Style_4" VPOS="1501" WIDTH="59" WC="0.65" CC="000" TAGREFS=""/>
            <SP HPOS="1271" ID="SP_379.8.1.16" VPOS="1507" WIDTH="26"/>
            <String CONTENT="not" HEIGHT="30" HPOS="1297" ID="ST_379.8.1.17" STYLEREFS="Style_4" VPOS="1507" WIDTH="59" WC="1.00" CC="000" TAGREFS=""/>
          </TextLine>
          <TextLine HEIGHT="46" HPOS="140" ID="TL_379.8.2" VPOS="1550" WIDTH="1216">
            <String CONTENT="happen" HEIGHT="43" HPOS="140" ID="ST_379.8.2.1" STYLEREFS="Style_4" VPOS="1551" WIDTH="138" WC="0.96" CC="000000" TAGREFS=""/>
            <SP HPOS="278" ID="SP_379.8.2.2" VPOS="1562" WIDTH="21"/>
            <String CONTENT="as" HEIGHT="23" HPOS="299" ID="ST_379.8.2.3" STYLEREFS="Style_4" VPOS="1562" WIDTH="38" WC="1.00" CC="00" TAGREFS=""/>
            <SP HPOS="337" ID="SP_379.8.2.4" VPOS="1550" WIDTH="20"/>
            <String CONTENT="described," HEIGHT="42" HPOS="357" ID="ST_379.8.2.5" STYLEREFS="Style_4" VPOS="1550" WIDTH="191" WC="0.90" CC="0000000000" TAGREFS=""/>
            <SP HPOS="548" ID="SP_379.8.2.6" VPOS="1551" WIDTH="21"/>
            <String CONTENT="and" HEIGHT="34" HPOS="569" ID="ST_379.8.2.7" STYLEREFS="Style_4" VPOS="1551" WIDTH="69" WC="0.94" CC="000" TAGREFS=""/>
            <SP HPOS="638" ID="SP_379.8.2.8" VPOS="1551" WIDTH="20"/>
            <String CONTENT="if" HEIGHT="35" HPOS="658" ID="ST_379.8.2.9" STYLEREFS="Style_4" VPOS="1551" WIDTH="30" WC="0.99" CC="00" TAGREFS=""/>
            <SP HPOS="688" ID="SP_379.8.2.10" VPOS="1551" WIDTH="17"/>
            <String CONTENT="it" HEIGHT="35" HPOS="705" ID="ST_379.8.2.11" STYLEREFS="Style_4" VPOS="1551" WIDTH="27" WC="1.00" CC="00" TAGREFS=""/>
            <SP HPOS="732" ID="SP_379.8.2.12" VPOS="1551" WIDTH="19"/>
            <String CONTENT="did," HEIGHT="42" HPOS="751" ID="ST_379.8.2.13" STYLEREFS="Style_4" VPOS="1551" WIDTH="70" WC="0.93" CC="0000" TAGREFS=""/>
            <SP HPOS="821" ID="SP_379.8.2.14" VPOS="1551" WIDTH="21"/>
            <String CONTENT="there" HEIGHT="35" HPOS="842" ID="ST_379.8.2.15" STYLEREFS="Style_4" VPOS="1551" WIDTH="98" WC="0.89" CC="00000" TAGREFS=""/>
            <SP HPOS="940" ID="SP_379.8.2.16" VPOS="1563" WIDTH="19"/>
            <String CONTENT="was" HEIGHT="23" HPOS="959" ID="ST_379.8.2.17" STYLEREFS="Style_4" VPOS="1563" WIDTH="70" WC="1.00" CC="000" TAGREFS=""/>
            <SP HPOS="1029" ID="SP_379.8.2.18" VPOS="1563" WIDTH="21"/>
            <String CONTENT="no" HEIGHT="24" HPOS="1050" ID="ST_379.8.2.19" STYLEREFS="Style_4" VPOS="1563" WIDTH="44" WC="0.66" CC="00" TAGREFS=""/>
            <SP HPOS="1094" ID="SP_379.8.2.20" VPOS="1551" WIDTH="20"/>
            <String CONTENT="proof" HEIGHT="45" HPOS="1114" ID="ST_379.8.2.21" STYLEREFS="Style_4" VPOS="1551" WIDTH="102" WC="0.83" CC="00000" TAGREFS=""/>
            <SP HPOS="1216" ID="SP_379.8.2.22" VPOS="1551" WIDTH="16"/>
            <String CONTENT="of" HEIGHT="35" HPOS="1232" ID="ST_379.8.2.23" STYLEREFS="Style_4" VPOS="1551" WIDTH="39" WC="0.94" CC="00" TAGREFS=""/>
            <SP HPOS="1271" ID="SP_379.8.2.24" VPOS="1563" WIDTH="17"/>
            <String CONTENT="any" HEIGHT="33" HPOS="1288" ID="ST_379.8.2.25" STYLEREFS="Style_4" VPOS="1563" WIDTH="68" WC="0.92" CC="000" TAGREFS=""/>
          </TextLine>
          <TextLine HEIGHT="45" HPOS="141" ID="TL_379.8.3" VPOS="1600" WIDTH="1214">
            <String CONTENT="negligence" HEIGHT="43" HPOS="141" ID="ST_379.8.3.1" STYLEREFS="Style_4" VPOS="1600" WIDTH="201" WC="0.97" CC="0000000000" TAGREFS=""/>
            <SP HPOS="342" ID="SP_379.8.3.2" VPOS="1601" WIDTH="13"/>
            <String CONTENT="by" HEIGHT="43" HPOS="355" ID="ST_379.8.3.3" STYLEREFS="Style_4" VPOS="1601" WIDTH="45" WC="0.78" CC="00" TAGREFS=""/>
            <SP HPOS="400" ID="SP_379.8.3.4" VPOS="1601" WIDTH="14"/>
            <String CONTENT="Otis" HEIGHT="35" HPOS="414" ID="ST_379.8.3.5" STYLEREFS="Style_4" VPOS="1601" WIDTH="77" WC="0.87" CC="0000" TAGREFS=""/>
            <SP HPOS="491" ID="SP_379.8.3.6" VPOS="1601" WIDTH="13"/>
            <String CONTENT="that" HEIGHT="34" HPOS="504" ID="ST_379.8.3.7" STYLEREFS="Style_4" VPOS="1601" WIDTH="77" WC="0.88" CC="0000" TAGREFS=""/>
            <SP HPOS="581" ID="SP_379.8.3.8" VPOS="1611" WIDTH="13"/>
            <String CONTENT="was" HEIGHT="24" HPOS="594" ID="ST_379.8.3.9" STYLEREFS="Style_4" VPOS="1611" WIDTH="71" WC="0.91" CC="000" TAGREFS=""/>
            <SP HPOS="665" ID="SP_379.8.3.10" VPOS="1612" WIDTH="13"/>
            <String CONTENT="a" HEIGHT="24" HPOS="678" ID="ST_379.8.3.11" STYLEREFS="Style_4" VPOS="1612" WIDTH="21" WC="1.00" CC="0" TAGREFS=""/>
            <SP HPOS="699" ID="SP_379.8.3.12" VPOS="1612" WIDTH="13"/>
            <String CONTENT="cause" HEIGHT="24" HPOS="712" ID="ST_379.8.3.13" STYLEREFS="Style_4" VPOS="1612" WIDTH="105" WC="0.93" CC="00000" TAGREFS=""/>
            <SP HPOS="817" ID="SP_379.8.3.14" VPOS="1601" WIDTH="11"/>
            <String CONTENT="of" HEIGHT="34" HPOS="828" ID="ST_379.8.3.15" STYLEREFS="Style_4" VPOS="1601" WIDTH="40" WC="1.00" CC="00" TAGREFS=""/>
            <SP HPOS="868" ID="SP_379.8.3.16" VPOS="1601" WIDTH="9"/>
            <String CONTENT="the" HEIGHT="34" HPOS="877" ID="ST_379.8.3.17" STYLEREFS="Style_4" VPOS="1601" WIDTH="60" WC="1.00" CC="000" TAGREFS=""/>
            <SP HPOS="937" ID="SP_379.8.3.18" VPOS="1601" WIDTH="13"/>
            <String CONTENT="accident." HEIGHT="35" HPOS="950" ID="ST_379.8.3.19" STYLEREFS="Style_4" VPOS="1601" WIDTH="169" WC="0.89" CC="000000000" TAGREFS=""/>
            <SP HPOS="1119" ID="SP_379.8.3.20" VPOS="1602" WIDTH="15"/>
            <String CONTENT="Otis" HEIGHT="34" HPOS="1134" ID="ST_379.8.3.21" STYLEREFS="Style_4" VPOS="1602" WIDTH="78" WC="0.87" CC="0000" TAGREFS=""/>
            <SP HPOS="1212" ID="SP_379.8.3.22" VPOS="1602" WIDTH="13"/>
            <String CONTENT="argued" HEIGHT="43" HPOS="1225" ID="ST_379.8.3.23" STYLEREFS="Style_4" VPOS="1602" WIDTH="130" WC="1.00" CC="000000" TAGREFS=""/>
          </TextLine>
          <TextLine HEIGHT="44" HPOS="141" ID="TL_379.8.4" VPOS="1650" WIDTH="1215">
            <String CONTENT="below" HEIGHT="35" HPOS="141" ID="ST_379.8.4.1" STYLEREFS="Style_4" VPOS="1650" WIDTH="110" WC="0.99" CC="00000" TAGREFS=""/>
            <SP HPOS="251" ID="SP_379.8.4.2" VPOS="1650" WIDTH="16"/>
            <String CONTENT="and" HEIGHT="34" HPOS="267" ID="ST_379.8.4.3" STYLEREFS="Style_4" VPOS="1650" WIDTH="69" WC="0.93" CC="000" TAGREFS=""/>
            <SP HPOS="336" ID="SP_379.8.4.4" VPOS="1661" WIDTH="16"/>
            <String CONTENT="on" HEIGHT="24" HPOS="352" ID="ST_379.8.4.5" STYLEREFS="Style_4" VPOS="1661" WIDTH="43" WC="0.86" CC="00" TAGREFS=""/>
            <SP HPOS="395" ID="SP_379.8.4.6" VPOS="1650" WIDTH="17"/>
            <String CONTENT="appeal" HEIGHT="44" HPOS="412" ID="ST_379.8.4.7" STYLEREFS="Style_4" VPOS="1650" WIDTH="123" WC="0.87" CC="000000" TAGREFS=""/>
            <SP HPOS="535" ID="SP_379.8.4.8" VPOS="1650" WIDTH="16"/>
            <String CONTENT="that" HEIGHT="35" HPOS="551" ID="ST_379.8.4.9" STYLEREFS="Style_4" VPOS="1650" WIDTH="77" WC="1.00" CC="0000" TAGREFS=""/>
            <SP HPOS="628" ID="SP_379.8.4.10" VPOS="1650" WIDTH="16"/>
            <String CONTENT="if" HEIGHT="35" HPOS="644" ID="ST_379.8.4.11" STYLEREFS="Style_4" VPOS="1650" WIDTH="30" WC="1.00" CC="00" TAGREFS=""/>
            <SP HPOS="674" ID="SP_379.8.4.12" VPOS="1651" WIDTH="13"/>
            <String CONTENT="the" HEIGHT="34" HPOS="687" ID="ST_379.8.4.13" STYLEREFS="Style_4" VPOS="1651" WIDTH="59" WC="0.98" CC="000" TAGREFS=""/>
            <SP HPOS="746" ID="SP_379.8.4.14" VPOS="1650" WIDTH="15"/>
            <String CONTENT="accident" HEIGHT="36" HPOS="761" ID="ST_379.8.4.15" STYLEREFS="Style_4" VPOS="1650" WIDTH="159" WC="1.00" CC="00000000" TAGREFS=""/>
            <SP HPOS="920" ID="SP_379.8.4.16" VPOS="1659" WIDTH="15"/>
            <String CONTENT="was" HEIGHT="26" HPOS="935" ID="ST_379.8.4.17" STYLEREFS="Style_4" VPOS="1659" WIDTH="70" WC="0.71" CC="000" TAGREFS=""/>
            <SP HPOS="1005" ID="SP_379.8.4.18" VPOS="1651" WIDTH="16"/>
            <String CONTENT="caused" HEIGHT="35" HPOS="1021" ID="ST_379.8.4.19" STYLEREFS="Style_4" VPOS="1651" WIDTH="128" WC="0.94" CC="000000" TAGREFS=""/>
            <SP HPOS="1149" ID="SP_379.8.4.20" VPOS="1651" WIDTH="17"/>
            <String CONTENT="by" HEIGHT="43" HPOS="1166" ID="ST_379.8.4.21" STYLEREFS="Style_4" VPOS="1651" WIDTH="44" WC="0.92" CC="00" TAGREFS=""/>
            <SP HPOS="1210" ID="SP_379.8.4.22" VPOS="1662" WIDTH="16"/>
            <String CONTENT="a" HEIGHT="23" HPOS="1226" ID="ST_379.8.4.23" STYLEREFS="Style_4" VPOS="1662" WIDTH="20" WC="1.00" CC="0" TAGREFS=""/>
            <SP HPOS="1246" ID="SP_379.8.4.24" VPOS="1662" WIDTH="16"/>
            <String CONTENT="worn" HEIGHT="24" HPOS="1262" ID="ST_379.8.4.25" STYLEREFS="Style_4" VPOS="1662" WIDTH="94" WC="0.85" CC="0000" TAGREFS=""/>
          </TextLine>
          <TextLine HEIGHT="41" HPOS="140" ID="TL_379.8.5" VPOS="1699" WIDTH="1216">
            <String CONTENT="drive" HEIGHT="35" HPOS="140" ID="ST_379.8.5.1" STYLEREFS="Style_4" VPOS="1699" WIDTH="96" WC="0.99" CC="00000" TAGREFS=""/>
            <SP HPOS="236" ID="SP_379.8.5.2" VPOS="1700" WIDTH="14"/>
            <String CONTENT="sheave," HEIGHT="40" HPOS="250" ID="ST_379.8.5.3" STYLEREFS="Style_4" VPOS="1700" WIDTH="135" WC="0.86" CC="0000000" TAGREFS=""/>
            <SP HPOS="385" ID="SP_379.8.5.4" VPOS="1700" WIDTH="15"/>
            <String CONTENT="the" HEIGHT="34" HPOS="400" ID="ST_379.8.5.5" STYLEREFS="Style_4" VPOS="1700" WIDTH="58" WC="1.00" CC="000" TAGREFS=""/>
            <SP HPOS="458" ID="SP_379.8.5.6" VPOS="1700" WIDTH="14"/>
            <String CONTENT="elevator" HEIGHT="35" HPOS="472" ID="ST_379.8.5.7" STYLEREFS="Style_4" VPOS="1700" WIDTH="152" WC="0.93" CC="00000000" TAGREFS=""/>
            <SP HPOS="624" ID="SP_379.8.5.8" VPOS="1700" WIDTH="13"/>
            <String CONTENT="would" HEIGHT="34" HPOS="637" ID="ST_379.8.5.9" STYLEREFS="Style_4" VPOS="1700" WIDTH="114" WC="0.97" CC="00000" TAGREFS=""/>
            <SP HPOS="751" ID="SP_379.8.5.10" VPOS="1701" WIDTH="14"/>
            <String CONTENT="rise" HEIGHT="34" HPOS="765" ID="ST_379.8.5.11" STYLEREFS="Style_4" VPOS="1701" WIDTH="67" WC="1.00" CC="0000" TAGREFS=""/>
            <SP HPOS="832" ID="SP_379.8.5.12" VPOS="1700" WIDTH="13"/>
            <String CONTENT="instead" HEIGHT="34" HPOS="845" ID="ST_379.8.5.13" STYLEREFS="Style_4" VPOS="1700" WIDTH="135" WC="1.00" CC="0000000" TAGREFS=""/>
            <SP HPOS="980" ID="SP_379.8.5.14" VPOS="1700" WIDTH="14"/>
            <String CONTENT="of" HEIGHT="34" HPOS="994" ID="ST_379.8.5.15" STYLEREFS="Style_4" VPOS="1700" WIDTH="40" WC="0.98" CC="00" TAGREFS=""/>
            <SP HPOS="1034" ID="SP_379.8.5.16" VPOS="1700" WIDTH="10"/>
            <String CONTENT="fall." HEIGHT="35" HPOS="1044" ID="ST_379.8.5.17" STYLEREFS="Style_4" VPOS="1700" WIDTH="73" WC="0.80" CC="00000" TAGREFS=""/>
            <SP HPOS="1117" ID="SP_379.8.5.18" VPOS="1700" WIDTH="15"/>
            <String CONTENT="Otis" HEIGHT="35" HPOS="1132" ID="ST_379.8.5.19" STYLEREFS="Style_4" VPOS="1700" WIDTH="79" WC="0.72" CC="0000" TAGREFS=""/>
            <SP HPOS="1211" ID="SP_379.8.5.20" VPOS="1701" WIDTH="14"/>
            <String CONTENT="offered" HEIGHT="34" HPOS="1225" ID="ST_379.8.5.21" STYLEREFS="Style_4" VPOS="1701" WIDTH="131" WC="0.76" CC="0090000" TAGREFS=""/>
          </TextLine>
          <TextLine HEIGHT="44" HPOS="141" ID="TL_379.8.6" VPOS="1749" WIDTH="1215">
            <String CONTENT="no" HEIGHT="23" HPOS="141" ID="ST_379.8.6.1" STYLEREFS="Style_4" VPOS="1760" WIDTH="44" WC="1.00" CC="00" TAGREFS=""/>
            <SP HPOS="185" ID="SP_379.8.6.2" VPOS="1754" WIDTH="9"/>
            <String CONTENT="expert" HEIGHT="38" HPOS="194" ID="ST_379.8.6.3" STYLEREFS="Style_4" VPOS="1754" WIDTH="119" WC="0.94" CC="000000" TAGREFS=""/>
            <SP HPOS="313" ID="SP_379.8.6.4" VPOS="1749" WIDTH="9"/>
            <String CONTENT="testimony" HEIGHT="44" HPOS="322" ID="ST_379.8.6.5" STYLEREFS="Style_4" VPOS="1749" WIDTH="185" WC="0.94" CC="000000000" TAGREFS=""/>
            <SP HPOS="507" ID="SP_379.8.6.6" VPOS="1749" WIDTH="9"/>
            <String CONTENT="below" HEIGHT="34" HPOS="516" ID="ST_379.8.6.7" STYLEREFS="Style_4" VPOS="1749" WIDTH="109" WC="0.98" CC="00000" TAGREFS=""/>
            <SP HPOS="625" ID="SP_379.8.6.8" VPOS="1760" WIDTH="9"/>
            <String CONTENT="on" HEIGHT="23" HPOS="634" ID="ST_379.8.6.9" STYLEREFS="Style_4" VPOS="1760" WIDTH="44" WC="0.85" CC="00" TAGREFS=""/>
            <SP HPOS="678" ID="SP_379.8.6.10" VPOS="1749" WIDTH="9"/>
            <String CONTENT="this" HEIGHT="35" HPOS="687" ID="ST_379.8.6.11" STYLEREFS="Style_4" VPOS="1749" WIDTH="68" WC="0.92" CC="0000" TAGREFS=""/>
            <SP HPOS="755" ID="SP_379.8.6.12" VPOS="1749" WIDTH="9"/>
            <String CONTENT="question" HEIGHT="44" HPOS="764" ID="ST_379.8.6.13" STYLEREFS="Style_4" VPOS="1749" WIDTH="158" WC="0.96" CC="00000000" TAGREFS=""/>
            <SP HPOS="922" ID="SP_379.8.6.14" VPOS="1749" WIDTH="9"/>
            <String CONTENT="and" HEIGHT="35" HPOS="931" ID="ST_379.8.6.15" STYLEREFS="Style_4" VPOS="1749" WIDTH="69" WC="0.98" CC="000" TAGREFS=""/>
            <SP HPOS="1000" ID="SP_379.8.6.16" VPOS="1750" WIDTH="9"/>
            <String CONTENT="asks" HEIGHT="34" HPOS="1009" ID="ST_379.8.6.17" STYLEREFS="Style_4" VPOS="1750" WIDTH="79" WC="1.00" CC="0000" TAGREFS=""/>
            <SP HPOS="1088" ID="SP_379.8.6.18" VPOS="1761" WIDTH="9"/>
            <String CONTENT="us" HEIGHT="23" HPOS="1097" ID="ST_379.8.6.19" STYLEREFS="Style_4" VPOS="1761" WIDTH="40" WC="0.68" CC="00" TAGREFS=""/>
            <SP HPOS="1137" ID="SP_379.8.6.20" VPOS="1755" WIDTH="9"/>
            <String CONTENT="to" HEIGHT="30" HPOS="1146" ID="ST_379.8.6.21" STYLEREFS="Style_4" VPOS="1755" WIDTH="36" WC="1.00" CC="00" TAGREFS=""/>
            <SP HPOS="1182" ID="SP_379.8.6.22" VPOS="1750" WIDTH="8"/>
            <String CONTENT="hold" HEIGHT="34" HPOS="1190" ID="ST_379.8.6.23" STYLEREFS="Style_4" VPOS="1750" WIDTH="81" WC="0.89" CC="0000" TAGREFS=""/>
            <SP HPOS="1271" ID="SP_379.8.6.24" VPOS="1750" WIDTH="9"/>
            <String CONTENT="that" HEIGHT="34" HPOS="1280" ID="ST_379.8.6.25" STYLEREFS="Style_4" VPOS="1750" WIDTH="76" WC="1.00" CC="0000" TAGREFS=""/>
          </TextLine>
          <TextLine HEIGHT="46" HPOS="140" ID="TL_379.8.7" VPOS="1796" WIDTH="1216">
            <String CONTENT="because" HEIGHT="34" HPOS="140" ID="ST_379.8.7.1" STYLEREFS="Style_4" VPOS="1798" WIDTH="150" WC="0.98" CC="0000000" TAGREFS=""/>
            <SP HPOS="290" ID="SP_379.8.7.2" VPOS="1797" WIDTH="18"/>
            <String CONTENT="of" HEIGHT="35" HPOS="308" ID="ST_379.8.7.3" STYLEREFS="Style_4" VPOS="1797" WIDTH="39" WC="1.00" CC="00" TAGREFS=""/>
            <SP HPOS="347" ID="SP_379.8.7.4" VPOS="1796" WIDTH="15"/>
            <String CONTENT="logic" HEIGHT="45" HPOS="362" ID="ST_379.8.7.5" STYLEREFS="Style_4" VPOS="1796" WIDTH="89" WC="0.84" CC="00000" TAGREFS=""/>
            <SP HPOS="451" ID="SP_379.8.7.6" VPOS="1798" WIDTH="18"/>
            <String CONTENT="and" HEIGHT="35" HPOS="469" ID="ST_379.8.7.7" STYLEREFS="Style_4" VPOS="1798" WIDTH="68" WC="0.99" CC="000" TAGREFS=""/>
            <SP HPOS="537" ID="SP_379.8.7.8" VPOS="1798" WIDTH="19"/>
            <String CONTENT="the" HEIGHT="34" HPOS="556" ID="ST_379.8.7.9" STYLEREFS="Style_4" VPOS="1798" WIDTH="59" WC="0.88" CC="000" TAGREFS=""/>
            <SP HPOS="615" ID="SP_379.8.7.10" VPOS="1798" WIDTH="18"/>
            <String CONTENT="law" HEIGHT="35" HPOS="633" ID="ST_379.8.7.11" STYLEREFS="Style_4" VPOS="1798" WIDTH="66" WC="1.00" CC="000" TAGREFS=""/>
            <SP HPOS="699" ID="SP_379.8.7.12" VPOS="1798" WIDTH="17"/>
            <String CONTENT="of" HEIGHT="35" HPOS="716" ID="ST_379.8.7.13" STYLEREFS="Style_4" VPOS="1798" WIDTH="40" WC="1.00" CC="00" TAGREFS=""/>
            <SP HPOS="756" ID="SP_379.8.7.14" VPOS="1799" WIDTH="15"/>
            <String CONTENT="physics" HEIGHT="43" HPOS="771" ID="ST_379.8.7.15" STYLEREFS="Style_4" VPOS="1799" WIDTH="136" WC="0.93" CC="0000000" TAGREFS=""/>
            <SP HPOS="907" ID="SP_379.8.7.16" VPOS="1799" WIDTH="18"/>
            <String CONTENT="there" HEIGHT="34" HPOS="925" ID="ST_379.8.7.17" STYLEREFS="Style_4" VPOS="1799" WIDTH="98" WC="1.00" CC="00000" TAGREFS=""/>
            <SP HPOS="1023" ID="SP_379.8.7.18" VPOS="1799" WIDTH="18"/>
            <String CONTENT="is" HEIGHT="34" HPOS="1041" ID="ST_379.8.7.19" STYLEREFS="Style_4" VPOS="1799" WIDTH="28" WC="0.99" CC="00" TAGREFS=""/>
            <SP HPOS="1069" ID="SP_379.8.7.20" VPOS="1810" WIDTH="18"/>
            <String CONTENT="no" HEIGHT="24" HPOS="1087" ID="ST_379.8.7.21" STYLEREFS="Style_4" VPOS="1810" WIDTH="44" WC="0.86" CC="00" TAGREFS=""/>
            <SP HPOS="1131" ID="SP_379.8.7.22" VPOS="1799" WIDTH="18"/>
            <String CONTENT="substantial" HEIGHT="35" HPOS="1149" ID="ST_379.8.7.23" STYLEREFS="Style_4" VPOS="1799" WIDTH="207" WC="0.90" CC="00000000000" TAGREFS=""/>
          </TextLine>
          <TextLine HEIGHT="45" HPOS="141" ID="TL_379.8.8" VPOS="1846" WIDTH="621">
            <String CONTENT="evidence" HEIGHT="36" HPOS="141" ID="ST_379.8.8.1" STYLEREFS="Style_4" VPOS="1846" WIDTH="164" WC="0.83" CC="00000000" TAGREFS=""/>
            <SP HPOS="305" ID="SP_379.8.8.2" VPOS="1852" WIDTH="19"/>
            <String CONTENT="to" HEIGHT="29" HPOS="324" ID="ST_379.8.8.3" STYLEREFS="Style_4" VPOS="1852" WIDTH="36" WC="1.00" CC="00" TAGREFS=""/>
            <SP HPOS="360" ID="SP_379.8.8.4" VPOS="1852" WIDTH="20"/>
            <String CONTENT="support" HEIGHT="39" HPOS="380" ID="ST_379.8.8.5" STYLEREFS="Style_4" VPOS="1852" WIDTH="142" WC="1.00" CC="0000000" TAGREFS=""/>
            <SP HPOS="522" ID="SP_379.8.8.6" VPOS="1847" WIDTH="20"/>
            <String CONTENT="the" HEIGHT="34" HPOS="542" ID="ST_379.8.8.7" STYLEREFS="Style_4" VPOS="1847" WIDTH="60" WC="1.00" CC="000" TAGREFS=""/>
            <SP HPOS="602" ID="SP_379.8.8.8" VPOS="1848" WIDTH="18"/>
            <String CONTENT="verdict." HEIGHT="34" HPOS="620" ID="ST_379.8.8.9" STYLEREFS="Style_4" VPOS="1848" WIDTH="142" WC="1.00" CC="00000000" TAGREFS=""/>
          </TextLine>
        </TextBlock>
        <TextBlock HEIGHT="494.0" HPOS="140.0" ID="BL_379.9" TAGREFS="b379-9" VPOS="1973.0" WIDTH="1220.0">
          <TextLine HEIGHT="47" HPOS="234" ID="TL_379.9.1" VPOS="1973" WIDTH="1122">
            <String CONTENT="We" HEIGHT="35" HPOS="374" ID="ST_379.9.1.3" STYLEREFS="Style_4" VPOS="1975" WIDTH="65" WC="1.00" CC="00" TAGREFS=""/>
            <SP HPOS="439" ID="SP_379.9.1.4" VPOS="1986" WIDTH="12"/>
            <String CONTENT="are" HEIGHT="24" HPOS="451" ID="ST_379.9.1.5" STYLEREFS="Style_4" VPOS="1986" WIDTH="60" WC="0.99" CC="000" TAGREFS=""/>
            <SP HPOS="511" ID="SP_379.9.1.6" VPOS="1979" WIDTH="13"/>
            <String CONTENT="not," HEIGHT="37" HPOS="524" ID="ST_379.9.1.7" STYLEREFS="Style_4" VPOS="1979" WIDTH="71" WC="0.79" CC="0000" TAGREFS=""/>
            <SP HPOS="595" ID="SP_379.9.1.8" VPOS="1974" WIDTH="14"/>
            <String CONTENT="of" HEIGHT="36" HPOS="609" ID="ST_379.9.1.9" STYLEREFS="Style_4" VPOS="1974" WIDTH="40" WC="1.00" CC="00" TAGREFS=""/>
            <SP HPOS="649" ID="SP_379.9.1.10" VPOS="1985" WIDTH="9"/>
            <String CONTENT="course," HEIGHT="32" HPOS="658" ID="ST_379.9.1.11" STYLEREFS="Style_4" VPOS="1985" WIDTH="132" WC="0.96" CC="0000000" TAGREFS=""/>
            <SP HPOS="790" ID="SP_379.9.1.12" VPOS="1980" WIDTH="15"/>
            <String CONTENT="experts" HEIGHT="39" HPOS="805" ID="ST_379.9.1.13" STYLEREFS="Style_4" VPOS="1980" WIDTH="135" WC="0.87" CC="0000000" TAGREFS=""/>
            <SP HPOS="940" ID="SP_379.9.1.14" VPOS="1975" WIDTH="14"/>
            <String CONTENT="in" HEIGHT="35" HPOS="954" ID="ST_379.9.1.15" STYLEREFS="Style_4" VPOS="1975" WIDTH="35" WC="0.71" CC="00" TAGREFS=""/>
            <SP HPOS="989" ID="SP_379.9.1.16" VPOS="1975" WIDTH="13"/>
            <String CONTENT="the" HEIGHT="36" HPOS="1002" ID="ST_379.9.1.17" STYLEREFS="Style_4" VPOS="1975" WIDTH="60" WC="0.96" CC="000" TAGREFS=""/>
            <SP HPOS="1062" ID="SP_379.9.1.18" VPOS="1976" WIDTH="13"/>
            <String CONTENT="laws" HEIGHT="35" HPOS="1075" ID="ST_379.9.1.19" STYLEREFS="Style_4" VPOS="1976" WIDTH="83" WC="1.00" CC="0000" TAGREFS=""/>
            <SP HPOS="1158" ID="SP_379.9.1.20" VPOS="1975" WIDTH="13"/>
            <String CONTENT="of" HEIGHT="35" HPOS="1171" ID="ST_379.9.1.21" STYLEREFS="Style_4" VPOS="1975" WIDTH="39" WC="1.00" CC="00" TAGREFS=""/>
            <SP HPOS="1210" ID="SP_379.9.1.22" VPOS="1975" WIDTH="10"/>
            <String CONTENT="physics" HEIGHT="45" HPOS="1220" ID="ST_379.9.1.23" STYLEREFS="Style_4" VPOS="1975" WIDTH="136" WC="0.91" CC="0000000" TAGREFS=""/>
          </TextLine>
          <TextLine HEIGHT="46" HPOS="141" ID="TL_379.9.2" VPOS="2025" WIDTH="1219">
            <String CONTENT="nor" HEIGHT="25" HPOS="141" ID="ST_379.9.2.1" STYLEREFS="Style_4" VPOS="2035" WIDTH="62" WC="0.80" CC="000" TAGREFS=""/>
            <SP HPOS="203" ID="SP_379.9.2.2" VPOS="2035" WIDTH="26"/>
            <String CONTENT="was" HEIGHT="25" HPOS="229" ID="ST_379.9.2.3" STYLEREFS="Style_4" VPOS="2035" WIDTH="70" WC="1.00" CC="000" TAGREFS=""/>
            <SP HPOS="299" ID="SP_379.9.2.4" VPOS="2025" WIDTH="27"/>
            <String CONTENT="the" HEIGHT="35" HPOS="326" ID="ST_379.9.2.5" STYLEREFS="Style_4" VPOS="2025" WIDTH="59" WC="0.91" CC="000" TAGREFS=""/>
            <SP HPOS="385" ID="SP_379.9.2.6" VPOS="2025" WIDTH="21"/>
            <String CONTENT="jury." HEIGHT="45" HPOS="406" ID="ST_379.9.2.7" STYLEREFS="Style_4" VPOS="2025" WIDTH="91" WC="1.00" CC="00000" TAGREFS=""/>
            <SP HPOS="497" ID="SP_379.9.2.8" VPOS="2025" WIDTH="27"/>
            <String CONTENT="Nor" HEIGHT="35" HPOS="524" ID="ST_379.9.2.9" STYLEREFS="Style_4" VPOS="2025" WIDTH="77" WC="1.00" CC="000" TAGREFS=""/>
            <SP HPOS="601" ID="SP_379.9.2.10" VPOS="2036" WIDTH="26"/>
            <String CONTENT="are" HEIGHT="25" HPOS="627" ID="ST_379.9.2.11" STYLEREFS="Style_4" VPOS="2036" WIDTH="60" WC="0.98" CC="000" TAGREFS=""/>
            <SP HPOS="687" ID="SP_379.9.2.12" VPOS="2037" WIDTH="25"/>
            <String CONTENT="we" HEIGHT="24" HPOS="712" ID="ST_379.9.2.13" STYLEREFS="Style_4" VPOS="2037" WIDTH="52" WC="0.98" CC="00" TAGREFS=""/>
            <SP HPOS="764" ID="SP_379.9.2.14" VPOS="2031" WIDTH="25"/>
            <String CONTENT="experts" HEIGHT="40" HPOS="789" ID="ST_379.9.2.15" STYLEREFS="Style_4" VPOS="2031" WIDTH="136" WC="1.00" CC="0000000" TAGREFS=""/>
            <SP HPOS="925" ID="SP_379.9.2.16" VPOS="2026" WIDTH="26"/>
            <String CONTENT="in" HEIGHT="35" HPOS="951" ID="ST_379.9.2.17" STYLEREFS="Style_4" VPOS="2026" WIDTH="35" WC="0.64" CC="00" TAGREFS=""/>
            <SP HPOS="986" ID="SP_379.9.2.18" VPOS="2026" WIDTH="26"/>
            <String CONTENT="the" HEIGHT="35" HPOS="1012" ID="ST_379.9.2.19" STYLEREFS="Style_4" VPOS="2026" WIDTH="60" WC="1.00" CC="000" TAGREFS=""/>
            <SP HPOS="1072" ID="SP_379.9.2.20" VPOS="2026" WIDTH="25"/>
            <String CONTENT="mechanics" HEIGHT="36" HPOS="1097" ID="ST_379.9.2.21" STYLEREFS="Style_4" VPOS="2026" WIDTH="198" WC="0.94" CC="000000000" TAGREFS=""/>
            <SP HPOS="1295" ID="SP_379.9.2.22" VPOS="2026" WIDTH="25"/>
            <String CONTENT="of" HEIGHT="35" HPOS="1320" ID="ST_379.9.2.23" STYLEREFS="Style_4" VPOS="2026" WIDTH="40" WC="1.00" CC="00" TAGREFS=""/>
          </TextLine>
          <TextLine HEIGHT="46" HPOS="141" ID="TL_379.9.3" VPOS="2074" WIDTH="1215">
            <String CONTENT="machinery." HEIGHT="45" HPOS="141" ID="ST_379.9.3.1" STYLEREFS="Style_4" VPOS="2074" WIDTH="212" WC="0.84" CC="0000000000" TAGREFS=""/>
            <SP HPOS="353" ID="SP_379.9.3.2" VPOS="2076" WIDTH="13"/>
            <String CONTENT="We" HEIGHT="35" HPOS="366" ID="ST_379.9.3.3" STYLEREFS="Style_4" VPOS="2076" WIDTH="65" WC="1.00" CC="00" TAGREFS=""/>
            <SP HPOS="431" ID="SP_379.9.3.4" VPOS="2087" WIDTH="10"/>
            <String CONTENT="are" HEIGHT="24" HPOS="441" ID="ST_379.9.3.5" STYLEREFS="Style_4" VPOS="2087" WIDTH="60" WC="1.00" CC="000" TAGREFS=""/>
            <SP HPOS="501" ID="SP_379.9.3.6" VPOS="2076" WIDTH="10"/>
            <String CONTENT="supposed" HEIGHT="44" HPOS="511" ID="ST_379.9.3.7" STYLEREFS="Style_4" VPOS="2076" WIDTH="172" WC="0.99" CC="00000000" TAGREFS=""/>
            <SP HPOS="683" ID="SP_379.9.3.8" VPOS="2081" WIDTH="10"/>
            <String CONTENT="to" HEIGHT="30" HPOS="693" ID="ST_379.9.3.9" STYLEREFS="Style_4" VPOS="2081" WIDTH="36" WC="1.00" CC="00" TAGREFS=""/>
            <SP HPOS="729" ID="SP_379.9.3.10" VPOS="2077" WIDTH="11"/>
            <String CONTENT="be" HEIGHT="34" HPOS="740" ID="ST_379.9.3.11" STYLEREFS="Style_4" VPOS="2077" WIDTH="43" WC="1.00" CC="00" TAGREFS=""/>
            <SP HPOS="783" ID="SP_379.9.3.12" VPOS="2082" WIDTH="10"/>
            <String CONTENT="experts" HEIGHT="38" HPOS="793" ID="ST_379.9.3.13" STYLEREFS="Style_4" VPOS="2082" WIDTH="135" WC="1.00" CC="0000000" TAGREFS=""/>
            <SP HPOS="928" ID="SP_379.9.3.14" VPOS="2077" WIDTH="11"/>
            <String CONTENT="in" HEIGHT="34" HPOS="939" ID="ST_379.9.3.15" STYLEREFS="Style_4" VPOS="2077" WIDTH="35" WC="0.68" CC="00" TAGREFS=""/>
            <SP HPOS="974" ID="SP_379.9.3.16" VPOS="2077" WIDTH="11"/>
            <String CONTENT="the" HEIGHT="34" HPOS="985" ID="ST_379.9.3.17" STYLEREFS="Style_4" VPOS="2077" WIDTH="60" WC="1.00" CC="000" TAGREFS=""/>
            <SP HPOS="1045" ID="SP_379.9.3.18" VPOS="2077" WIDTH="10"/>
            <String CONTENT="law," HEIGHT="41" HPOS="1055" ID="ST_379.9.3.19" STYLEREFS="Style_4" VPOS="2077" WIDTH="76" WC="0.99" CC="0000" TAGREFS=""/>
            <SP HPOS="1131" ID="SP_379.9.3.20" VPOS="2076" WIDTH="12"/>
            <String CONTENT="and" HEIGHT="36" HPOS="1143" ID="ST_379.9.3.21" STYLEREFS="Style_4" VPOS="2076" WIDTH="69" WC="0.87" CC="000" TAGREFS=""/>
            <SP HPOS="1212" ID="SP_379.9.3.22" VPOS="2077" WIDTH="10"/>
            <String CONTENT="the" HEIGHT="34" HPOS="1222" ID="ST_379.9.3.23" STYLEREFS="Style_4" VPOS="2077" WIDTH="59" WC="1.00" CC="000" TAGREFS=""/>
            <SP HPOS="1281" ID="SP_379.9.3.24" VPOS="2077" WIDTH="10"/>
            <String CONTENT="law" HEIGHT="34" HPOS="1291" ID="ST_379.9.3.25" STYLEREFS="Style_4" VPOS="2077" WIDTH="65" WC="1.00" CC="000" TAGREFS=""/>
          </TextLine>
          <TextLine HEIGHT="44" HPOS="140" ID="TL_379.9.4" VPOS="2125" WIDTH="1217">
            <String CONTENT="is" HEIGHT="34" HPOS="140" ID="ST_379.9.4.1" STYLEREFS="Style_4" VPOS="2125" WIDTH="29" WC="0.97" CC="00" TAGREFS=""/>
            <SP HPOS="169" ID="SP_379.9.4.2" VPOS="2125" WIDTH="12"/>
            <String CONTENT="that" HEIGHT="34" HPOS="181" ID="ST_379.9.4.3" STYLEREFS="Style_4" VPOS="2125" WIDTH="77" WC="0.92" CC="0000" TAGREFS=""/>
            <SP HPOS="258" ID="SP_379.9.4.4" VPOS="2135" WIDTH="11"/>
            <String CONTENT="on" HEIGHT="24" HPOS="269" ID="ST_379.9.4.5" STYLEREFS="Style_4" VPOS="2135" WIDTH="44" WC="0.86" CC="00" TAGREFS=""/>
            <SP HPOS="313" ID="SP_379.9.4.6" VPOS="2126" WIDTH="12"/>
            <String CONTENT="appeal" HEIGHT="43" HPOS="325" ID="ST_379.9.4.7" STYLEREFS="Style_4" VPOS="2126" WIDTH="124" WC="0.93" CC="000000" TAGREFS=""/>
            <SP HPOS="449" ID="SP_379.9.4.8" VPOS="2137" WIDTH="11"/>
            <String CONTENT="we" HEIGHT="23" HPOS="460" ID="ST_379.9.4.9" STYLEREFS="Style_4" VPOS="2137" WIDTH="52" WC="0.83" CC="00" TAGREFS=""/>
            <SP HPOS="512" ID="SP_379.9.4.10" VPOS="2125" WIDTH="9"/>
            <String CONTENT="view" HEIGHT="34" HPOS="521" ID="ST_379.9.4.11" STYLEREFS="Style_4" VPOS="2125" WIDTH="86" WC="0.98" CC="0000" TAGREFS=""/>
            <SP HPOS="607" ID="SP_379.9.4.12" VPOS="2126" WIDTH="11"/>
            <String CONTENT="the" HEIGHT="34" HPOS="618" ID="ST_379.9.4.13" STYLEREFS="Style_4" VPOS="2126" WIDTH="60" WC="0.94" CC="000" TAGREFS=""/>
            <SP HPOS="678" ID="SP_379.9.4.14" VPOS="2126" WIDTH="11"/>
            <String CONTENT="evidence" HEIGHT="35" HPOS="689" ID="ST_379.9.4.15" STYLEREFS="Style_4" VPOS="2126" WIDTH="162" WC="0.80" CC="00000000" TAGREFS=""/>
            <SP HPOS="851" ID="SP_379.9.4.16" VPOS="2126" WIDTH="11"/>
            <String CONTENT="in" HEIGHT="34" HPOS="862" ID="ST_379.9.4.17" STYLEREFS="Style_4" VPOS="2126" WIDTH="36" WC="0.62" CC="00" TAGREFS=""/>
            <SP HPOS="898" ID="SP_379.9.4.18" VPOS="2126" WIDTH="11"/>
            <String CONTENT="the" HEIGHT="34" HPOS="909" ID="ST_379.9.4.19" STYLEREFS="Style_4" VPOS="2126" WIDTH="59" WC="0.86" CC="000" TAGREFS=""/>
            <SP HPOS="968" ID="SP_379.9.4.20" VPOS="2126" WIDTH="11"/>
            <String CONTENT="light" HEIGHT="43" HPOS="979" ID="ST_379.9.4.21" STYLEREFS="Style_4" VPOS="2126" WIDTH="88" WC="0.92" CC="00000" TAGREFS=""/>
            <SP HPOS="1067" ID="SP_379.9.4.22" VPOS="2131" WIDTH="11"/>
            <String CONTENT="most" HEIGHT="30" HPOS="1078" ID="ST_379.9.4.23" STYLEREFS="Style_4" VPOS="2131" WIDTH="91" WC="0.89" CC="0000" TAGREFS=""/>
            <SP HPOS="1169" ID="SP_379.9.4.24" VPOS="2126" WIDTH="11"/>
            <String CONTENT="favorable" HEIGHT="35" HPOS="1180" ID="ST_379.9.4.25" STYLEREFS="Style_4" VPOS="2126" WIDTH="177" WC="0.87" CC="000000000" TAGREFS=""/>
          </TextLine>
          <TextLine HEIGHT="45" HPOS="141" ID="TL_379.9.5" VPOS="2174" WIDTH="1216">
            <String CONTENT="to" HEIGHT="29" HPOS="141" ID="ST_379.9.5.1" STYLEREFS="Style_4" VPOS="2180" WIDTH="36" WC="0.91" CC="00" TAGREFS=""/>
            <SP HPOS="177" ID="SP_379.9.5.2" VPOS="2174" WIDTH="13"/>
            <String CONTENT="the" HEIGHT="34" HPOS="190" ID="ST_379.9.5.3" STYLEREFS="Style_4" VPOS="2174" WIDTH="61" WC="0.81" CC="000" TAGREFS=""/>
            <SP HPOS="251" ID="SP_379.9.5.4" VPOS="2174" WIDTH="12"/>
            <String CONTENT="appellees," HEIGHT="44" HPOS="263" ID="ST_379.9.5.5" STYLEREFS="Style_4" VPOS="2174" WIDTH="183" WC="1.00" CC="0000000000" TAGREFS=""/>
            <SP HPOS="446" ID="SP_379.9.5.6" VPOS="2174" WIDTH="15"/>
            <String CONTENT="and" HEIGHT="35" HPOS="461" ID="ST_379.9.5.7" STYLEREFS="Style_4" VPOS="2174" WIDTH="68" WC="1.00" CC="000" TAGREFS=""/>
            <SP HPOS="529" ID="SP_379.9.5.8" VPOS="2174" WIDTH="14"/>
            <String CONTENT="if" HEIGHT="34" HPOS="543" ID="ST_379.9.5.9" STYLEREFS="Style_4" VPOS="2174" WIDTH="30" WC="1.00" CC="00" TAGREFS=""/>
            <SP HPOS="573" ID="SP_379.9.5.10" VPOS="2175" WIDTH="10"/>
            <String CONTENT="there" HEIGHT="34" HPOS="583" ID="ST_379.9.5.11" STYLEREFS="Style_4" VPOS="2175" WIDTH="99" WC="0.95" CC="00000" TAGREFS=""/>
            <SP HPOS="682" ID="SP_379.9.5.12" VPOS="2175" WIDTH="12"/>
            <String CONTENT="is" HEIGHT="34" HPOS="694" ID="ST_379.9.5.13" STYLEREFS="Style_4" VPOS="2175" WIDTH="28" WC="1.00" CC="00" TAGREFS=""/>
            <SP HPOS="722" ID="SP_379.9.5.14" VPOS="2186" WIDTH="14"/>
            <String CONTENT="any" HEIGHT="33" HPOS="736" ID="ST_379.9.5.15" STYLEREFS="Style_4" VPOS="2186" WIDTH="68" WC="0.78" CC="000" TAGREFS=""/>
            <SP HPOS="804" ID="SP_379.9.5.16" VPOS="2175" WIDTH="13"/>
            <String CONTENT="substantial" HEIGHT="35" HPOS="817" ID="ST_379.9.5.17" STYLEREFS="Style_4" VPOS="2175" WIDTH="208" WC="0.91" CC="00000000000" TAGREFS=""/>
            <SP HPOS="1025" ID="SP_379.9.5.18" VPOS="2176" WIDTH="13"/>
            <String CONTENT="evidence" HEIGHT="34" HPOS="1038" ID="ST_379.9.5.19" STYLEREFS="Style_4" VPOS="2176" WIDTH="163" WC="0.93" CC="00000000" TAGREFS=""/>
            <SP HPOS="1201" ID="SP_379.9.5.20" VPOS="2181" WIDTH="12"/>
            <String CONTENT="at" HEIGHT="29" HPOS="1213" ID="ST_379.9.5.21" STYLEREFS="Style_4" VPOS="2181" WIDTH="36" WC="1.00" CC="00" TAGREFS=""/>
            <SP HPOS="1249" ID="SP_379.9.5.22" VPOS="2176" WIDTH="13"/>
            <String CONTENT="all" HEIGHT="34" HPOS="1262" ID="ST_379.9.5.23" STYLEREFS="Style_4" VPOS="2176" WIDTH="47" WC="0.62" CC="000" TAGREFS=""/>
            <SP HPOS="1309" ID="SP_379.9.5.24" VPOS="2181" WIDTH="13"/>
            <String CONTENT="to" HEIGHT="29" HPOS="1322" ID="ST_379.9.5.25" STYLEREFS="Style_4" VPOS="2181" WIDTH="35" WC="1.00" CC="00" TAGREFS=""/>
          </TextLine>
          <TextLine HEIGHT="44" HPOS="141" ID="TL_379.9.6" VPOS="2224" WIDTH="1217">
            <String CONTENT="support" HEIGHT="39" HPOS="141" ID="ST_379.9.6.1" STYLEREFS="Style_4" VPOS="2229" WIDTH="144" WC="0.91" CC="0000000" TAGREFS=""/>
            <SP HPOS="285" ID="SP_379.9.6.2" VPOS="2235" WIDTH="15"/>
            <String CONTENT="a" HEIGHT="23" HPOS="300" ID="ST_379.9.6.3" STYLEREFS="Style_4" VPOS="2235" WIDTH="20" WC="1.00" CC="0" TAGREFS=""/>
            <SP HPOS="320" ID="SP_379.9.6.4" VPOS="2224" WIDTH="11"/>
            <String CONTENT="jury" HEIGHT="44" HPOS="331" ID="ST_379.9.6.5" STYLEREFS="Style_4" VPOS="2224" WIDTH="81" WC="0.92" CC="0000" TAGREFS=""/>
            <SP HPOS="412" ID="SP_379.9.6.6" VPOS="2224" WIDTH="14"/>
            <String CONTENT="verdict," HEIGHT="41" HPOS="426" ID="ST_379.9.6.7" STYLEREFS="Style_4" VPOS="2224" WIDTH="142" WC="0.90" CC="00000000" TAGREFS=""/>
            <SP HPOS="568" ID="SP_379.9.6.8" VPOS="2224" WIDTH="16"/>
            <String CONTENT="it" HEIGHT="35" HPOS="584" ID="ST_379.9.6.9" STYLEREFS="Style_4" VPOS="2224" WIDTH="26" WC="1.00" CC="00" TAGREFS=""/>
            <SP HPOS="610" ID="SP_379.9.6.10" VPOS="2230" WIDTH="15"/>
            <String CONTENT="must" HEIGHT="29" HPOS="625" ID="ST_379.9.6.11" STYLEREFS="Style_4" VPOS="2230" WIDTH="93" WC="0.81" CC="0000" TAGREFS=""/>
            <SP HPOS="718" ID="SP_379.9.6.12" VPOS="2225" WIDTH="14"/>
            <String CONTENT="stand." HEIGHT="35" HPOS="732" ID="ST_379.9.6.13" STYLEREFS="Style_4" VPOS="2225" WIDTH="112" WC="0.92" CC="000000" TAGREFS=""/>
            <SP HPOS="844" ID="SP_379.9.6.14" VPOS="2226" WIDTH="16"/>
            <String CONTENT="E." HEIGHT="33" HPOS="860" ID="ST_379.9.6.15" STYLEREFS="Style_5" VPOS="2226" WIDTH="42" WC="0.62" CC="00" TAGREFS=""/>
            <SP HPOS="902" ID="SP_379.9.6.16" VPOS="2226" WIDTH="15"/>
            <String CONTENT="I." HEIGHT="33" HPOS="917" ID="ST_379.9.6.17" STYLEREFS="Style_5" VPOS="2226" WIDTH="26" WC="0.39" CC="00" TAGREFS=""/>
            <SP HPOS="943" ID="SP_379.9.6.18" VPOS="2227" WIDTH="16"/>
            <String CONTENT="DuPont" HEIGHT="33" HPOS="959" ID="ST_379.9.6.19" STYLEREFS="Style_5" VPOS="2227" WIDTH="150" WC="0.74" CC="000900" TAGREFS=""/>
            <SP HPOS="1109" ID="SP_379.9.6.20" VPOS="2225" WIDTH="14"/>
            <String CONTENT="de" HEIGHT="35" HPOS="1123" ID="ST_379.9.6.21" STYLEREFS="Style_5" VPOS="2225" WIDTH="44" WC="1.00" CC="00" TAGREFS=""/>
            <SP HPOS="1167" ID="SP_379.9.6.22" VPOS="2226" WIDTH="13"/>
            <String CONTENT="Nemours" HEIGHT="34" HPOS="1180" ID="ST_379.9.6.23" STYLEREFS="Style_5" VPOS="2226" WIDTH="178" WC="0.78" CC="0000009" TAGREFS=""/>
          </TextLine>
          <TextLine HEIGHT="46" HPOS="141" ID="TL_379.9.7" VPOS="2273" WIDTH="1217">
            <String CONTENT="and" HEIGHT="36" HPOS="141" ID="ST_379.9.7.1" STYLEREFS="Style_5" VPOS="2273" WIDTH="74" WC="1.00" CC="000" TAGREFS=""/>
            <SP HPOS="215" ID="SP_379.9.7.2" VPOS="2274" WIDTH="13"/>
            <String CONTENT="Co." HEIGHT="35" HPOS="228" ID="ST_379.9.7.3" STYLEREFS="Style_5" VPOS="2274" WIDTH="61" WC="1.00" CC="000" TAGREFS=""/>
            <SP HPOS="289" ID="SP_379.9.7.4" VPOS="2285" WIDTH="16"/>
            <String CONTENT="v." HEIGHT="24" HPOS="305" ID="ST_379.9.7.5" STYLEREFS="Style_4" VPOS="2285" WIDTH="31" WC="0.73" CC="00" TAGREFS=""/>
            <SP HPOS="336" ID="SP_379.9.7.6" VPOS="2274" WIDTH="15"/>
            <String CONTENT="Dillaha," HEIGHT="42" HPOS="351" ID="ST_379.9.7.7" STYLEREFS="Style_5" VPOS="2274" WIDTH="157" WC="0.90" CC="00900000" TAGREFS=""/>
            <SP HPOS="508" ID="SP_379.9.7.8" VPOS="2275" WIDTH="16"/>
            <String CONTENT="280" HEIGHT="34" HPOS="524" ID="ST_379.9.7.9" STYLEREFS="Style_4" VPOS="2275" WIDTH="69" WC="0.83" CC="000" TAGREFS=""/>
            <SP HPOS="593" ID="SP_379.9.7.10" VPOS="2275" WIDTH="14"/>
            <String CONTENT="Ark." HEIGHT="34" HPOS="607" ID="ST_379.9.7.11" STYLEREFS="Style_4" VPOS="2275" WIDTH="86" WC="0.77" CC="0000" TAGREFS=""/>
            <SP HPOS="693" ID="SP_379.9.7.12" VPOS="2276" WIDTH="15"/>
            <String CONTENT="477," HEIGHT="40" HPOS="708" ID="ST_379.9.7.13" STYLEREFS="Style_4" VPOS="2276" WIDTH="80" WC="0.86" CC="0000" TAGREFS=""/>
            <SP HPOS="788" ID="SP_379.9.7.14" VPOS="2275" WIDTH="16"/>
            <String CONTENT="659" HEIGHT="35" HPOS="804" ID="ST_379.9.7.15" STYLEREFS="Style_4" VPOS="2275" WIDTH="67" WC="0.87" CC="000" TAGREFS=""/>
            <SP HPOS="871" ID="SP_379.9.7.16" VPOS="2273" WIDTH="16"/>
            <String CONTENT="S.W.2d" HEIGHT="36" HPOS="887" ID="ST_379.9.7.17" STYLEREFS="Style_4" VPOS="2273" WIDTH="144" WC="0.73" CC="000000" TAGREFS=""/>
            <SP HPOS="1031" ID="SP_379.9.7.18" VPOS="2276" WIDTH="15"/>
            <String CONTENT="756" HEIGHT="34" HPOS="1046" ID="ST_379.9.7.19" STYLEREFS="Style_4" VPOS="2276" WIDTH="68" WC="0.93" CC="000" TAGREFS=""/>
            <SP HPOS="1114" ID="SP_379.9.7.20" VPOS="2274" WIDTH="17"/>
            <String CONTENT="(1983)." HEIGHT="45" HPOS="1131" ID="ST_379.9.7.21" STYLEREFS="Style_4" VPOS="2274" WIDTH="137" WC="0.78" CC="0000000" TAGREFS=""/>
            <SP HPOS="1268" ID="SP_379.9.7.22" VPOS="2275" WIDTH="15"/>
            <String CONTENT="The" HEIGHT="35" HPOS="1283" ID="ST_379.9.7.23" STYLEREFS="Style_4" VPOS="2275" WIDTH="75" WC="0.88" CC="000" TAGREFS=""/>
          </TextLine>
          <TextLine HEIGHT="47" HPOS="141" ID="TL_379.9.8" VPOS="2322" WIDTH="1217">
            <String CONTENT="weight" HEIGHT="44" HPOS="141" ID="ST_379.9.8.1" STYLEREFS="Style_4" VPOS="2323" WIDTH="128" WC="0.92" CC="000000" TAGREFS=""/>
            <SP HPOS="269" ID="SP_379.9.8.2" VPOS="2329" WIDTH="28"/>
            <String CONTENT="to" HEIGHT="29" HPOS="297" ID="ST_379.9.8.3" STYLEREFS="Style_4" VPOS="2329" WIDTH="36" WC="1.00" CC="00" TAGREFS=""/>
            <SP HPOS="333" ID="SP_379.9.8.4" VPOS="2324" WIDTH="27"/>
            <String CONTENT="be" HEIGHT="35" HPOS="360" ID="ST_379.9.8.5" STYLEREFS="Style_4" VPOS="2324" WIDTH="43" WC="0.98" CC="00" TAGREFS=""/>
            <SP HPOS="403" ID="SP_379.9.8.6" VPOS="2325" WIDTH="27"/>
            <String CONTENT="given" HEIGHT="43" HPOS="430" ID="ST_379.9.8.7" STYLEREFS="Style_4" VPOS="2325" WIDTH="99" WC="0.96" CC="00000" TAGREFS=""/>
            <SP HPOS="529" ID="SP_379.9.8.8" VPOS="2329" WIDTH="28"/>
            <String CONTENT="to" HEIGHT="30" HPOS="557" ID="ST_379.9.8.9" STYLEREFS="Style_4" VPOS="2329" WIDTH="36" WC="1.00" CC="00" TAGREFS=""/>
            <SP HPOS="593" ID="SP_379.9.8.10" VPOS="2325" WIDTH="27"/>
            <String CONTENT="the" HEIGHT="34" HPOS="620" ID="ST_379.9.8.11" STYLEREFS="Style_4" VPOS="2325" WIDTH="60" WC="1.00" CC="000" TAGREFS=""/>
            <SP HPOS="680" ID="SP_379.9.8.12" VPOS="2325" WIDTH="27"/>
            <String CONTENT="testimony" HEIGHT="43" HPOS="707" ID="ST_379.9.8.13" STYLEREFS="Style_4" VPOS="2325" WIDTH="186" WC="0.82" CC="000000000" TAGREFS=""/>
            <SP HPOS="893" ID="SP_379.9.8.14" VPOS="2325" WIDTH="27"/>
            <String CONTENT="by" HEIGHT="44" HPOS="920" ID="ST_379.9.8.15" STYLEREFS="Style_4" VPOS="2325" WIDTH="46" WC="1.00" CC="00" TAGREFS=""/>
            <SP HPOS="966" ID="SP_379.9.8.16" VPOS="2325" WIDTH="27"/>
            <String CONTENT="witnesses" HEIGHT="35" HPOS="993" ID="ST_379.9.8.17" STYLEREFS="Style_4" VPOS="2325" WIDTH="176" WC="0.97" CC="000000000" TAGREFS=""/>
            <SP HPOS="1169" ID="SP_379.9.8.18" VPOS="2325" WIDTH="27"/>
            <String CONTENT="is" HEIGHT="34" HPOS="1196" ID="ST_379.9.8.19" STYLEREFS="Style_4" VPOS="2325" WIDTH="28" WC="1.00" CC="00" TAGREFS=""/>
            <SP HPOS="1224" ID="SP_379.9.8.20" VPOS="2330" WIDTH="27"/>
            <String CONTENT="to" HEIGHT="30" HPOS="1251" ID="ST_379.9.8.21" STYLEREFS="Style_4" VPOS="2330" WIDTH="36" WC="1.00" CC="00" TAGREFS=""/>
            <SP HPOS="1287" ID="SP_379.9.8.22" VPOS="2322" WIDTH="28"/>
            <String CONTENT="be" HEIGHT="38" HPOS="1315" ID="ST_379.9.8.23" STYLEREFS="Style_4" VPOS="2322" WIDTH="43" WC="0.65" CC="00" TAGREFS=""/>
          </TextLine>
          <TextLine HEIGHT="44" HPOS="141" ID="TL_379.9.9" VPOS="2374" WIDTH="1217">
            <String CONTENT="determined" HEIGHT="34" HPOS="141" ID="ST_379.9.9.1" STYLEREFS="Style_4" VPOS="2374" WIDTH="216" WC="0.94" CC="0000000000" TAGREFS=""/>
            <SP HPOS="357" ID="SP_379.9.9.2" VPOS="2374" WIDTH="29"/>
            <String CONTENT="by" HEIGHT="44" HPOS="386" ID="ST_379.9.9.3" STYLEREFS="Style_4" VPOS="2374" WIDTH="45" WC="1.00" CC="00" TAGREFS=""/>
            <SP HPOS="431" ID="SP_379.9.9.4" VPOS="2375" WIDTH="27"/>
            <String CONTENT="the" HEIGHT="34" HPOS="458" ID="ST_379.9.9.5" STYLEREFS="Style_4" VPOS="2375" WIDTH="59" WC="0.65" CC="000" TAGREFS=""/>
            <SP HPOS="517" ID="SP_379.9.9.6" VPOS="2374" WIDTH="24"/>
            <String CONTENT="jury," HEIGHT="44" HPOS="541" ID="ST_379.9.9.7" STYLEREFS="Style_4" VPOS="2374" WIDTH="91" WC="0.97" CC="00000" TAGREFS=""/>
            <SP HPOS="632" ID="SP_379.9.9.8" VPOS="2375" WIDTH="29"/>
            <String CONTENT="rather" HEIGHT="34" HPOS="661" ID="ST_379.9.9.9" STYLEREFS="Style_4" VPOS="2375" WIDTH="118" WC="0.99" CC="000000" TAGREFS=""/>
            <SP HPOS="779" ID="SP_379.9.9.10" VPOS="2375" WIDTH="27"/>
            <String CONTENT="than" HEIGHT="34" HPOS="806" ID="ST_379.9.9.11" STYLEREFS="Style_4" VPOS="2375" WIDTH="85" WC="1.00" CC="0000" TAGREFS=""/>
            <SP HPOS="891" ID="SP_379.9.9.12" VPOS="2375" WIDTH="28"/>
            <String CONTENT="by" HEIGHT="43" HPOS="919" ID="ST_379.9.9.13" STYLEREFS="Style_4" VPOS="2375" WIDTH="46" WC="0.93" CC="00" TAGREFS=""/>
            <SP HPOS="965" ID="SP_379.9.9.14" VPOS="2386" WIDTH="27"/>
            <String CONTENT="us." HEIGHT="23" HPOS="992" ID="ST_379.9.9.15" STYLEREFS="Style_4" VPOS="2386" WIDTH="51" WC="1.00" CC="000" TAGREFS=""/>
            <SP HPOS="1043" ID="SP_379.9.9.16" VPOS="2376" WIDTH="31"/>
            <String CONTENT="Union" HEIGHT="33" HPOS="1074" ID="ST_379.9.9.17" STYLEREFS="Style_5" VPOS="2376" WIDTH="113" WC="0.91" CC="00000" TAGREFS=""/>
            <SP HPOS="1187" ID="SP_379.9.9.18" VPOS="2375" WIDTH="27"/>
            <String CONTENT="Lincoln" HEIGHT="34" HPOS="1214" ID="ST_379.9.9.19" STYLEREFS="Style_5" VPOS="2375" WIDTH="144" WC="0.99" CC="0000000" TAGREFS=""/>
          </TextLine>
          <TextLine HEIGHT="46" HPOS="141" ID="TL_379.9.10" VPOS="2421" WIDTH="1215">
            <String CONTENT="Mercury," HEIGHT="41" HPOS="141" ID="ST_379.9.10.1" STYLEREFS="Style_5" VPOS="2425" WIDTH="177" WC="0.95" CC="00000000" TAGREFS=""/>
            <SP HPOS="318" ID="SP_379.9.10.2" VPOS="2425" WIDTH="16"/>
            <String CONTENT="Inc." HEIGHT="33" HPOS="334" ID="ST_379.9.10.3" STYLEREFS="Style_5" VPOS="2425" WIDTH="69" WC="0.71" CC="0000" TAGREFS=""/>
            <SP HPOS="403" ID="SP_379.9.10.4" VPOS="2435" WIDTH="15"/>
            <String CONTENT="v." HEIGHT="23" HPOS="418" ID="ST_379.9.10.5" STYLEREFS="Style_4" VPOS="2435" WIDTH="30" WC="0.94" CC="00" TAGREFS=""/>
            <SP HPOS="448" ID="SP_379.9.10.6" VPOS="2423" WIDTH="15"/>
            <String CONTENT="Daniel," HEIGHT="41" HPOS="463" ID="ST_379.9.10.7" STYLEREFS="Style_5" VPOS="2423" WIDTH="138" WC="0.89" CC="0000000" TAGREFS=""/>
            <SP HPOS="601" ID="SP_379.9.10.8" VPOS="2421" WIDTH="15"/>
            <String CONTENT="287" HEIGHT="37" HPOS="616" ID="ST_379.9.10.9" STYLEREFS="Style_4" VPOS="2421" WIDTH="67" WC="0.72" CC="000" TAGREFS=""/>
            <SP HPOS="683" ID="SP_379.9.10.10" VPOS="2424" WIDTH="15"/>
            <String CONTENT="Ark." HEIGHT="34" HPOS="698" ID="ST_379.9.10.11" STYLEREFS="Style_4" VPOS="2424" WIDTH="85" WC="0.88" CC="0000" TAGREFS=""/>
            <SP HPOS="783" ID="SP_379.9.10.12" VPOS="2425" WIDTH="17"/>
            <String CONTENT="205," HEIGHT="39" HPOS="800" ID="ST_379.9.10.13" STYLEREFS="Style_4" VPOS="2425" WIDTH="79" WC="0.74" CC="0000" TAGREFS=""/>
            <SP HPOS="879" ID="SP_379.9.10.14" VPOS="2425" WIDTH="15"/>
            <String CONTENT="697" HEIGHT="33" HPOS="894" ID="ST_379.9.10.15" STYLEREFS="Style_4" VPOS="2425" WIDTH="67" WC="1.00" CC="000" TAGREFS=""/>
            <SP HPOS="961" ID="SP_379.9.10.16" VPOS="2424" WIDTH="15"/>
            <String CONTENT="S.W.2d" HEIGHT="35" HPOS="976" ID="ST_379.9.10.17" STYLEREFS="Style_4" VPOS="2424" WIDTH="144" WC="0.88" CC="000000" TAGREFS=""/>
            <SP HPOS="1120" ID="SP_379.9.10.18" VPOS="2425" WIDTH="15"/>
            <String CONTENT="888" HEIGHT="34" HPOS="1135" ID="ST_379.9.10.19" STYLEREFS="Style_4" VPOS="2425" WIDTH="66" WC="1.00" CC="000" TAGREFS=""/>
            <SP HPOS="1201" ID="SP_379.9.10.20" VPOS="2423" WIDTH="18"/>
            <String CONTENT="(1985)." HEIGHT="44" HPOS="1219" ID="ST_379.9.10.21" STYLEREFS="Style_4" VPOS="2423" WIDTH="137" WC="0.88" CC="0000000" TAGREFS=""/>
          </TextLine>
        </TextBlock>
      </PrintSpace>
    </Page>
  </Layout>
</alto>
