1678 2705
162 409 45 24 an
231 398 134 43 appeal.
390 399 74 34 The
486 403 185 38 argument
694 399 135 44 portion
852 398 40 35 of
912 399 59 35 the
994 398 93 36 brief
1107 399 27 34 is
1158 399 34 35 in
1217 398 71 35 fact
1312 399 65 34 five

162 454 179 29 sentences
354 449 79 42 long
444 448 69 34 and
525 448 137 43 ignores
673 448 60 35 the
744 448 107 35 issues
863 448 114 36 raised
989 449 35 34 in
1035 448 60 34 the
1106 448 80 35 trial
1197 453 99 30 court
1308 449 69 34 and

163 498 59 34 the
234 498 158 44 question
404 491 39 41 of
452 498 59 34 the
522 498 200 43 sufficiency
734 498 39 34 of
782 498 59 35 the
852 498 163 35 evidence
1026 503 36 29 to
1074 504 143 38 support
1228 498 59 34 the
1299 498 78 35 four

162 547 221 35 convictions.

1309 258 62 34 311

255 622 31 33 It
299 621 28 35 is
340 622 72 35 also
425 621 195 44 disturbing
632 621 78 35 that
723 622 59 34 the
794 623 171 43 Attorney
978 622 152 35 General
1143 633 144 24 concurs
1300 623 77 34 that

163 671 60 35 the
235 671 175 44 appellant
423 672 61 34 has
497 671 199 35 abstracted
709 672 46 34 all
767 672 201 44 objections,
981 672 149 35 motions
1142 672 69 35 and
1223 677 154 39 requests

163 721 125 35 denied
317 721 45 46 by
391 721 58 35 the
478 727 98 31 court
606 721 68 35 and
704 721 184 36 concludes
917 722 76 35 that
1023 722 59 35 the
1110 723 176 44 appellant
1315 722 62 35 has

163 771 177 35 discussed
349 772 59 34 the
417 771 112 44 points
539 771 252 44 “sufficiently”
801 777 36 30 to
845 772 137 44 apprise
991 772 68 35 this
1069 772 110 35 Court
1188 772 39 35 of
1233 772 58 35 the
1300 772 78 35 lack

162 821 40 35 of
219 821 103 34 merit
341 821 98 35 when
460 821 34 34 in
515 822 96 34 truth
631 821 60 35 the
711 822 176 44 appellant
907 822 62 34 has
990 827 60 30 not
1070 822 89 35 done
1179 834 47 24 so.

349 897 49 34 As
409 896 176 45 appellant
595 896 62 36 has
668 896 107 35 failed
784 902 36 30 to
829 897 138 44 comply
976 897 83 35 with
1070 897 91 35 Rule
1174 899 36 33 11
1219 896 67 44 (h),
1297 898 44 35 he
1350 898 28 35 is

164 946 191 36 instructed
371 951 35 30 to
423 946 129 35 submit
569 958 20 23 a
607 946 92 36 brief
712 946 35 35 in
763 947 216 44 compliance
994 947 83 35 with
1094 947 59 35 the
1169 948 74 34 rule
1259 948 119 35 within

163 996 108 44 thirty
295 995 95 45 days.
415 996 74 37 The
513 997 172 44 Attorney
709 997 151 35 General
885 997 88 36 shall
998 998 82 35 then
1105 998 57 35 file
1185 1009 21 24 a
1230 997 92 36 brief
1343 998 34 35 in

163 1057 164 34 response
346 1046 29 35 if
392 1057 192 34 necessary.

256 1121 138 35 Motion
415 1127 35 29 to
470 1121 43 35 be
533 1121 148 36 relieved
701 1133 38 24 as
759 1122 139 35 counsel
918 1122 136 36 denied.

255 1196 160 41 Purtle,
436 1196 42 41 J.,
499 1201 60 30 not
579 1196 256 45 participating.

344 1469 145 36 Willard
510 1470 213 36 ROBBINS
744 1481 28 24 v.
794 1471 152 35 STATE
966 1470 40 36 of
1022 1471 179 35 Arkansas

164 1545 67 35 CR
252 1545 128 34 85-188

1105 1547 67 34 705
1194 1546 142 36 S.W.2d
1357 1548 20 33 6

492 1619 172 43 Supreme
684 1620 111 35 Court
814 1620 39 34 of
870 1621 179 34 Arkansas

441 1668 152 42 Opinion
614 1668 172 34 delivered
807 1669 127 34 March
956 1671 31 38 3,
1013 1670 88 33 1986
