1632 2688
303 276 63 33 190

390 491 133 35 Gerald
540 494 41 32 A.
607 492 179 40 Coleman,
808 492 53 34 for
881 492 186 43 appellant.

388 568 104 34 Steve
504 568 120 41 Clark,
636 568 98 44 Att’y
745 568 100 41 Gen.,
857 569 54 43 by:
923 570 142 33 Jerome
1078 570 35 33 T.
1126 570 168 42 Kearney,
1306 570 93 33 Asst.
1411 570 99 43 Att’y

298 618 100 40 Gen.,
421 617 52 35 for
494 618 164 44 appellee.

389 694 125 34 David
527 695 207 39 Newbern,
747 694 141 34 Justice.

900 695 75 33 The
985 695 71 33 sole
1067 695 157 43 question
1236 695 181 43 presented
1429 696 81 33 here

298 743 27 33 is
344 743 153 34 whether
516 754 43 23 an
579 743 122 34 earlier
721 743 253 34 misdemeanor
992 744 192 34 conviction
1202 744 40 34 of
1257 744 59 34 the
1334 745 176 43 appellant

297 792 101 34 could
426 792 42 34 be
494 792 197 34 mentioned
719 792 44 43 by
788 793 59 33 the
873 798 90 29 state
988 793 34 34 in
1049 803 92 24 cross
1167 794 234 34 examination
1427 794 39 34 of
1489 805 20 23 a

297 842 181 34 character
497 842 136 34 witness
654 842 181 43 presented
855 842 44 44 by
918 842 59 35 the
996 843 186 43 appellant.
1204 843 64 34 We
1287 843 81 35 hold
1388 844 75 34 that
1483 844 26 34 it

298 902 90 33 may,
410 891 68 35 and
499 892 79 34 thus
599 903 51 23 we
670 892 123 34 affirm.

387 968 75 34 The
472 968 176 44 appellant
658 979 70 24 was
738 968 178 35 convicted
927 968 40 35 of
974 969 139 35 murder
1124 969 33 35 in
1169 969 58 35 the
1237 970 74 34 first
1321 969 125 44 degree
1456 970 53 35 for

297 1018 159 43 shooting
473 1018 67 34 and
558 1018 119 43 killing
693 1019 98 43 Tony
808 1019 170 34 Vellman.
996 1019 75 35 The
1086 1020 176 44 appellant
1278 1020 111 35 called
1406 1020 102 35 Allen

298 1069 133 40 Helms,
445 1079 20 24 a
479 1068 129 35 farmer
621 1068 69 35 and
703 1074 78 38 part
793 1080 114 23 owner
920 1069 39 34 of
969 1080 20 24 a
1002 1075 117 29 cotton
1132 1070 69 43 gin,
1215 1070 76 34 who
1304 1070 149 35 testified
1466 1071 43 34 he

297 1118 68 34 had
381 1119 85 34 been
481 1119 59 33 the
553 1119 205 43 appellant’s
772 1119 175 43 employer
961 1119 68 34 and
1043 1119 69 35 had
1126 1120 128 43 always
1268 1120 168 43 regarded
1450 1121 59 34 the

297 1168 176 43 appellant
498 1179 38 23 as
561 1179 20 23 a
606 1168 149 34 truthful
780 1168 69 35 and
874 1169 122 34 honest
1020 1169 188 43 employee.
1234 1170 75 34 The
1333 1175 175 38 attorneys

297 1217 219 43 approached
525 1217 59 34 the
594 1217 110 34 bench
715 1218 68 34 and
793 1218 176 34 discussed
978 1218 153 34 whether
1141 1219 58 34 the
1208 1219 137 34 witness
1355 1219 101 34 could
1466 1219 43 34 be

296 1266 202 44 questioned
513 1266 81 35 with
609 1273 133 37 respect
756 1272 35 30 to
805 1279 44 23 an
863 1268 123 34 earlier
999 1267 254 35 misdemeanor
1267 1269 192 34 conviction
1473 1269 39 34 of

296 1316 59 34 the
383 1316 186 43 appellant.
599 1317 74 34 The
700 1322 98 29 court
827 1317 144 34 allowed
1000 1318 59 33 the
1086 1318 168 43 question.
1285 1319 70 33 Mr.
1386 1319 122 34 Helms

296 1365 148 35 testified
466 1366 76 34 that
562 1366 201 43 knowledge
783 1366 39 35 of
839 1367 59 34 the
919 1367 205 44 appellant’s
1145 1367 253 35 misdemeanor
1418 1368 90 34 theft

296 1415 192 35 conviction
509 1415 58 35 did
589 1421 58 29 not
667 1416 135 43 change
822 1416 52 35 his
895 1417 149 43 opinion.
1066 1417 75 34 The
1160 1422 98 29 court
1279 1417 82 35 then
1381 1428 86 33 gave
1487 1429 20 23 a

296 1465 172 43 “limiting
482 1465 226 35 instruction”
723 1471 35 29 to
771 1466 59 34 the
839 1466 91 43 jury.
944 1466 75 34 The
1032 1477 139 23 essence
1183 1466 40 35 of
1232 1467 59 34 the
1304 1467 203 34 instruction

295 1524 70 24 was
378 1514 76 35 that
466 1515 59 34 the
533 1515 80 43 jury
625 1515 102 34 could
739 1515 158 35 consider
909 1514 59 36 the
979 1526 93 24 cross
1085 1516 234 34 examination
1332 1516 175 44 including

296 1564 175 34 reference
482 1570 35 29 to
528 1565 59 34 the
597 1565 193 34 conviction
802 1576 38 23 as
851 1565 162 35 evidence
1024 1565 103 43 going
1138 1566 80 43 only
1229 1571 35 29 to
1275 1566 59 34 the
1345 1572 116 29 extent
1471 1566 40 35 of

295 1614 59 34 the
363 1614 147 34 witness’
522 1614 200 44 knowledge
730 1614 40 35 of
776 1615 59 34 the
844 1615 177 44 appellant
1030 1615 69 35 and
1108 1615 59 35 the
1176 1616 126 43 weight
1312 1621 35 29 to
1357 1616 42 34 be
1407 1616 99 43 given

295 1669 35 29 to
351 1664 51 34 his
423 1664 138 43 opinion
582 1664 39 34 of
638 1664 59 34 the
716 1664 206 44 appellant’s
942 1665 191 34 character.

479 1740 171 34 Evidence
662 1740 39 34 of
710 1740 59 35 the
780 1741 222 34 commission
1014 1740 40 35 of
1063 1752 20 23 a
1096 1741 107 34 crime
1214 1741 60 35 the
1285 1742 221 43 punishment

295 1789 53 34 for
360 1789 111 35 which
484 1790 27 34 is
524 1790 64 34 less
600 1790 84 34 than
696 1801 65 24 one
772 1801 82 33 year
866 1791 263 43 imprisonment
1140 1802 81 33 may
1232 1797 60 29 not
1303 1792 43 34 be
1357 1792 83 34 used
1452 1791 54 35 for

294 1839 139 42 general
448 1839 256 44 impeachment
718 1840 39 34 of
768 1851 20 23 a
802 1840 138 34 witness
954 1841 114 34 unless
1082 1841 26 34 it
1122 1841 148 34 involves
1285 1841 221 44 “dishonesty

294 1899 38 23 or
350 1888 87 34 false
454 1889 221 34 statement.”
694 1889 164 35 Uniform
876 1890 107 34 Rules
1001 1890 40 34 of
1056 1890 170 35 Evidence
1244 1890 137 44 609(a).
1401 1892 103 33 How­

294 1949 88 30 ever,
393 1937 30 35 if
429 1938 58 34 the
496 1938 148 35 accused
653 1939 62 34 has
725 1939 182 44 presented
916 1950 21 24 a
946 1940 137 34 witness
1092 1945 36 29 to
1137 1940 117 44 testify
1263 1951 38 24 as
1310 1945 35 30 to
1354 1940 52 35 his
1415 1940 89 43 good

294 1988 191 41 character,
499 1999 92 24 cross
605 1989 234 34 examination
853 2000 81 33 may
947 1989 134 44 inquire
1094 1990 95 34 “into
1202 1990 152 34 relevant
1367 1990 138 44 specific

294 2037 172 35 instances
482 2038 39 34 of
534 2038 183 35 conduct.”
734 2039 164 34 Uniform
915 2039 106 34 Rules
1038 2039 39 34 of
1090 2039 171 35 Evidence
1276 2039 137 44 405(a).
1430 2040 75 34 The

294 2087 74 34 rule
378 2088 114 43 places
503 2098 44 24 no
557 2088 99 41 limit,
667 2088 98 35 other
775 2089 85 34 than
870 2089 191 43 relevancy,
1072 2100 44 23 on
1126 2089 59 34 the
1194 2089 82 35 kind
1286 2089 39 35 of
1332 2090 172 34 instances

293 2136 39 35 of
354 2137 215 35 misconduct
592 2138 82 34 with
699 2143 133 38 respect
856 2144 35 28 to
915 2139 112 34 which
1050 2149 92 24 cross
1166 2139 233 34 examination
1424 2150 81 33 may

293 2197 113 23 occur.

383 2262 75 34 The
477 2262 176 44 appellant
672 2263 196 43 recognizes
888 2264 76 34 that
983 2264 74 34 rule
1077 2263 124 44 609(a)
1222 2264 81 35 does
1322 2270 60 29 not
1401 2265 104 44 apply

293 2312 92 41 here,
399 2323 38 23 as
450 2312 59 35 the
522 2312 176 35 reference
710 2318 36 29 to
759 2313 59 35 the
831 2313 92 44 prior
935 2314 192 34 conviction
1141 2325 69 23 was
1223 2319 60 30 not
1296 2314 103 35 made
1411 2315 35 34 in
1459 2325 45 24 an

293 2367 148 39 attempt
455 2367 35 30 to
503 2362 159 44 impeach
676 2363 109 34 either
798 2363 60 34 the
870 2364 185 43 testimony
1068 2363 39 35 of
1117 2364 59 34 the
1189 2364 176 44 appellant
1378 2375 37 24 or
1428 2364 77 35 that

292 2412 40 34 of
339 2412 58 34 the
406 2412 137 34 witness
554 2423 43 23 on
608 2413 59 34 the
677 2412 112 35 stand.
801 2413 64 34 His
876 2419 194 37 argument,
1081 2414 127 40 rather,
1219 2414 27 34 is
1257 2414 77 34 that
1344 2414 162 34 evidence
