1671 2697
125 418 93 34 basis
228 418 53 34 for
291 418 52 33 his
353 418 108 43 guilty
470 418 106 44 pleas.
586 418 76 34 The
669 418 81 34 trial
758 422 110 36 court,
877 417 146 35 without
1032 428 21 23 a
1062 417 155 44 hearing,
1226 417 115 35 issued

125 468 137 34 written
282 467 147 43 findings
448 467 40 35 of
504 467 72 35 fact
595 467 106 35 based
720 478 44 23 on
783 468 59 34 the
860 467 74 34 files
953 466 69 36 and
1041 467 132 41 record,
1192 467 149 44 denying

125 517 272 43 postconviction
412 516 108 35 relief.
538 518 65 33 We
617 516 72 35 find
704 517 76 34 that
795 517 59 34 the
868 517 79 34 trial
962 517 128 34 court’s
1105 516 151 35 decision
1271 528 70 23 was

125 572 61 29 not
197 567 129 42 clearly
337 567 136 42 against
484 566 59 34 the
554 566 281 44 preponderance
845 565 40 35 of
892 566 60 34 the
963 566 163 34 evidence
1137 565 68 36 and
1216 566 123 35 affirm.

126 616 77 34 Our
219 616 219 43 jurisdiction
459 617 27 33 is
507 621 169 38 pursuant
696 621 36 29 to
752 616 83 44 Sup.
858 616 56 34 Ct.
935 617 44 33 R.
1001 615 173 43 29(1)(e).

1273 276 66 34 377

313 692 236 43 Rule37.3(a)
562 692 157 44 provides
729 692 77 35 that
816 691 89 44 “[i]f
911 692 60 35 the
980 692 131 35 motion
1122 692 69 35 and
1201 692 58 34 the
1269 692 73 35 files

126 742 70 34 and
216 742 137 35 records
373 742 39 34 of
428 743 59 34 the
506 753 81 23 case
605 742 230 44 conclusively
854 742 94 34 show
967 743 77 34 that
1064 742 59 35 the
1142 743 153 43 prisoner
1314 742 28 35 is

127 792 145 35 entitled
284 798 36 29 to
333 803 43 23 no
389 792 108 41 relief,
509 792 60 34 the
581 792 80 35 trial
673 797 99 30 court
784 792 88 35 shall
884 793 103 34 make
998 792 137 35 written
1146 792 149 44 findings
1307 797 36 30 to

126 842 79 34 that
222 842 115 41 effect,
355 841 191 45 specifying
564 853 68 33 any
649 847 95 40 parts
761 842 39 35 of
814 842 59 35 the
889 842 74 35 files
981 853 38 24 or
1036 842 137 35 records
1191 842 76 35 that
1284 853 60 24 are

127 892 107 34 relied
255 902 92 34 upon
368 897 35 30 to
422 892 133 35 sustain
575 893 60 34 the
655 893 127 34 court’s
802 892 183 44 findings.”

313 970 189 44 Appellant
525 969 167 36 contends
715 969 53 35 his
792 969 109 45 guilty
924 970 79 44 plea
1025 981 72 24 was
1120 975 60 30 not
1204 970 140 35 entered

128 1020 230 44 intelligently
376 1020 68 35 and
462 1020 209 45 voluntarily
689 1020 69 35 and
776 1020 82 36 with
877 1020 60 35 the
955 1020 120 36 advice
1093 1020 39 35 of
1147 1026 197 39 competent

127 1071 152 34 counsel.
295 1071 56 33 He
364 1070 173 35 therefore
550 1071 62 34 has
627 1071 59 34 the
699 1070 133 35 burden
846 1070 39 35 of
895 1071 154 43 showing
1063 1071 77 35 that
1153 1072 59 34 the
1225 1071 119 35 advice

128 1120 44 34 he
198 1120 156 34 received
380 1120 91 35 from
497 1120 53 34 his
577 1126 160 38 attorney
762 1132 70 23 was
858 1126 60 29 not
944 1121 120 34 within
1091 1121 59 34 the
1175 1130 107 34 range
1307 1121 40 34 of

128 1175 225 38 competence
363 1169 195 35 demanded
568 1169 92 36 from
670 1175 175 39 attorneys
855 1170 35 34 in
900 1170 159 35 criminal
1069 1181 107 24 cases.
1192 1170 153 35 Thomas

127 1230 31 23 v.
178 1220 115 41 State,
315 1219 66 34 277
402 1220 85 34 Ark.
510 1220 56 40 74,
588 1221 68 34 639
677 1219 143 35 S.W.2d
842 1221 65 33 353
932 1219 138 44 (1982).

315 1296 39 33 In
364 1295 209 35 Strickland
581 1307 30 23 v.
628 1295 237 45 Washington,
877 1297 68 33 466
957 1296 84 35 U.S.
1055 1297 66 34 668
1136 1296 137 43 (1984),
1285 1297 59 34 the

128 1345 86 34 U.S.
228 1345 170 44 Supreme
410 1346 111 34 Court
533 1345 151 44 adopted
696 1357 20 23 a
729 1351 162 39 two-part
903 1346 167 35 standard
1082 1346 54 34 for
1148 1346 196 44 evaluating

129 1395 122 34 claims
280 1394 40 36 of
345 1395 195 35 ineffective
568 1396 190 34 assistance
785 1396 39 34 of
849 1397 151 34 counsel.
1031 1396 31 34 It
1090 1396 167 44 provides:
1288 1396 54 43 (1)

129 1445 21 13 “
158 1444 57 44 [w]
222 1445 67 34 hen
298 1456 21 23 a
328 1445 178 35 convicted
515 1445 191 35 defendant
714 1446 191 44 complains
914 1446 39 34 of
958 1447 60 34 the
1026 1446 273 35 ineffectiveness
1308 1446 40 35 of

128 1495 170 34 counsel’s
312 1495 200 41 assistance,
525 1495 60 35 the
597 1494 191 36 defendant
801 1501 93 29 must
907 1496 94 35 show
1014 1496 77 34 that
1104 1497 60 34 the
1176 1497 168 34 counsel’s

129 1545 274 43 representation
423 1545 59 34 fell
503 1545 109 34 below
632 1556 45 24 an
697 1545 169 44 objective
885 1545 167 36 standard
1072 1546 40 34 of
1128 1546 216 35 reasonable­

129 1595 101 33 ness”
258 1594 69 35 and
356 1594 53 43 (2)
440 1594 118 44 “[t]he
585 1595 191 35 defendant
802 1600 93 30 must
922 1596 94 34 show
1043 1596 76 34 that
1146 1597 97 34 there
1270 1596 27 34 is
1324 1607 21 24 a

129 1644 204 35 reasonable
359 1644 209 44 probability
593 1645 88 40 that,
708 1645 63 35 but
796 1646 53 34 for
875 1645 169 35 counsel’s
1070 1646 274 44 unprofessional

129 1704 124 30 errors,
263 1695 61 33 the
332 1695 106 34 result
448 1694 38 35 of
493 1695 61 33 the
562 1695 209 43 proceeding
780 1695 113 35 would
903 1695 88 35 have
1000 1696 88 34 been
1098 1695 195 35 different.”
1305 1696 40 34 In

129 1743 81 34 Hill
217 1754 31 23 v.
258 1743 438 41 Lockhart, _ U.S _,
711 1745 64 33 106
785 1745 35 34 S.
831 1744 57 34 Ct.
900 1745 67 34 366
979 1744 125 43 (1985)
1115 1745 60 34 the
1183 1750 162 38 two-part

128 1792 212 35 Strickland
346 1804 30 23 v.
392 1792 226 45 Washington
628 1798 68 30 test
705 1804 70 24 was
786 1793 103 35 made
898 1794 196 44 applicable
1103 1799 36 29 to
1149 1794 196 44 challenges

128 1847 37 29 to
185 1842 111 44 guilty
316 1843 94 43 pleas
430 1842 107 36 based
557 1854 45 23 on
622 1843 196 35 ineffective
837 1844 190 35 assistance
1046 1843 40 35 of
1102 1844 150 35 counsel.

316 1919 39 33 In
365 1919 59 34 the
433 1924 139 30 context
582 1919 39 35 of
627 1919 111 44 guilty
747 1920 106 43 pleas,
863 1919 60 35 the
932 1920 171 44 Supreme
1112 1920 111 35 Court
1232 1920 113 35 stated

129 1967 35 34 in
184 1968 90 35 Hill:

259 2044 44 43 [I]
309 2055 23 23 n
341 2044 99 35 order
449 2050 36 29 to
495 2045 123 44 satisfy
627 2045 61 35 the
698 2045 221 44 “prejudice”
930 2046 235 44 requirement
1178 2047 92 43 [part
1278 2051 68 30 two

255 2094 39 34 of
308 2094 236 43 Strickland],
563 2095 59 34 the
640 2094 190 36 defendant
848 2100 93 30 must
958 2096 95 34 show
1070 2096 77 34 that
1164 2096 98 35 there
1279 2096 28 35 is
1325 2107 21 24 a

255 2145 202 34 reasonable
477 2145 211 43 probability
707 2145 87 42 that,
815 2146 63 34 but
897 2145 54 35 for
971 2146 169 35 counsel’s
1161 2156 121 31 errors,
1303 2146 44 35 he

254 2194 114 34 would
382 2200 59 29 not
454 2195 87 34 have
554 2195 147 43 pleaded
714 2195 110 44 guilty
837 2195 69 35 and
919 2195 114 35 would
1047 2195 87 36 have
1147 2196 142 35 insisted
1302 2207 44 24 on

255 2244 104 43 going
379 2249 35 30 to
434 2245 90 34 trial.

221 2320 84 34 This
323 2326 99 29 court
438 2320 114 35 stated
570 2321 35 34 in
625 2320 166 36 Crockett
807 2333 31 23 v.
855 2321 114 41 State,
989 2322 68 34 282
1074 2322 86 34 Ark.
1181 2322 78 40 582,
1278 2322 68 34 669

130 2369 145 35 S.W.2d
285 2370 67 34 896
364 2369 138 43 (1984),
512 2370 57 34 “A
577 2370 191 35 defendant
777 2371 115 34 whose
899 2371 194 35 conviction
1102 2371 28 35 is
1139 2371 106 35 based
1254 2382 93 33 upon

131 2429 20 24 a
160 2419 79 43 plea
249 2420 38 34 of
293 2420 109 43 guilty
411 2420 171 43 normally
591 2420 69 35 will
669 2420 89 35 have
765 2421 168 43 difficulty
942 2420 144 44 proving
1095 2432 67 33 any
1171 2421 177 44 prejudice
