1665 2691
309 266 66 33 590

399 1696 199 44 Appellant,
616 1706 67 33 pro
702 1707 48 23 se.

398 1775 105 34 Steve
516 1774 119 41 Clark,
647 1775 100 42 Att’y
758 1774 100 41 Gen.,
871 1774 55 43 by:
938 1774 93 34 Jack
1042 1773 151 41 Gillean,
1205 1774 93 34 Asst.
1311 1774 99 42 Att’y
1422 1773 99 41 Gen.,

308 1824 54 34 for
382 1824 165 44 appellee.

400 1904 74 33 Per
484 1902 164 35 Curiam.

659 1903 40 34 In
709 1902 164 41 October,
887 1903 100 39 1984,
998 1902 170 35 Clarence
1177 1902 79 43 Gay
1264 1913 71 23 was
1344 1901 178 35 convicted

308 1952 40 35 of
356 1963 83 33 rape
451 1952 68 35 and
531 1952 185 35 sentenced
728 1958 35 29 to
775 1952 60 34 life
847 1952 273 44 imprisonment.
1135 1953 56 33 He
1202 1951 81 35 filed
1295 1963 20 23 a
1327 1951 120 43 timely
1454 1962 68 33 pro

308 2013 38 23 se
355 2003 114 34 notice
478 2002 39 34 of
524 2002 123 44 appeal
658 2002 68 35 and
736 2002 59 35 the
804 2001 121 36 record
934 2013 70 24 was
1015 2001 169 45 prepared
1194 2001 53 35 for
1256 2001 96 44 filing
1362 2001 82 34 with
1454 2001 67 35 this

310 2052 120 41 Court,
452 2052 62 34 but
535 2052 26 34 it
581 2063 69 23 was
672 2063 101 23 never
794 2051 124 44 lodged
939 2052 91 34 here.
1054 2053 56 33 He
1130 2063 75 23 now
1226 2051 97 35 seeks
1344 2062 20 23 a
1385 2051 137 35 belated

308 2102 135 43 appeal,
464 2101 149 44 alleging
634 2101 77 35 that
730 2102 44 34 he
793 2112 70 24 was
884 2101 235 44 incompetent
1140 2106 34 30 to
1194 2101 147 44 proceed
1362 2100 81 34 with
1464 2101 58 34 the

309 2152 123 42 appeal
443 2162 68 33 pro
524 2163 38 23 se
576 2151 149 35 because
738 2151 39 34 of
788 2151 65 34 low
868 2150 219 44 intelligence
1101 2151 68 34 and
1184 2150 79 35 lack
1276 2150 39 34 of
1327 2150 194 35 education.

309 2201 215 35 Petitioner’s
543 2201 186 44 appointed
746 2206 159 38 attorney
923 2205 36 30 at
976 2201 79 34 trial
1072 2211 71 23 was
1160 2201 63 34 Joe
1240 2200 154 34 Villines.
1413 2200 40 34 In
1470 2200 51 34 his

308 2251 154 34 affidavit
473 2251 34 33 in
518 2261 161 33 response
690 2256 34 29 to
735 2250 58 35 the
803 2251 142 40 motion,
958 2251 70 34 Mr.
1041 2250 154 41 Villines,
1207 2250 76 34 who
1293 2251 62 33 has
1366 2254 59 30 not
1436 2249 85 35 been

309 2300 147 35 relieved
471 2311 38 23 as
524 2300 139 35 counsel
678 2301 45 43 by
738 2300 109 34 either
862 2300 59 34 the
936 2300 79 35 trial
1030 2304 98 30 court
1143 2311 38 23 or
1196 2299 67 35 this
1279 2300 121 40 Court,
1416 2304 105 30 states

309 2350 76 35 that
396 2351 43 34 he
450 2349 176 36 discussed
637 2350 59 34 the
706 2349 192 45 possibility
908 2349 40 35 of
955 2360 45 24 an
1011 2349 124 44 appeal
1145 2349 83 35 with
1239 2349 183 44 petitioner
1433 2349 90 35 after

309 2400 78 35 trial
400 2400 68 34 and
481 2399 172 35 informed
665 2399 73 35 him
751 2399 76 35 that
840 2400 96 34 there
948 2410 69 24 was
1030 2410 45 23 no
1087 2398 90 35 basis
1191 2399 54 34 for
1256 2399 148 34 reversal
1416 2399 40 34 of
1464 2399 60 34 the
