1675 2712
153 426 44 25 on
224 416 60 35 the
309 416 81 35 date
416 416 26 35 it
468 416 176 35 occurred.
672 416 75 36 The
772 416 129 46 deputy
927 418 132 35 started
1085 423 36 30 to
1147 418 118 44 testify
1290 418 77 36 that

154 466 177 44 appellant
344 466 68 35 had
424 465 180 37 confessed
617 472 35 29 to
665 478 20 24 a
698 467 163 44 burglary
873 468 35 34 in
920 468 59 35 the
991 472 128 39 county
1130 479 44 24 on
1187 468 76 35 that
1274 467 92 44 date,

154 516 63 34 but
230 516 145 43 stopped
389 516 51 34 his
454 516 186 44 testimony
653 527 93 34 upon
760 517 141 35 defense
913 518 169 34 counsel’s
1096 518 182 43 objection.
1293 518 75 35 The

154 571 91 29 state
267 565 176 35 withdrew
467 566 59 35 the
548 567 170 44 question,
742 566 69 36 and
834 567 59 35 the
915 572 99 30 court
1036 567 132 36 offered
1191 572 35 30 to
1248 568 76 43 give
1346 580 21 24 a

154 615 150 43 limiting
319 615 213 36 instruction.
547 616 76 35 The
636 617 177 44 appellant
826 617 138 35 refused
979 617 59 35 the
1051 617 97 36 offer.
1163 617 75 38 The
1250 618 116 45 appel-

155 666 103 34 lant’s
276 666 130 35 motion
424 666 54 35 for
496 666 147 35 mistrial
661 677 70 24 was
749 666 134 36 denied.
902 667 190 45 Appellant
1109 679 76 25 now
1203 668 164 36 contends

155 716 77 34 that
250 716 59 34 the
327 716 79 35 trial
424 721 98 30 court
541 716 98 35 erred
658 717 35 34 in
711 716 149 45 denying
878 717 53 35 his
949 717 132 36 motion
1099 717 54 36 for
1171 730 21 23 a
1209 718 156 36 mistrial.

1297 278 65 34 461

339 786 75 34 The
430 785 244 45 admissibility
691 785 40 35 of
744 786 59 35 the
819 786 130 45 deputy
965 786 149 36 sheriffs
1132 787 184 44 testimony
1333 788 35 35 in

155 834 153 35 rebuttal
320 835 28 34 is
360 840 59 29 not
430 846 89 33 open
531 840 37 30 to
579 835 131 35 serious
721 836 169 44 question.
904 837 32 34 It
946 847 71 24 was
1029 837 128 44 clearly
1168 837 153 35 relevant
1332 843 37 29 to

155 884 159 43 disprove
333 885 59 34 the
410 884 93 36 alibi.
524 885 76 34 The
620 885 242 44 admissibility
881 885 39 35 of
936 886 85 35 such
1041 886 186 44 testimony
1246 887 28 35 is
1293 887 74 35 uni­

156 933 127 44 formly
294 934 214 43 recognized.
525 934 174 36 Williams
708 946 31 23 v.
750 936 113 40 State,
876 936 68 35 276
955 936 86 35 Ark.
1055 936 158 41 399, 635
1225 936 144 35 S.W.2d

156 984 67 33 265
239 983 138 43 (1982).
390 983 103 37 Since
504 984 60 35 the
575 984 152 36 rebuttal
739 985 185 44 testimony
934 996 71 25 was
1017 987 159 44 properly
1187 986 181 42 admitted,

155 1033 61 35 the
224 1033 81 35 trial
314 1038 99 31 court
421 1033 60 35 did
490 1039 61 30 not
560 1035 145 35 commit
714 1045 93 25 error
817 1035 45 44 by
871 1035 155 44 refusing
1035 1041 37 30 to
1081 1041 102 38 grant
1192 1047 21 24 a
1222 1037 147 35 mistrial

156 1083 107 35 based
284 1093 43 24 on
348 1084 75 34 that
443 1083 197 44 testimony.

247 1152 180 35 Affirmed.

247 1221 160 41 Purtle,
428 1222 42 41 J.,
491 1227 60 30 not
571 1222 256 46 participating.

277 1417 74 35 The
371 1417 182 35 ESTATE
572 1418 41 35 of
629 1419 98 34 L.W.
749 1419 231 36 JOHNSON
1000 1420 70 35 and
1090 1420 158 36 Carutha

265 1467 231 36 JOHNSON
517 1479 28 24 v.
568 1468 171 35 Clarence
759 1469 134 35 CARR
913 1469 69 36 and
1003 1470 106 35 Rosie
1128 1470 135 35 CARR

157 1536 130 35 85-285

1049 1539 68 35 706
1138 1539 142 35 S.W.2d
1301 1541 66 34 388

484 1605 172 44 Supreme
676 1606 111 35 Court
806 1606 40 35 of
862 1607 179 36 Arkansas

422 1655 152 44 Opinion
594 1655 173 35 delivered
788 1656 127 35 March
936 1658 56 41 31,
1017 1658 88 35 1986

452 1703 195 41 [Rehearing
665 1704 113 32 denied
797 1705 80 40 May
896 1706 28 37 5,
947 1705 126 41 1986.*]

223 2426 14 15 *
253 2427 93 30 Purtle,
361 2428 31 29 J.,
408 2431 42 22 not
465 2427 186 33 participating.
