1648 2696
1252 279 63 34 231

346 422 115 43 Kathy
483 422 206 34 MULLEN
712 432 27 23 v.
763 422 131 33 Homer
915 421 172 34 COUCH

111 497 129 33 85-235

1001 496 66 33 703
1089 494 143 35 S.W.2d
1253 495 66 34 866

439 571 171 43 Supreme
630 571 110 34 Court
760 570 38 35 of
816 571 178 34 Arkansas

353 621 150 43 Opinion
524 620 172 35 delivered
719 620 173 44 February
917 621 52 39 18,
994 620 87 34 1986

210 1551 116 38 Laser,
348 1549 118 44 Sharp
489 1551 30 33 &
542 1551 137 42 Mayes,
701 1551 95 39 P.A.,
817 1549 53 35 for
890 1549 187 44 appellant.

210 1625 143 35 Harold
370 1626 101 43 King,
492 1624 54 35 for
566 1625 166 44 appellee.

212 1701 125 34 David
365 1701 209 40 Newbern,
603 1700 142 35 Justice.

862 1700 75 34 The
964 1700 158 44 question
1151 1699 180 44 presented

120 1750 82 34 here
216 1750 27 34 is
257 1750 153 34 whether
423 1750 98 34 there
534 1750 28 34 is
576 1761 20 23 a
611 1750 89 34 limit
714 1761 43 23 on
771 1750 59 34 the
843 1750 84 34 time
940 1750 120 34 within
1074 1750 112 34 which
1200 1760 20 24 a
1234 1755 98 29 court

120 1810 81 32 may
214 1804 102 37 grant
328 1810 19 23 a
361 1799 119 43 timely
491 1799 131 34 motion
636 1799 53 34 for
701 1810 20 23 a
734 1810 74 23 new
820 1800 89 33 trial.
923 1800 66 33 We
1001 1799 81 34 hold
1094 1799 76 34 that
1182 1799 59 34 the
1252 1799 79 34 trial

120 1853 99 29 court
230 1848 87 35 loses
325 1848 218 43 jurisdiction
554 1853 35 30 to
600 1849 74 33 rule
685 1859 43 24 on
739 1848 59 35 the
808 1849 131 34 motion
949 1849 118 43 ninety
1077 1848 85 44 days
1173 1848 90 35 after
1273 1848 59 34 the

117 1898 186 44 judgment
314 1898 27 34 is
352 1898 80 35 filed
442 1898 83 35 with
536 1898 59 35 the
606 1898 104 35 clerk.
722 1898 198 41 Therefore,
931 1909 51 24 we
993 1909 133 24 reverse
1136 1898 60 35 the
1206 1898 125 34 court’s

121 1948 162 45 granting
294 1948 39 36 of
340 1949 59 35 the
409 1960 74 24 new
494 1949 79 35 trial
585 1949 130 35 motion
726 1959 44 25 on
781 1949 79 44 July
875 1949 143 41 1,1985,
1029 1948 83 36 with
1123 1953 132 40 respect
1266 1953 35 31 to
1311 1959 20 24 a

117 2000 186 43 judgment
323 1999 80 35 filed
425 2000 175 44 February
620 2001 33 40 4,
679 2001 98 33 1985.

213 2076 85 33 Ark.
315 2076 42 33 R.
373 2075 73 34 Civ.
462 2076 36 33 P.
515 2076 43 33 59
574 2075 27 34 is
615 2074 146 35 devoted
775 2080 35 29 to
823 2075 60 34 the
896 2075 135 42 subject
1044 2073 40 36 of
1094 2074 59 35 the
1167 2085 73 23 new
1254 2074 78 35 trial

122 2124 143 39 motion,
277 2124 68 33 and
356 2124 26 33 it
392 2124 157 33 contains
559 2123 96 34 short
665 2124 106 33 limits
781 2134 44 23 on
836 2124 137 41 moving
984 2123 54 34 for
1048 2123 69 34 and
1128 2123 205 43 responding

122 2177 36 29 to
174 2172 60 34 the
250 2172 130 34 motion
397 2172 53 34 for
467 2183 20 23 a
505 2183 74 23 new
596 2172 79 34 trial
692 2171 90 35 after
798 2183 20 23 a
831 2171 195 44 judgment.
1044 2172 59 33 No
1119 2171 170 44 provision
1305 2171 28 34 is

122 2221 104 35 made
243 2222 34 34 in
294 2222 76 34 that
386 2222 74 34 rule
476 2221 53 34 for
546 2221 175 44 requiring
738 2221 58 34 the
812 2226 98 29 court
926 2226 36 29 to
978 2221 74 34 rule
1068 2231 44 24 on
1129 2221 59 34 the
1204 2220 129 35 motion

122 2271 120 35 within
259 2282 20 24 a
295 2271 113 35 stated
424 2271 94 35 time.
535 2271 75 34 The
625 2271 177 44 appellant
817 2271 99 34 relies
932 2270 135 35 instead
1082 2281 44 24 on
1142 2271 84 34 Ark.
1244 2270 89 35 Stat.

122 2322 93 34 Ann.
236 2322 17 42 §
273 2322 189 34 27-2106.4
481 2321 116 44 (Repl.
619 2320 117 44 1979).
754 2321 92 35 That
862 2325 130 31 statute
1008 2320 159 45 required
1184 2320 76 35 that
1276 2320 59 35 the

123 2372 139 43 moving
279 2377 100 38 party
395 2377 137 38 request
549 2382 20 24 a
587 2371 143 44 hearing
747 2382 43 24 on
807 2371 59 35 the
882 2382 74 23 new
972 2371 80 34 trial
1069 2371 130 34 motion
1216 2370 119 35 within

123 2422 108 43 thirty
242 2421 85 44 days
339 2421 90 35 from
440 2421 96 43 filing
547 2421 59 35 the
618 2421 141 34 motion.
772 2421 31 34 It
814 2421 163 44 provided
989 2420 134 35 further
1134 2421 76 34 that
1221 2420 114 35 unless
