1658 2686
316 409 137 44 (1984).
467 409 75 35 The
553 410 132 34 United
698 409 116 35 States
826 409 170 45 Supreme
1010 409 109 35 Court
1131 410 63 34 has
1207 409 80 35 held
1300 409 76 35 that
1389 409 59 35 the
1461 414 66 30 test

314 460 131 44 applies
460 465 36 29 to
511 460 196 44 challenges
723 465 35 29 to
774 459 109 45 guilty
898 460 105 44 pleas.
1020 459 80 35 Hill
1112 471 31 23 v.
1159 458 366 42 Lockhart,

312 538 74 13 - U.S. -,
405 510 63 35 106
482 510 35 34 S.
533 510 56 35 Ct.
605 511 66 34 366
688 509 136 44 (1985).
839 510 74 35 The
925 510 74 34 first
1012 515 78 38 part
1102 509 40 35 of
1151 510 59 34 the
1222 514 67 30 test
1302 510 152 43 requires
1468 509 59 35 the

314 560 182 43 petitioner
521 565 35 29 to
581 560 93 34 show
698 560 77 34 that
799 560 59 34 the
882 560 168 34 counsel’s
1076 560 271 43 representation
1372 571 69 23 was
1466 564 60 30 not

313 610 119 34 within
461 609 59 34 the
548 620 107 32 range
683 608 39 35 of
747 615 223 37 competence
998 609 195 34 demanded
1221 608 40 34 of
1286 614 176 38 attorneys
1491 609 34 33 in

313 658 159 34 criminal
482 668 107 24 cases.
602 658 79 34 Hill
689 669 32 22 v.
733 658 187 39 Lockhart,
932 668 123 32 supra;
1064 659 176 33 McMann
1249 669 30 22 v.
1291 658 234 39 Richardson,

315 708 66 33 397
400 707 83 35 U.S.
503 708 67 33 759
590 706 137 43 (1970).
745 708 34 32 A
796 707 190 34 defendant
1002 707 77 34 who
1095 707 119 43 pleads
1231 707 110 43 guilty
1358 717 92 33 upon
1468 706 59 35 the

314 756 119 35 advice
448 755 40 35 of
499 757 139 33 counsel
654 766 81 33 may
750 761 59 30 not
824 756 214 43 collaterally
1053 757 119 33 attack
1187 757 59 34 the
1259 756 182 44 voluntary
1457 755 68 36 and

313 806 192 43 intelligent
519 806 180 34 character
712 805 40 34 of
762 806 59 34 the
834 806 110 44 guilty
958 806 77 44 plea
1049 806 130 43 merely
1192 806 45 44 by
1250 805 275 43 demonstrating

313 855 76 35 that
398 866 95 24 some
503 855 119 35 advice
631 855 155 35 received
796 855 90 35 from
896 855 139 35 counsel
1044 867 70 23 was
1124 866 194 30 erroneous;
1328 855 128 42 rather,
1466 855 60 35 the

312 906 158 43 question
485 905 27 34 is
527 905 153 35 whether
694 905 168 35 counsel’s
877 905 120 35 advice
1011 916 69 24 was
1095 910 207 40 competent,
1318 905 120 44 taking
1452 906 72 34 into

313 959 147 31 account
487 955 59 34 the
571 955 157 35 inherent
755 955 218 45 uncertainty
999 955 34 34 in
1060 955 155 44 advising
1241 966 20 24 a
1288 955 104 35 client
1418 956 107 35 about

313 1005 161 44 pleading
486 1005 119 44 guilty.
619 1005 74 35 The
705 1005 130 35 United
848 1005 116 35 States
977 1005 235 35 Constitution
1224 1005 82 35 does
1318 1011 60 29 not
1390 1006 136 44 require

312 1055 59 35 the
384 1060 90 30 state
486 1060 35 30 to
534 1055 134 35 furnish
682 1055 59 36 the
753 1055 189 36 defendant
955 1055 82 35 with
1051 1056 223 35 information
1288 1056 106 35 about
1407 1056 118 45 parole

312 1105 181 44 eligibility
519 1106 34 34 in
580 1106 101 35 order
707 1105 53 35 for
787 1106 58 34 the
871 1105 219 36 defendant’s
1117 1107 77 43 plea
1221 1105 39 35 of
1283 1106 110 44 guilty
1419 1112 36 30 to
1482 1107 43 34 be

311 1156 192 43 voluntary,
525 1155 68 35 and
614 1166 183 25 erroneous
819 1156 120 35 advice
958 1166 44 24 on
1023 1157 118 43 parole
1161 1156 181 44 eligibility
1362 1156 81 35 does
1464 1158 60 33 not

313 1205 262 43 automatically
584 1206 123 34 render
717 1216 21 23 a
748 1206 77 43 plea
836 1206 228 43 involuntary.
1075 1205 80 35 Hill
1163 1217 30 23 v.
1205 1205 187 40 Lockhart,
1404 1217 119 33 supra.

315 269 66 34 268

495 1290 75 34 The
596 1289 126 36 second
749 1295 77 38 part
852 1290 40 35 of
915 1291 60 34 the
999 1291 210 34 Strickland
1233 1295 67 29 test
1327 1291 111 34 which
1465 1292 60 33 the

312 1339 182 43 petitioner
510 1344 92 29 must
618 1339 122 42 satisfy
756 1339 27 34 is
799 1344 35 29 to
850 1340 93 33 show
959 1340 85 33 such
1060 1340 176 42 prejudice
1251 1340 165 42 resulting
1433 1340 90 34 from

311 1388 168 34 counsel’s
494 1399 110 23 errors
619 1389 76 34 that
709 1388 97 34 there
819 1388 28 34 is
862 1400 20 23 a
897 1389 226 34 “reasonable
1137 1389 209 43 probability
1359 1389 87 41 that,
1462 1390 62 33 but

312 1437 53 35 for
377 1437 168 35 counsel’s
559 1448 120 31 errors,
694 1437 43 35 he
749 1438 113 34 would
875 1443 60 30 not
948 1439 87 34 have
1047 1438 146 44 pleaded
1207 1438 109 44 guilty
1329 1438 68 35 and
1410 1437 113 37 would

312 1487 87 35 have
414 1487 141 35 insisted
570 1498 44 24 on
629 1488 103 43 going
748 1492 35 30 to
799 1488 113 35 trial.”
928 1487 80 36 Hill
1021 1499 30 23 v.
1068 1473 455 56 Lockhart, - U.S -,

316 1538 64 34 106
401 1537 35 35 S.
459 1537 55 34 Ct.
536 1542 36 30 at
594 1539 67 33 370
683 1537 137 43 (1985).

401 1622 188 43 Appellant
606 1623 58 34 did
681 1628 60 29 not
757 1623 122 44 satisfy
896 1624 58 34 the
969 1623 210 35 Strickland
1193 1628 77 30 test.
1289 1623 99 41 First,
1406 1624 116 44 appel-

311 1672 101 34 lant’s
423 1672 140 35 counsel
574 1672 148 35 testified
733 1672 76 35 that
820 1673 44 34 he
874 1672 59 35 did
944 1677 60 30 not
1015 1673 103 35 make
1128 1673 27 34 it
1166 1684 20 24 a
1197 1673 153 44 practice
1359 1678 35 30 to
1406 1674 116 34 advise

311 1721 206 35 defendants
530 1722 106 35 about
648 1722 117 44 parole
777 1722 190 45 eligibility.
981 1723 50 33 As
1043 1723 114 34 stated
1169 1723 203 44 previously,
1384 1724 99 35 there
1494 1723 28 35 is

312 1782 43 24 no
374 1771 258 36 constitutional
652 1772 231 43 requirement
902 1772 54 35 for
975 1772 73 35 him
1066 1778 36 29 to
1120 1773 45 34 do
1184 1784 47 24 so.
1251 1773 197 42 Therefore,
1469 1773 53 35 his

311 1822 126 41 action,
448 1832 38 24 or
496 1822 161 41 inaction,
669 1823 34 34 in
714 1822 75 34 that
800 1822 134 43 regard,
945 1822 59 35 did
1015 1828 59 29 not
1084 1822 62 35 fall
1157 1822 134 36 outside
1301 1823 59 34 the
1369 1834 107 33 range
1485 1823 40 35 of

310 1876 223 39 competence
547 1871 194 35 demanded
757 1871 39 35 of
807 1877 176 39 attorneys
999 1872 34 34 in
1048 1873 158 34 criminal
1222 1883 105 24 cases.
1344 1873 103 35 Since
1462 1874 59 34 the

310 1921 73 34 first
395 1926 77 39 part
484 1921 39 34 of
531 1921 59 34 the
600 1921 209 35 Strickland
818 1927 67 29 test
897 1932 69 25 was
979 1927 59 29 not
1050 1928 82 35 met,
1145 1922 26 35 it
1182 1923 27 34 is
1222 1927 59 30 not
1292 1933 182 34 necessary
1485 1928 36 30 to

310 1971 103 34 reach
440 1970 58 35 the
524 1971 125 35 second
677 1976 87 39 part.
792 1972 65 34 We
883 1971 179 42 conclude,
1089 1972 165 41 however,
1281 1972 77 35 that
1383 1984 84 23 even
1494 1972 30 35 if

310 2021 176 43 appellant
498 2020 69 35 had
579 2021 87 34 been
679 2021 78 35 able
769 2026 35 29 to
817 2021 122 44 satisfy
951 2021 59 35 the
1022 2022 73 34 first
1108 2028 77 37 part
1197 2021 39 36 of
1245 2022 58 34 the
1314 2022 209 35 Strickland

310 2075 77 36 test,
405 2071 52 34 his
474 2070 203 43 allegations
694 2081 59 24 are
770 2076 59 29 not
846 2071 170 35 sufficient
1032 2076 36 29 to
1085 2071 122 44 satisfy
1222 2071 60 35 the
1299 2072 220 43 “prejudice”

309 2120 233 44 requirement
552 2120 39 34 of
597 2120 217 35 Strickland.
825 2121 69 34 See
903 2120 216 40 Strickland,
1131 2132 118 33 supra.
1261 2122 189 43 Appellant
1460 2121 59 35 did

309 2175 59 29 not
383 2170 110 42 allege
507 2170 76 34 that
597 2170 44 34 he
654 2170 113 35 would
781 2170 88 35 have
882 2170 142 35 insisted
1038 2182 44 23 on
1096 2172 103 42 going
1213 2177 35 29 to
1262 2171 90 35 trial.
1368 2171 150 41 Instead,

309 2219 52 34 his
375 2219 186 43 testimony
574 2231 70 23 was
658 2220 77 34 that
749 2220 97 34 there
859 2231 70 24 was
945 2221 66 33 “no
1025 2221 142 42 telling”
1182 2221 153 34 whether
1349 2221 43 34 he
1406 2221 113 35 would

309 2268 87 35 have
407 2268 145 45 pleaded
563 2269 110 44 guilty
683 2269 69 35 had
762 2269 44 35 he
816 2269 86 35 been
914 2270 171 35 informed
1096 2270 106 35 about
1213 2270 117 44 parole
1340 2271 180 43 eligibility

309 2318 53 35 for
382 2318 157 35 habitual
559 2319 183 35 offenders.

399 2404 180 35 Affirmed.
