1648 2696
137 402 146 30 connect
303 397 59 34 the
382 397 189 35 defendant
590 397 83 34 with
694 397 59 35 the
772 397 221 35 commission
1013 397 40 34 of
1070 397 59 35 the
1148 397 141 35 offense.

1281 257 64 33 271

323 483 114 44 Camp
452 483 84 34 cites
556 483 82 35 Teel
651 494 30 23 v.
697 484 114 40 State,
831 484 64 33 129
911 483 85 34 Ark.
1018 484 76 40 180,
1114 484 63 34 195
1195 483 93 34 S.W.
1307 484 44 34 32

140 532 139 43 (1917),
289 533 69 34 and
367 533 113 34 Hicks
487 544 31 23 v.
527 533 114 41 State,
652 534 67 33 219
729 533 85 34 Ark.
826 534 155 40 528, 243
993 532 143 35 S.W.2d
1147 534 67 33 372
1225 532 124 44 (1951)

139 582 54 35 for
206 583 59 34 the
277 582 210 44 proposition
500 583 77 34 that
590 582 29 35 if
629 583 59 34 the
701 583 108 34 incest
822 583 163 34 “victim”
999 583 28 34 is
1040 583 131 34 sixteen
1184 594 98 32 years
1294 582 58 35 old

139 643 38 24 or
190 632 96 35 older
299 633 98 34 when
411 633 58 34 the
482 633 132 34 offense
627 643 120 24 occurs
761 633 82 34 then
857 633 60 34 she
930 633 28 34 is
972 644 45 23 an
1031 633 211 43 accomplice
1254 632 30 35 if
1293 633 60 34 the

139 687 57 30 act
207 693 120 24 occurs
337 682 82 35 with
430 683 60 34 her
500 688 153 30 consent.
665 683 66 34 We
741 694 59 23 are
810 688 59 29 not
879 682 193 44 persuaded
1082 683 46 43 by
1138 682 97 35 those
1245 693 106 31 cases,

139 732 180 44 primarily
329 732 147 35 because
485 732 98 35 there
592 744 70 23 was
672 743 44 24 no
726 732 101 44 proof
834 732 59 35 the
902 733 212 34 intercourse
1123 744 69 23 was
1202 732 82 36 with
1294 733 59 34 the

139 788 144 29 consent
294 782 38 35 of
340 782 59 35 the
410 782 259 44 stepdaughter,
680 782 69 35 and
761 783 114 43 ample
886 782 102 45 proof
996 788 36 31 to
1042 783 60 34 the
1112 787 170 40 contrary:
1294 783 60 35 the

140 832 93 35 child
243 843 70 24 was
322 843 100 24 seven
432 843 37 24 or
479 832 95 44 eight
584 844 98 33 years
692 832 57 35 old
758 833 98 34 when
866 833 60 34 her
936 833 136 34 mother
1081 832 150 35 married
1241 832 112 36 David

141 883 126 43 Camp;
285 883 61 36 she
363 882 68 35 had
448 883 88 34 lived
554 883 35 34 in
606 883 59 34 the
682 894 96 23 same
794 883 189 34 household
1000 883 83 35 with
1101 883 72 35 him
1190 882 53 35 for
1259 883 95 43 eight

141 943 99 33 years
252 932 33 34 in
298 944 19 23 a
329 933 231 43 parent-child
571 933 235 44 relationship;
818 933 61 34 her
889 944 76 23 own
976 933 115 34 father
1102 944 69 24 was
1182 931 100 43 dead;
1294 933 61 35 she

141 982 149 35 testified
318 982 76 35 that
420 983 61 34 her
508 982 203 44 stepfather,
738 983 77 34 who
841 994 70 23 was
938 983 229 43 thirty-eight,
1195 983 72 34 told
1293 983 61 34 her

141 1042 154 33 younger
312 1032 115 34 sisters
444 1038 35 29 to
496 1038 77 38 stay
590 1038 36 29 at
643 1033 59 34 the
718 1033 107 34 house
841 1033 101 34 while
958 1033 44 34 he
1019 1032 69 36 and
1105 1032 58 35 the
1179 1032 94 35 older
1290 1033 65 43 girl

141 1087 91 29 went
252 1087 35 29 to
307 1082 59 34 the
386 1082 96 41 barn,
503 1082 114 34 where
637 1082 44 34 he
699 1082 113 43 began
832 1082 156 44 fondling
1009 1082 71 35 her.
1101 1082 102 35 After
1223 1082 43 35 he
1285 1082 69 35 had

141 1131 162 35 removed
319 1132 60 34 her
395 1132 80 34 blue
485 1132 101 43 jeans
602 1132 69 35 and
686 1132 109 35 under
810 1138 176 38 garments
1002 1132 44 35 he
1061 1132 69 35 had
1145 1132 211 35 intercourse

141 1182 84 34 with
239 1182 71 34 her.
326 1182 112 34 When
453 1182 43 34 he
510 1182 69 35 had
594 1182 146 35 finished
754 1183 44 34 he
810 1182 73 35 told
897 1183 60 34 her
971 1183 61 34 she
1045 1182 102 35 could
1161 1193 43 33 go
1217 1183 90 34 back
1319 1188 36 29 to

142 1232 59 35 the
216 1232 117 34 house.
348 1232 73 34 The
435 1237 81 29 next
531 1232 159 44 morning
705 1232 60 35 she
779 1232 68 35 and
861 1233 61 34 her
936 1232 182 44 boyfriend
1132 1244 62 23 ran
1209 1244 97 33 away
1320 1238 36 30 to

142 1281 53 35 his
206 1281 129 35 sister’s
347 1282 101 34 home
459 1282 34 34 in
506 1282 137 35 Florida
656 1282 58 35 “to
725 1288 57 37 get
793 1293 98 33 away
902 1282 91 35 from
1004 1282 148 35 David.”
1164 1283 70 35 She
1244 1282 111 35 called

142 1331 62 35 her
219 1332 135 34 mother
369 1331 89 35 after
473 1343 20 23 a
509 1331 66 35 few
591 1332 85 43 days
691 1332 69 35 and
775 1332 125 44 agreed
915 1337 36 29 to
965 1343 99 24 come
1078 1332 91 35 back
1182 1332 98 35 when
1295 1333 60 35 her

143 1381 136 35 mother
299 1381 71 35 told
391 1382 59 34 her
470 1382 219 43 “something
709 1382 113 35 would
842 1382 43 35 be
903 1382 90 35 done
1012 1382 107 35 about
1138 1382 61 35 it.”
1219 1382 57 35 On
1296 1383 61 34 her

143 1436 118 30 return
286 1431 61 35 she
371 1437 90 29 went
484 1431 146 45 directly
655 1437 36 30 to
715 1432 60 35 her
800 1432 155 35 minister
979 1432 115 35 where
1118 1432 61 35 she
1202 1432 72 35 told
1298 1432 59 35 the

143 1481 157 36 minister
312 1482 68 34 and
392 1493 20 24 a
425 1482 105 35 social
543 1483 132 34 worker
687 1482 107 35 about
805 1483 59 34 the
876 1483 176 41 situation;
1065 1482 90 35 after
1167 1483 60 34 her
1239 1488 118 29 return

143 1532 61 34 she
214 1532 133 43 stayed,
359 1537 58 30 not
427 1537 36 30 at
474 1532 114 41 home,
600 1533 62 34 but
672 1533 83 35 with
765 1532 140 35 friends.
919 1533 144 43 Finally,
1075 1532 167 44 referring
1253 1538 35 29 to
1298 1533 59 34 the

143 1582 164 40 incident,
318 1582 60 35 she
388 1582 148 35 testified
546 1582 77 35 that
633 1582 77 35 that
719 1593 70 24 was
799 1583 58 34 the
867 1583 66 34 last
943 1583 84 34 time
1037 1583 84 34 “she
1130 1594 70 23 was
1209 1583 103 43 going
1321 1588 36 30 to

143 1637 62 38 put
229 1642 47 33 up
300 1632 82 34 with
407 1632 60 34 it.”
492 1632 127 43 Giving
644 1632 76 34 that
745 1632 101 43 proof
867 1632 43 34 its
934 1632 137 43 highest
1094 1632 69 34 and
1187 1638 170 38 strongest

143 1681 180 43 probative
330 1681 111 40 value,
450 1692 52 23 we
510 1692 66 23 can
586 1681 107 43 easily
702 1692 61 32 say
771 1681 59 34 the
839 1682 211 34 intercourse
1058 1692 70 24 was
1138 1687 59 29 not
1205 1682 82 34 with
1296 1682 61 34 her

143 1735 154 35 consent,
319 1730 79 40 and,
420 1730 232 43 accordingly,
673 1741 52 23 we
745 1730 167 34 conclude
932 1731 61 34 her
1013 1731 186 42 testimony
1219 1731 58 34 did
1298 1736 59 29 not

143 1778 137 43 require
305 1779 269 34 corroboration.
600 1778 159 35 Johnson
783 1790 30 23 v.
838 1780 114 40 State,
979 1780 66 33 288
1072 1780 85 33 Ark.
1187 1780 75 40 158,
1289 1781 68 33 702

143 1827 145 35 S.W.2d
309 1829 67 33 797
399 1827 138 44 (1986).

236 1914 57 35 On
303 1914 59 35 the
371 1925 95 24 same
476 1915 149 44 premise
633 1915 177 44 appellant
820 1926 123 33 argues
952 1916 77 35 that
1039 1916 84 34 Ark.
1134 1916 89 35 Stat.
1234 1917 91 33 Ann.
1338 1915 18 43 §

144 1965 155 33 41-2403
313 1964 142 35 violates
468 1965 59 34 the
539 1964 69 35 due
620 1975 137 33 process
770 1965 117 35 clause
899 1965 69 37 and
981 1965 59 35 the
1053 1966 102 43 equal
1167 1966 191 43 protection

144 2014 135 34 clauses
304 2013 39 35 of
364 2014 58 34 the
447 2014 211 34 Fourteenth
682 2014 237 35 Amendment
944 2020 35 29 to
1003 2015 60 34 the
1087 2015 131 35 United
1242 2015 116 34 States

145 2063 237 35 Constitution
416 2063 68 35 and
518 2064 135 34 Article
687 2065 32 40 2,
754 2064 139 35 Section
932 2065 52 40 18,
1018 2064 40 35 of
1088 2064 59 35 the
1180 2064 178 35 Arkansas

145 2113 247 35 Constitution.

237 2199 115 45 Camp
365 2210 123 33 argues
501 2200 77 35 that
592 2200 68 35 had
674 2200 61 35 she
747 2200 86 35 been
847 2200 52 35 his
913 2200 138 35 natural
1064 2201 131 34 sixteen
1207 2212 82 33 year
1302 2200 57 35 old

145 2249 183 44 daughter,
351 2250 58 35 the
431 2250 249 44 stepdaughter
702 2256 57 29 too
781 2250 102 35 could
905 2251 87 34 have
1014 2251 87 35 been
1123 2251 178 35 convicted
1323 2250 40 35 of

145 2300 110 34 incest
268 2300 110 34 under
393 2300 17 43 §
426 2301 154 34 41-2403
586 2300 53 43 (a)
655 2300 54 35 for
722 2300 126 44 having
862 2301 119 34 sexual
995 2301 211 34 intercourse
1218 2301 83 34 with
1314 2312 45 23 an

146 2355 169 28 ancestor.
337 2350 31 34 It
387 2349 143 41 follows,
551 2350 44 34 he
613 2350 126 40 insists,
760 2350 76 34 that
855 2351 44 33 he
918 2355 127 29 cannot
1064 2351 43 33 be
1126 2350 178 34 convicted
1324 2350 39 34 of

146 2398 109 34 incest
263 2399 145 33 without
416 2399 62 33 her
486 2399 259 33 corroboration
754 2399 39 34 of
799 2399 60 34 her
868 2399 196 43 testimony.
1075 2400 79 39 But,
1163 2410 38 22 as
1210 2399 82 34 with
1301 2399 60 34 the
