1673 2703
159 400 159 36 defenses
337 412 89 24 were
445 407 59 29 not
524 402 242 42 antagonistic,
787 402 102 43 being
908 403 140 43 general
1068 402 131 35 denials
1219 403 76 35 that
1314 403 59 34 the

159 462 101 33 rapes
275 452 83 34 took
372 452 108 43 place.
497 452 149 34 Neither
662 452 190 35 defendant
866 452 105 35 chose
985 457 37 30 to
1037 452 129 45 testify.
1182 452 75 35 The
1272 463 100 33 argu-

160 507 96 29 ment
271 502 34 34 in
321 501 95 35 favor
431 501 39 35 of
481 513 20 24 a
516 513 185 24 severance
715 503 28 34 is
757 502 235 44 unsupported
1007 503 45 44 by
1066 502 176 35 reference
1256 508 35 29 to
1306 514 68 33 any

159 551 140 43 specific
315 551 72 35 fact
402 551 191 44 indicating
609 552 77 34 that
701 551 110 35 either
826 551 190 36 defendant
1031 552 151 35 suffered
1198 552 175 44 prejudice

161 601 91 34 from
272 601 59 34 the
347 601 89 43 joint
456 601 90 35 trial.

1304 262 64 33 551

346 679 33 33 A
388 677 141 36 seventh
539 678 107 43 point,
657 678 207 43 concerning
874 678 154 35 asserted
1037 678 217 35 misconduct
1263 689 44 24 on
1315 679 60 35 the

161 732 78 39 part
262 727 39 34 of
315 727 124 43 jurors,
463 727 123 44 hardly
608 727 157 35 deserves
787 728 200 35 discussion.
1010 728 104 35 After
1136 729 58 34 the
1215 728 79 35 trial
1315 729 60 34 the

161 776 142 35 defense
317 777 81 34 filed
411 788 20 23 a
446 777 132 35 motion
593 777 52 35 for
659 789 21 23 a
695 788 73 24 new
783 778 91 40 trial,
888 778 180 43 attaching
1081 778 99 35 three
1193 778 181 35 affidavits.

161 827 84 34 Two
260 826 39 35 of
311 827 59 34 the
385 826 170 35 affidavits
571 826 69 35 had
656 838 44 23 no
715 827 71 35 real
802 827 194 35 substance.
1013 828 75 34 The
1102 827 92 35 third
1210 827 74 35 said
1299 828 77 35 that

161 875 126 44 during
299 887 20 23 a
332 876 103 34 lunch
447 877 87 34 hour
546 877 59 34 the
617 877 121 34 affiant
750 877 68 34 had
830 876 107 35 heard
950 882 67 30 two
1026 878 114 43 jurors
1152 877 191 44 discussing
1354 889 20 23 a

162 926 149 40 witness,
327 926 106 35 about
448 927 114 34 whom
577 937 65 24 one
653 926 98 43 juror
765 926 103 35 made
882 938 20 23 a
918 927 207 44 derogatory
1139 928 147 34 remark.
1302 928 75 34 The

162 981 99 29 court
271 976 192 34 conducted
474 987 19 24 a
504 976 144 43 hearing
659 982 36 29 at
705 976 112 35 which
827 977 83 34 both
920 977 59 34 the
985 977 114 43 jurors
1109 977 159 35 testified.
1279 977 97 44 They

162 1025 125 35 denied
301 1036 67 33 any
381 1026 224 44 impropriety
618 1026 69 34 and
700 1026 180 44 explained
894 1027 59 34 the
965 1026 153 35 incident
1131 1032 35 30 to
1178 1027 60 34 the
1250 1028 126 34 court’s

162 1075 228 35 satisfaction.
406 1076 104 35 Their
526 1076 186 44 testimony
727 1087 70 24 was
812 1077 203 44 practically
1029 1076 220 45 undisputed,
1265 1088 37 24 as
1317 1077 60 35 the

164 1125 121 35 affiant
310 1136 70 24 was
405 1131 59 29 not
490 1126 112 34 called
628 1131 35 29 to
688 1126 194 35 contradict
907 1127 36 34 it.
970 1127 60 34 No
1055 1126 203 44 prejudicial
1284 1138 93 24 error

163 1185 157 34 appears.

256 1253 39 34 In
314 1252 59 35 the
391 1252 81 35 final
491 1253 97 44 point
606 1254 26 34 it
651 1253 27 35 is
697 1253 153 35 asserted
868 1254 77 34 that
963 1254 60 34 the
1040 1259 99 30 court
1157 1254 143 35 allowed
1318 1254 59 35 the

163 1302 101 34 State
285 1307 36 29 to
342 1302 179 35 introduce
542 1302 238 36 inadmissible
801 1304 146 44 hearsay
968 1304 172 35 evidence.
1163 1304 33 35 A
1217 1304 160 44 youthful

164 1352 138 35 witness
317 1352 53 35 for
384 1352 59 35 the
457 1353 230 44 prosecution,
703 1354 125 34 Daniel
844 1354 183 44 Matheny,
1043 1353 170 36 admitted
1227 1365 44 24 on
1285 1364 92 25 cross

164 1403 235 34 examination
408 1403 75 35 that
492 1403 44 35 he
544 1403 70 35 had
624 1409 59 29 not
692 1403 72 35 told
773 1404 59 35 the
840 1404 96 35 truth
944 1404 100 35 when
1053 1404 44 35 he
1105 1404 74 35 first
1187 1404 116 35 talked
1312 1410 35 29 to
1356 1416 21 23 a

165 1452 111 44 police
285 1452 125 35 officer.
422 1453 56 34 On
488 1453 148 35 redirect
646 1453 234 35 examination
890 1454 59 34 the
958 1460 99 29 court
1066 1454 186 44 permitted
1261 1454 72 35 him
1343 1460 35 29 to

165 1502 137 43 explain
313 1502 76 35 that
401 1502 51 35 his
464 1508 139 38 parents
615 1503 70 34 had
696 1508 60 29 not
766 1503 136 35 wanted
914 1504 73 34 him
998 1509 36 29 to
1044 1514 99 24 come
1154 1509 35 30 to
1200 1505 177 34 Arkansas

164 1557 37 29 to
209 1551 130 44 testify,
350 1552 148 35 because
506 1552 83 44 they
599 1553 75 34 said
684 1553 44 35 he
737 1553 70 34 had
816 1554 87 34 been
914 1554 222 43 emotionally
1146 1553 177 35 disturbed
1332 1554 46 44 by

164 1601 53 35 his
228 1612 167 34 exposure
405 1607 35 29 to
450 1603 118 34 sexual
579 1603 219 43 experiences
809 1607 36 31 at
855 1603 59 35 the
924 1603 137 35 Blisses’
1073 1603 112 36 home.
1197 1604 73 35 The
1280 1609 98 30 court

164 1652 187 44 permitted
361 1653 59 34 the
430 1653 198 43 testimony,
639 1658 61 29 not
710 1659 36 29 to
757 1653 92 35 show
861 1653 77 35 that
948 1653 53 35 his
1012 1654 150 43 parents’
1174 1659 203 30 statements

164 1701 108 35 about
285 1702 52 34 his
349 1702 118 34 sexual
480 1703 219 42 experiences
712 1713 89 24 were
813 1708 86 35 true,
912 1703 63 35 but
987 1704 80 43 only
1079 1708 36 29 to
1126 1704 94 34 show
1232 1704 76 34 that
1319 1704 60 34 the

164 1755 205 30 statements
378 1751 68 34 had
457 1751 86 35 been
552 1751 114 41 made,
677 1752 196 44 explaining
882 1752 53 35 his
944 1753 128 34 motive
1080 1752 34 34 in
1124 1757 59 30 not
1192 1753 119 42 telling
1319 1753 59 34 the

164 1800 118 34 officer
302 1800 59 34 the
380 1800 106 35 truth.

396 1877 75 34 The
487 1878 128 34 court’s
634 1878 114 42 ruling
766 1888 70 24 was
854 1882 143 30 correct.
1017 1879 34 33 A
1069 1883 187 30 statement
1273 1877 28 36 is
1319 1884 61 29 not

165 1926 238 36 inadmissible
413 1938 37 23 as
462 1927 101 43 being
574 1927 148 44 hearsay
732 1927 30 35 if
770 1928 26 34 it
806 1928 27 35 is
844 1933 60 30 not
913 1928 132 35 offered
1056 1933 36 29 to
1102 1939 103 33 prove
1215 1928 59 35 the
1284 1929 95 34 truth

164 1976 40 35 of
214 1977 60 34 the
287 1982 127 30 matter
427 1977 165 35 asserted.
606 1978 166 34 Uniform
785 1977 171 36 Evidence
969 1979 91 34 Rule
1074 1977 137 45 801(c);
1223 1978 156 35 Jackson

164 2038 31 24 v.
221 2027 113 41 State,
361 2028 68 34 274
454 2027 84 35 Ark.
566 2029 79 40 317,
672 2028 69 34 624
766 2028 142 35 S.W.2d
934 2029 67 34 437
1030 2028 137 44 (1981).
1194 2028 103 35 Since
1321 2028 59 36 the

165 2077 187 44 testimony
381 2088 69 24 was
479 2077 201 36 admissible
709 2078 54 35 for
792 2089 65 24 one
885 2089 159 33 purpose,
1074 2079 59 34 the
1162 2078 216 36 defendants’

166 2127 190 43 objections
375 2138 89 24 were
483 2127 208 35 insufficient
710 2128 144 35 without
873 2139 20 24 a
912 2129 140 43 specific
1070 2133 138 40 request
1227 2129 75 34 that
1321 2129 59 34 the

165 2182 100 29 court
287 2177 145 34 instruct
454 2177 59 35 the
531 2177 81 44 jury
634 2182 36 29 to
692 2178 157 34 consider
871 2178 59 34 the
951 2178 187 43 testimony
1160 2178 79 43 only
1261 2178 53 34 for
1336 2178 43 34 its

166 2226 201 34 admissible
379 2237 148 33 purpose
541 2226 52 43 (to
605 2226 94 35 show
712 2226 154 44 motive).
883 2227 147 35 Chisum
1042 2238 31 23 v.
1085 2228 114 39 State,
1213 2228 66 34 273
1293 2228 85 34 Ark.

170 2277 28 38 1,
222 2276 67 34 616
312 2275 142 35 S.W.2d
477 2276 66 34 728
569 2276 138 42 (1981).
730 2276 112 35 There
862 2287 69 24 was
954 2287 44 23 no
1019 2282 139 38 request
1178 2276 54 34 for
1253 2277 84 34 such
1359 2288 20 23 a

166 2325 150 42 limiting
337 2325 213 35 instruction.

257 2401 180 35 Affirmed.
