1657 2686
295 269 67 33 542

384 1215 89 41 Roy,
494 1212 200 35 Mashburn
717 1214 31 33 &
770 1212 174 40 Lambert,
966 1213 53 34 for
1039 1212 187 44 appellant.

384 1297 140 33 Bassett
553 1297 81 33 Law
662 1296 107 40 Firm,
799 1295 55 43 by:
889 1294 154 36 William
1071 1294 133 35 Robert
1232 1294 96 40 Still,
1359 1296 63 39 Jr.,
1453 1294 53 34 for

293 1345 182 44 appellees.

384 1428 99 35 Jack
494 1429 118 39 Holt,
623 1428 68 41 Jr.,
702 1428 107 34 Chief
815 1427 141 35 Justice.

966 1429 57 33 An
1032 1428 91 34 issue
1131 1427 39 34 of
1176 1427 74 34 first
1259 1427 203 44 impression
1471 1427 35 34 in

293 1478 178 34 Arkansas
488 1478 27 34 is
532 1477 181 44 presented
729 1478 45 43 by
791 1477 67 35 this
874 1487 90 24 case.
981 1477 74 35 The
1071 1482 98 29 court
1185 1477 27 34 is
1230 1477 102 43 being
1349 1477 106 34 asked
1470 1482 36 29 to

294 1526 120 36 decide
429 1527 153 34 whether
597 1537 44 24 an
658 1527 212 35 automobile
885 1526 182 35 insurance
1082 1527 128 34 carrier
1226 1537 91 33 may,
1334 1527 45 43 by
1394 1526 112 44 policy

294 1577 182 42 language,
497 1576 120 35 set-off
634 1576 43 34 its
698 1576 148 35 medical
867 1582 192 37 payments,
1081 1576 103 34 made
1203 1586 44 24 on
1268 1576 122 34 behalf
1406 1576 40 34 of
1463 1576 43 34 its

293 1626 138 34 insured
442 1631 36 29 to
489 1637 20 23 a
520 1625 93 35 third
625 1631 111 38 party,
748 1626 136 43 against
895 1625 43 34 its
949 1630 165 39 payment
1125 1625 53 34 for
1190 1625 58 34 the
1259 1637 97 23 same
1367 1625 138 35 insured

292 1680 36 30 to
339 1675 60 35 the
410 1675 135 44 injured
557 1680 100 40 party
668 1676 40 35 of
716 1676 59 34 the
786 1675 112 44 policy
910 1675 89 35 limit
1011 1675 53 35 for
1075 1675 117 44 bodily
1204 1674 123 45 injury.
1340 1675 75 34 The
1426 1675 79 34 trial

293 1730 98 29 court
406 1726 80 34 held
500 1726 76 34 that
591 1725 59 35 the
664 1726 170 43 provision
849 1725 159 43 allowing
1024 1725 84 35 such
1124 1736 20 23 a
1159 1725 120 35 set-off
1290 1736 70 23 was
1374 1725 79 34 void
1467 1736 37 23 as

293 1775 137 43 against
440 1775 116 44 public
565 1775 112 44 policy
687 1776 93 34 since
789 1775 60 34 the
858 1775 121 34 set-off
985 1775 113 34 would
1109 1775 193 43 effectively
1311 1775 127 34 reduce
1447 1775 59 34 the

293 1825 114 35 stated
424 1825 112 44 policy
553 1825 116 34 limits.
689 1826 31 34 It
737 1825 28 34 is
783 1825 91 34 from
891 1824 76 35 that
985 1825 151 34 decision
1154 1824 77 35 that
1248 1825 59 34 the
1324 1825 182 34 insurance

293 1885 171 33 company
477 1875 116 42 brings
606 1874 67 35 this
687 1875 133 44 appeal.
835 1874 75 35 Our
919 1874 219 43 jurisdiction
1151 1874 28 34 is
1192 1879 168 39 pursuant
1372 1879 36 30 to
1420 1874 84 43 Sup.

292 1924 56 34 Ct.
371 1924 42 34 R.
435 1923 172 44 29(l)(c).

382 2007 75 35 The
473 2007 88 35 facts
578 2007 115 44 giving
710 2008 66 34 rise
792 2012 35 30 to
843 2007 68 35 this
927 2018 105 24 cause
1047 2007 40 35 of
1100 2007 115 35 action
1232 2018 59 24 are
1307 2018 37 24 as
1361 2007 141 35 follows.

291 2057 178 43 Appellee,
482 2057 109 43 Daryl
603 2058 77 42 Ray
692 2058 108 40 Cook,
812 2068 70 23 was
895 2057 112 43 riding
1019 2068 37 24 as
1068 2068 20 23 a
1100 2067 185 34 passenger
1296 2057 35 34 in
1343 2068 20 23 a
1374 2057 131 34 vehicle

292 2107 120 34 owned
424 2107 44 43 by
479 2107 127 43 Nancy
617 2107 29 34 J.
660 2106 185 45 Schippers
857 2106 69 35 and
937 2106 118 35 driven
1066 2107 45 43 by
1123 2108 87 33 Mrs.
1223 2106 196 44 Schippers’
1432 2117 71 30 son,

293 2156 92 34 Kent
403 2156 117 43 Clary,
539 2156 82 34 with
639 2156 61 34 her
718 2156 203 44 permission
939 2156 68 34 and
1025 2161 152 29 consent.
1196 2156 75 35 The
1286 2156 132 34 vehicle
1435 2167 69 23 was

291 2205 156 35 involved
463 2206 34 34 in
514 2217 44 23 an
575 2205 159 35 accident
750 2205 68 35 and
836 2206 99 34 Cook
950 2216 69 24 was
1036 2206 165 43 seriously
1218 2205 145 43 injured.
1381 2206 49 34 At
1446 2205 58 34 the

291 2255 85 34 time
397 2255 39 35 of
454 2255 59 35 the
535 2255 169 42 accident,
727 2256 59 34 the
806 2255 132 35 vehicle
959 2266 70 24 was
1051 2255 139 35 insured
1212 2255 45 43 by
1279 2256 100 34 State
1401 2256 104 33 Farm

292 2305 142 34 Mutual
450 2306 187 33 Insurance
652 2305 194 44 Company,
862 2305 59 34 the
936 2306 186 43 appellant.
1140 2305 187 43 Following
1341 2305 59 34 the
1415 2304 88 35 acci-

292 2354 92 41 dent,
401 2355 108 41 Cook,
526 2354 149 43 through
690 2355 52 34 his
758 2354 146 41 mother,
920 2354 136 35 Sandra
1071 2355 104 40 Sims,
1190 2354 81 35 filed
1286 2355 68 34 suit
1369 2355 136 42 against

292 2404 107 43 Clary
410 2404 69 35 and
491 2405 87 34 Mrs.
591 2404 196 45 Schippers.
798 2405 92 34 That
901 2415 80 24 case
991 2416 70 23 was
1072 2404 124 35 settled
1208 2404 53 34 for
1273 2405 161 41 $25,000,
1446 2404 59 34 the
