1632 2696
113 424 145 43 hearing
274 435 69 23 was
359 430 51 28 set
427 423 52 35 for
494 434 96 24 some
605 424 66 34 five
686 423 84 44 days
787 423 118 34 before
920 423 60 34 the
994 422 193 44 thirty-day
1202 421 126 45 speedy

114 475 79 34 trial
205 475 86 34 time
302 474 88 34 limit
402 485 72 23 ran.
487 474 75 34 The
572 473 219 35 defendant’s
804 478 158 38 attorney
974 472 107 35 failed
1092 477 36 30 to
1139 471 119 36 attend
1270 472 59 35 the

114 524 155 43 hearing,
283 524 68 35 and
362 524 59 34 the
431 529 99 29 court
541 523 82 35 then
636 523 224 36 rescheduled
871 523 60 34 the
941 523 80 34 trial
1032 533 45 24 on
1089 533 20 24 a
1120 522 81 35 date
1212 522 116 34 eleven

114 574 85 43 days
226 574 90 34 after
341 574 59 34 the
425 573 98 34 limit.
550 573 75 34 The
650 573 173 43 appellate
848 578 98 29 court
971 572 75 34 said
1071 572 77 35 that
1173 572 35 34 in
1233 572 97 34 these

114 624 281 40 circumstances,
406 623 114 34 where
530 634 20 23 a
560 622 191 35 defendant
761 623 77 34 who
847 633 70 23 was
928 622 160 43 required
1098 627 36 29 to
1144 622 42 34 be
1196 621 88 35 tried
1295 622 34 34 in

115 674 107 43 thirty
234 673 85 44 days
332 672 104 35 asked
449 672 53 35 for
514 678 68 29 two
593 678 99 29 court
704 672 171 43 hearings,
888 672 26 34 it
925 683 71 23 was
1008 677 60 29 not
1079 671 251 35 unreasonable

115 729 36 29 to
164 724 100 34 allow
279 728 96 29 extra
389 723 93 34 time.
497 723 75 34 The
585 733 81 24 case
678 722 82 35 does
774 728 59 28 not
846 733 61 32 say
920 722 154 34 whether
1088 721 59 34 the
1160 721 91 35 Ohio
1265 721 65 34 law

116 772 160 44 required
298 772 171 35 dismissal
492 772 34 35 in
549 772 59 34 the
631 777 99 29 event
752 772 59 34 the
832 772 85 34 time
939 771 89 35 limit
1050 771 28 34 is
1100 770 170 35 exceeded
1293 781 37 24 or

116 822 186 44 permitted
323 833 67 32 any
411 821 248 35 “reasonable”
680 821 111 43 delay.

1284 281 41 33 55

208 899 66 34 We
288 898 197 44 appreciate
499 898 59 35 the
572 899 172 42 Attorney
758 898 180 34 General’s
953 897 130 35 candor
1097 898 34 34 in
1145 897 117 43 citing,
1278 896 53 35 for

115 949 237 43 comparative
367 959 174 33 purposes,
557 947 167 35 Rodman
737 959 30 23 v.
786 948 137 42 County
941 948 121 40 Court,
1079 948 68 34 694
1162 947 85 34 P.2d
1263 948 63 33 871

118 998 115 43 (Colo.
255 1000 91 42 App.
372 997 116 43 1984).
509 998 75 34 The
604 998 92 34 issue
715 1008 44 24 on
780 998 123 43 appeal
923 1008 70 24 was
1014 998 104 43 again
1138 997 152 35 whether
1311 1008 20 23 a

117 1049 132 34 motion
266 1048 53 35 for
335 1059 20 24 a
371 1048 140 44 pretrial
528 1047 206 36 conference
748 1059 70 24 was
834 1059 21 23 a
871 1048 92 34 basis
979 1047 54 35 for
1049 1047 183 43 excluding
1248 1047 84 35 time

117 1098 92 35 from
223 1099 60 34 the
297 1098 126 44 speedy
437 1098 80 35 trial
532 1098 220 35 calculation.
768 1098 74 34 The
856 1108 80 24 case
950 1098 28 34 is
993 1098 105 34 much
1113 1098 68 34 like
1195 1097 59 35 the
1267 1108 65 24 one

117 1148 120 34 before
250 1159 39 23 us
303 1159 86 30 now,
403 1159 37 23 as
453 1148 59 34 the
525 1148 79 34 trial
617 1153 99 29 court
729 1147 59 35 did
801 1153 59 29 not
873 1148 87 34 have
973 1153 36 29 to
1022 1153 167 38 postpone
1201 1158 67 32 any
1281 1152 51 29 set

117 1198 80 34 trial
217 1198 92 34 date.
330 1198 75 34 The
425 1197 173 35 Colorado
619 1198 112 34 Court
750 1197 39 35 of
806 1198 153 43 Appeals
980 1197 85 35 said:

244 1276 94 33 Here
356 1302 6 7 .
390 1302 6 7 .
425 1302 6 7 .
450 1274 98 35 there
565 1274 27 35 is
610 1274 144 44 nothing
771 1274 35 34 in
823 1274 59 35 the
898 1273 121 36 record
1036 1279 36 30 to
1089 1273 151 35 indicate
1256 1273 77 35 that

244 1324 190 35 Rodman’s
444 1324 120 44 timely
574 1329 138 39 request
721 1324 54 35 for
784 1324 59 35 the
852 1324 142 44 pretrial
1003 1324 205 36 conference
1217 1334 115 24 neces-

243 1374 126 36 sitated
389 1386 20 24 a
429 1374 101 45 delay
550 1385 38 24 or
608 1380 264 39 postponement
891 1374 39 35 of
947 1374 60 35 the
1025 1374 80 35 trial
1125 1374 91 35 date.
1237 1374 95 41 Also,

243 1425 98 34 there
352 1425 27 34 is
391 1425 143 43 nothing
546 1425 34 34 in
592 1425 60 34 the
662 1425 120 34 record
794 1430 35 29 to
841 1425 152 34 indicate
1003 1425 77 34 that
1092 1424 161 35 Rodman
1265 1424 68 35 had

244 1474 150 44 rejected
410 1486 19 23 a
445 1474 169 44 proposed
629 1475 81 34 trial
724 1474 82 35 date
820 1475 120 33 within
955 1475 59 33 the
1029 1479 172 39 statutory
1216 1474 118 44 period

246 1551 6 7 .
281 1551 6 7 .
315 1551 6 7 .
338 1524 76 34 that
428 1524 43 34 he
485 1535 38 23 or
538 1524 52 34 his
606 1529 159 38 attorney
780 1524 181 43 requested
976 1535 20 23 a
1011 1524 231 35 continuance
1257 1551 7 7 .
1292 1551 6 7 .
1326 1551 7 6 .

244 1584 62 24 nor
330 1574 76 34 that
429 1573 59 35 the
512 1578 99 30 court
635 1578 52 30 set
710 1573 60 34 the
793 1573 79 34 trial
896 1573 136 44 beyond
1056 1573 59 34 the
1139 1573 51 34 six
1214 1573 120 34 month

244 1628 171 39 statutory
439 1623 90 35 limit
553 1628 35 29 to
613 1623 263 35 accommodate
899 1623 60 34 the
982 1622 142 36 defense
1148 1623 186 43 attorney’s

245 1673 171 35 schedule.

336 1750 106 36 What
471 1751 27 34 is
528 1750 137 35 evident
694 1750 27 35 is
750 1751 76 34 that
854 1751 35 34 in
918 1751 198 43 requesting
1145 1762 20 23 a
1194 1750 140 44 pretrial

244 1800 204 35 conference
472 1800 163 35 Rodman
659 1811 70 24 was
754 1801 129 43 merely
907 1801 140 42 seeking
1072 1805 35 30 to
1131 1800 122 35 invoke
1276 1800 59 35 the

245 1861 113 33 power
369 1850 38 35 of
414 1850 59 35 the
483 1850 80 35 trial
573 1855 100 29 court
683 1855 35 30 to
729 1855 96 30 enter
835 1850 117 35 orders
962 1850 113 34 which
1086 1850 113 34 would
1209 1860 126 33 govern

245 1900 59 34 the
328 1900 117 34 future
468 1911 122 23 course
614 1900 40 34 of
675 1900 59 34 the
758 1900 234 44 proceedings.
1018 1900 75 34 The
1117 1899 73 35 fact
1214 1899 76 35 that
1314 1910 21 24 a

245 1949 201 44 disposition
459 1949 40 35 of
508 1949 60 35 the
581 1960 80 24 case
673 1950 112 42 might
798 1950 106 34 result
917 1949 92 35 from
1021 1950 86 33 such
1120 1949 214 41 conference,

245 1999 101 35 while
358 1999 147 44 perhaps
518 1999 113 44 hoped
645 1999 64 41 for,
723 1999 27 35 is
763 1999 80 44 only
854 2010 66 24 one
931 1999 40 35 of
980 1999 60 35 the
1052 1999 148 44 possible
1212 1999 123 34 results

245 2055 36 29 to
296 2049 43 35 be
353 2049 174 35 achieved.
544 2050 105 41 Here,
665 2049 98 35 there
777 2049 28 35 is
819 2060 44 24 no
878 2049 190 35 indication
1082 2049 77 35 that
1174 2049 161 35 Rodman

246 2100 69 34 had
336 2111 67 33 any
423 2100 274 43 understanding
717 2111 39 23 or
775 2100 201 43 knowledge
996 2100 77 34 that
1093 2099 85 35 such
1199 2104 137 39 request

246 2150 111 43 might
367 2150 106 34 result
482 2150 35 34 in
527 2161 20 23 a
558 2155 264 39 postponement
831 2150 40 34 of
877 2150 52 34 his
939 2150 91 40 trial,
1041 2160 73 30 nor,
1124 2150 35 33 in
1169 2160 62 24 our
1239 2149 96 41 view,

246 2199 123 35 should
378 2199 43 34 he
430 2199 131 34 believe
569 2199 77 35 that
655 2210 20 23 a
685 2205 138 38 request
831 2199 54 34 for
893 2210 21 23 a
923 2199 142 44 pretrial
1074 2199 214 40 conference,
1299 2210 37 23 as

246 2260 21 23 a
279 2254 126 29 matter
416 2248 40 35 of
463 2259 132 31 course,
607 2249 114 34 would
733 2249 187 34 constitute
930 2260 21 23 a
962 2249 126 34 waiver
1099 2248 39 35 of
1146 2248 52 35 his
1210 2248 127 44 speedy

246 2299 80 35 trial
346 2299 101 43 right.
474 2298 188 44 [Citations
682 2298 171 44 omitted.]

212 2376 76 35 The
299 2381 90 30 state
401 2377 72 34 also
484 2376 85 35 cites
581 2376 98 35 three
690 2377 179 34 Arkansas
881 2387 97 24 cases
990 2376 54 35 for
1055 2376 60 35 the
1126 2376 211 44 proposition

122 2426 77 35 that
213 2427 99 34 when
327 2426 59 35 the
399 2426 219 35 defendant’s
632 2426 132 35 motion
778 2426 63 35 has
855 2426 104 35 made
972 2426 60 35 the
1045 2426 80 34 trial
1139 2426 199 44 impossible
