1671 2702
268 401 188 44 highways,
480 401 177 43 (citations
678 401 173 43 omitted).

1288 261 67 34 497

235 491 74 34 The
324 490 192 44 appellants
532 491 169 35 maintain
716 491 77 35 that
807 491 59 34 the
880 490 118 44 Brady
1013 490 151 35 decision
1179 491 178 34 overruled

144 541 60 34 the
216 540 139 35 Court’s
368 540 93 44 early
472 540 169 35 decisions
654 540 34 35 in
701 540 58 35 the
771 545 67 30 two
847 542 95 33 Aero
953 540 211 43 Mayflower
1173 551 106 24 cases.
1294 541 64 34 We

143 590 169 43 disagree.
327 590 73 35 The
414 590 110 35 Court
538 590 173 44 expressly
724 590 178 35 overruled
915 591 81 43 only
1007 590 159 44 Spector.
1182 591 31 34 It
1226 589 58 35 did
1298 596 59 29 not

145 651 37 24 so
201 645 90 29 treat
309 640 97 35 these
423 650 107 25 cases.
551 640 255 41 Furthermore,
825 640 34 35 in
878 639 286 36 Massachusetts
1181 652 29 23 v.
1233 640 126 35 United

143 690 133 41 States,
292 690 67 34 435
376 690 83 35 U.S.
475 690 69 35 444
562 689 138 44 (1978),
716 690 144 35 decided
875 701 65 24 one
954 701 82 33 year
1052 690 90 35 after
1156 689 127 44 Brady,
1300 691 59 34 the

144 740 172 43 Supreme
329 740 111 35 Court
453 740 204 43 analogized
670 740 60 35 the
743 740 156 45 problem
911 740 40 35 of
962 752 20 24 a
995 740 63 35 flat
1072 741 55 35 fee
1140 741 218 44 registration

145 795 59 30 tax
217 801 44 23 on
274 790 46 35 all
333 790 76 36 civil
423 790 155 41 aircraft,
592 796 35 29 to
640 790 89 35 their
742 791 156 44 previous
912 796 112 30 motor
1035 791 132 35 vehicle
1180 796 58 30 tax
1251 802 107 31 cases,

144 840 108 43 citing
272 841 59 34 the
352 841 172 34 Montana
543 842 96 33 Aero
658 841 209 43 Mayflower
885 840 163 36 decision.

236 930 75 34 The
326 929 188 45 Maryland
530 930 111 35 Court
656 929 40 35 of
707 931 153 43 Appeals
876 930 148 35 reached
1040 942 20 23 a
1076 931 131 34 similar
1221 932 136 34 conclu-

145 980 75 34 sion
231 979 35 34 in
277 981 187 33 American
478 979 178 44 Trucking
664 980 123 35 Ass’ns
798 981 81 38 Inc.,
892 986 33 28 et
937 980 45 36 al.
995 991 31 23 v.
1040 979 192 41 Goldstein,
1246 986 33 28 et
1291 980 67 41 al.,

145 1030 67 34 483
232 1028 92 35 A.2d
342 1030 43 33 47
405 1029 94 43 (Md.
522 1029 118 43 1984),
658 1029 100 43 using
775 1029 182 43 reasoning
974 1040 51 24 we
1042 1040 75 24 now
1135 1029 115 45 adopt.
1268 1030 91 34 That

144 1083 100 30 court
258 1077 176 36 discussed
449 1089 44 24 an
509 1079 129 34 annual
654 1079 218 42 registration
887 1078 56 35 fee
957 1079 156 44 imposed
1127 1090 44 23 on
1186 1080 46 34 all
1247 1085 112 29 motor

145 1127 146 35 carriers
303 1127 179 44 operating
493 1128 35 35 in
541 1128 201 44 Maryland.
755 1128 73 35 The
840 1128 189 44 Maryland
1041 1133 99 30 court
1151 1129 209 44 specifically

145 1177 109 34 found
267 1178 76 33 that
355 1177 117 43 Brady
485 1177 82 35 “did
580 1183 60 29 not
652 1178 170 35 undercut
833 1179 60 34 the
904 1178 194 44 previously
1110 1178 175 35 discussed
1298 1179 62 34 flat

145 1226 163 44 highway
323 1238 78 24 user
416 1233 59 29 tax
490 1228 132 40 cases”,
639 1228 112 34 which
768 1227 160 36 included
943 1228 85 35 both
1043 1230 95 33 Aero
1152 1228 209 44 Mayflower

145 1276 181 35 decisions.

239 1366 39 34 In
301 1365 131 45 finding
456 1366 76 35 that
556 1366 59 36 the
638 1367 219 43 registration
880 1367 56 35 fee
959 1367 59 36 did
1042 1373 59 30 not
1125 1367 236 36 discriminate

145 1416 138 44 against
300 1417 180 35 interstate
496 1427 196 25 commerce
708 1418 109 34 under
832 1417 129 44 Brady,
979 1418 60 35 the
1056 1418 189 44 Maryland
1262 1424 98 29 court

146 1466 104 35 noted
267 1467 77 34 that
360 1467 85 43 “[i]t
461 1467 28 35 is
506 1472 59 30 not
581 1467 116 35 aimed
714 1473 36 29 at
766 1467 137 45 placing
919 1468 181 35 interstate
1116 1469 154 35 business
1287 1474 37 29 at
1340 1480 20 23 a

145 1516 222 44 competitive
393 1517 250 43 disadvantage
670 1517 82 35 with
780 1518 87 34 local
895 1518 229 41 businesses”,
1152 1518 27 34 it
1207 1519 153 43 “applies

145 1566 162 44 equally”
326 1571 37 29 to
380 1566 143 35 in-state
540 1566 70 35 and
627 1567 222 35 out-of-state
866 1567 189 43 registered
1073 1572 112 31 motor
1204 1568 155 41 carriers,

146 1615 69 35 and
233 1616 43 34 its
294 1626 146 34 purpose
458 1616 50 35 “is
526 1621 60 30 not
603 1622 35 29 to
655 1621 134 40 protect
806 1617 87 35 local
911 1618 145 34 carriers
1073 1617 137 44 against
1227 1618 133 43 foreign

145 1665 260 44 competition.”
422 1666 144 41 Rather,
583 1666 60 35 the
658 1672 99 29 court
773 1667 104 34 noted
893 1667 43 35 its
953 1678 148 33 purpose
1118 1668 50 34 “is
1185 1673 35 29 to
1236 1668 124 43 spread

146 1715 121 44 evenly
279 1726 127 33 among
419 1715 45 36 all
477 1716 223 35 commercial
713 1727 95 24 users
821 1717 59 34 the
892 1722 59 29 tax
964 1717 133 35 burden
1110 1717 40 35 of
1159 1718 201 44 supporting

146 1765 219 43 Maryland’s
387 1765 160 45 highway
568 1766 164 44 system.”
754 1766 75 35 The
850 1767 103 34 HUE
974 1772 59 30 tax
1055 1772 108 30 meets
1185 1768 59 34 the
1264 1778 97 24 same

145 1814 139 34 criteria
305 1815 69 34 and
394 1815 250 44 accomplishes
664 1815 60 34 the
743 1826 97 24 same
859 1826 175 33 purposes.

330 1902 74 34 The
412 1903 194 42 appellants
615 1902 105 35 claim
729 1903 90 35 their
827 1903 165 35 statistics
1001 1903 95 35 show
1105 1904 76 34 that
1190 1904 59 34 the
1258 1905 102 33 HUE

145 1955 59 30 tax
215 1950 28 34 is
253 1950 279 45 discriminatory
541 1951 160 42 because,
712 1963 44 24 on
766 1964 21 23 a
797 1958 73 29 cost
880 1963 60 34 per
950 1953 82 34 mile
1042 1952 103 42 basis,
1156 1958 60 30 out
1225 1952 40 36 of
1271 1958 90 30 state

145 2001 157 35 truckers
319 2012 59 24 are
394 2001 151 45 charged
562 2013 106 24 more.
686 2002 190 45 Assuming
893 2003 90 35 their
999 2003 166 35 statistics
1182 2015 59 24 are
1256 2004 103 41 valid,

145 2051 60 36 the
214 2051 63 36 flat
287 2057 59 30 tax
357 2051 134 45 portion
501 2052 40 36 of
547 2063 64 24 our
620 2053 66 35 law
696 2058 104 37 must,
811 2053 171 45 logically,
994 2054 43 35 be
1046 2054 60 35 the
1115 2059 90 30 most
1215 2065 145 25 onerous

145 2102 183 44 provision.
342 2103 74 35 The
430 2113 59 33 per
503 2103 82 35 mile
597 2114 39 24 or
649 2114 61 34 per
723 2104 68 44 trip
804 2104 221 35 alternatives
1038 2104 129 35 benefit
1180 2105 59 35 the
1251 2110 60 29 out
1324 2105 39 34 of

145 2157 92 29 state
245 2152 156 35 truckers
411 2153 44 42 by
465 2153 202 43 permitting
676 2153 98 35 them
783 2158 36 29 to
827 2164 68 33 pay
905 2154 66 34 less
980 2154 86 34 than
1075 2155 61 34 the
1144 2154 62 34 flat
1214 2160 70 29 tax.
1296 2155 66 34 We

145 2201 88 34 need
245 2212 44 32 go
302 2212 44 23 no
359 2201 133 35 further
505 2203 85 34 than
603 2207 36 30 to
651 2202 68 35 cite
731 2203 59 35 the
802 2213 96 25 cases
911 2203 142 43 holding
1065 2204 77 34 that
1154 2214 20 24 a
1188 2204 61 34 flat
1261 2208 59 30 tax
1332 2204 28 34 is

145 2255 60 30 not
217 2250 287 45 discriminatory.
518 2251 75 36 The
604 2252 222 35 alternatives
838 2253 131 35 offered
982 2253 45 44 by
1038 2263 63 25 our
1113 2254 76 40 law,
1201 2253 112 35 which
1325 2254 35 34 in

146 2300 73 36 fact
231 2300 102 36 could
346 2301 127 35 benefit
485 2302 59 35 the
556 2307 60 30 out
628 2302 40 35 of
677 2307 91 30 state
780 2303 166 41 truckers,
959 2303 44 35 do
1015 2308 61 30 not
1088 2303 102 35 make
1202 2304 67 34 this
1282 2314 80 24 case

145 2350 289 45 distinguishable
448 2351 91 36 from
554 2352 59 35 the
628 2363 82 24 ones
725 2353 189 44 approving
929 2353 59 35 the
1003 2353 62 35 flat
1080 2359 75 30 rate
1170 2365 37 23 as
1223 2354 101 43 being
1340 2365 20 24 a

146 2411 124 34 proper
280 2407 60 29 tax
349 2402 141 35 method
500 2402 35 35 in
545 2402 59 35 the
613 2407 140 31 context
763 2402 39 36 of
809 2414 20 23 a
839 2414 195 24 commerce
1043 2404 118 34 clause
1170 2404 190 43 challenge.
