1632 2696
1266 277 61 32 153

208 1492 134 34 Robert
360 1494 35 33 L.
415 1494 134 40 Brown,
569 1493 54 34 for
641 1494 177 43 appellant
837 1495 116 34 Boone
972 1495 150 44 County,
1141 1496 188 34 Arkansas.

208 1574 104 34 Steve
336 1574 119 41 Clark,
477 1575 100 44 Att’y
598 1575 101 41 Gen.,
722 1576 55 43 by:
801 1576 134 44 George
955 1578 42 33 A.
1020 1578 151 43 Harper,
1194 1577 137 44 Special

117 1624 94 34 Asst.
230 1624 99 43 Att’y
347 1624 99 41 Gen.,
465 1624 53 35 for
536 1625 177 44 appellant
730 1626 178 34 Arkansas
927 1627 131 34 Health
1076 1627 168 43 Planning
1262 1627 68 34 and

118 1673 250 44 Development
388 1675 154 43 Agency.

210 1755 82 40 Gill,
308 1755 153 40 Skokos,
476 1757 178 43 Simpson,
671 1757 139 44 Buford
825 1759 30 33 &
874 1758 166 40 Graham,
1057 1760 94 39 P.A.,
1168 1759 54 43 by:
1237 1761 94 32 Har-

116 1804 64 35 old
198 1807 45 32 H.
265 1806 176 43 Simpson,
463 1808 45 33 II.

209 1888 180 34 Darrell
407 1889 199 40 Hickman,
626 1889 141 35 Justice.

787 1889 74 35 The
879 1890 140 34 Pulaski
1039 1890 139 44 County
1197 1891 134 34 Circuit

117 1937 111 34 Court
242 1937 114 35 issued
369 1949 27 23 a.
403 1938 75 34 writ
492 1938 39 35 of
541 1939 209 35 mandamus
763 1939 159 44 ordering
935 1940 60 34 the
1007 1941 179 34 Arkansas
1200 1941 130 35 Health

117 1987 170 43 Planning
298 1987 68 34 and
376 1988 250 44 Development
636 1990 145 42 Agency
791 1994 35 30 to
837 1990 90 34 issue
936 1990 207 35 certificates
1153 1990 39 35 of
1199 1991 86 34 need
1295 1996 36 29 to

117 2036 95 42 eight
224 2037 141 42 nursing
378 2037 129 34 homes.
520 2038 75 34 The
606 2043 99 29 court
717 2038 98 34 erred
827 2039 34 33 in
874 2039 129 43 issuing
1015 2040 68 34 this
1096 2040 76 34 writ
1184 2040 148 34 because

117 2085 60 34 the
191 2091 128 29 matter
335 2097 69 23 was
420 2086 68 34 still
505 2087 34 33 in
555 2087 60 34 the
630 2098 137 32 process
783 2087 39 35 of
834 2088 276 35 administrative
1125 2089 121 34 review
1262 2089 69 34 and

116 2135 125 42 appeal
254 2135 68 34 and
335 2146 43 23 no
390 2136 92 34 clear
494 2135 86 44 duty
591 2136 132 34 existed
735 2142 35 29 to
783 2137 90 34 issue
884 2137 59 34 the
954 2138 207 34 certificates
1173 2139 88 33 until
1272 2139 59 33 the

116 2184 191 43 procedure
327 2195 69 24 was
416 2196 89 24 over.

207 2265 75 34 The
303 2266 192 43 appellants
517 2278 60 23 are
597 2267 60 34 the
677 2272 90 30 state
788 2278 132 34 agency
940 2269 170 34 AHPDA
1130 2269 144 34 ordered
1296 2275 35 29 to

116 2314 92 35 issue
224 2315 60 34 the
300 2315 205 35 certificates
523 2316 68 35 and
610 2317 165 35 Hillcrest
791 2318 156 43 Nursing
965 2319 116 33 Home
1097 2318 39 35 of
1151 2319 178 34 Harrison.

116 2364 75 35 The
209 2365 172 44 appellees
400 2376 59 24 are
477 2366 95 43 eight
590 2366 39 35 of
644 2367 132 34 sixteen
794 2368 142 42 nursing
954 2368 120 34 homes
1093 2368 161 35 awarded
1272 2369 59 34 the

116 2414 93 42 right
229 2419 36 29 to
285 2415 87 34 have
392 2426 73 23 new
486 2416 94 34 beds.
