1660 2695
1295 254 68 33 457

246 738 131 33 Person
415 737 30 33 &
489 736 223 41 VanWinkle,
749 736 55 44 by:
840 736 94 35 John
970 738 42 33 R.
1055 736 221 42 VanWinkle,
1313 735 54 36 for

156 786 187 44 appellant.

246 866 105 34 Steve
367 865 119 41 Clark,
501 866 100 43 Att’y
615 865 101 41 Gen.,
731 865 55 44 by:
806 864 180 36 Theodore
999 865 148 41 Holder,
1161 866 93 34 Asst.
1270 865 99 44 Att’y

156 914 102 41 Gen.,
279 915 53 34 for
352 915 165 44 appellee.

248 994 155 34 Robert
416 995 46 33 H.
477 994 171 40 Dudley,
663 994 141 35 Justice.

819 994 199 43 Appellant,
1032 994 133 35 Arthur
1178 995 89 34 Dale
1278 995 90 43 Tay-

158 1043 61 40 lor,
235 1043 27 34 is
278 1054 65 24 one
357 1043 39 35 of
407 1043 97 34 three
518 1055 80 23 men
609 1043 126 44 jointly
749 1044 150 42 charged
914 1044 83 34 with
1012 1044 59 34 the
1086 1044 139 34 murder
1239 1044 39 34 of
1290 1044 80 43 Ivey

157 1092 115 35 Jones.
287 1093 39 34 In
339 1104 20 24 a
367 1092 89 44 joint
469 1093 90 41 trial,
573 1093 177 44 appellant
762 1093 68 35 and
843 1093 126 44 Randy
982 1093 167 35 Hallman
1161 1105 89 23 were
1261 1093 109 35 found

157 1142 111 45 guilty
284 1142 39 35 of
336 1143 73 34 first
425 1142 125 44 degree
566 1142 151 43 murder,
734 1143 69 35 and
820 1143 155 35 Michael
993 1143 167 35 Hallman
1176 1155 69 24 was
1262 1143 108 35 found

157 1192 111 43 guilty
282 1192 39 35 of
332 1192 125 35 second
471 1192 126 44 degree
611 1192 150 36 murder.
776 1194 97 42 They
887 1194 124 43 appeal
1025 1194 204 43 separately.
1244 1193 83 35 This
1341 1193 28 34 is

159 1242 59 34 the
243 1243 126 34 second
393 1242 39 34 of
454 1243 59 34 the
538 1243 98 34 three
660 1243 152 44 appeals.
838 1243 39 34 In
902 1243 68 35 this
996 1254 80 24 case
1099 1254 52 23 we
1175 1243 113 35 affirm
1312 1243 60 34 the

158 1292 194 35 conviction
372 1292 53 35 for
444 1292 74 35 first
538 1293 126 43 degree
684 1293 149 35 murder.

250 1372 188 43 Appellant
456 1371 104 35 made
578 1377 68 29 two
665 1371 216 45 inculpatory
900 1377 204 30 statements
1122 1372 101 35 while
1242 1373 34 34 in
1294 1382 75 25 cus-

158 1420 94 45 tody,
266 1421 68 34 and
348 1421 83 35 both
444 1432 89 24 were
546 1421 145 35 allowed
704 1421 72 35 into
790 1421 170 36 evidence.
976 1423 56 34 He
1045 1422 165 35 contends
1223 1422 76 35 that
1312 1422 59 34 the

159 1470 80 36 trial
254 1476 99 30 court
367 1471 98 35 erred
480 1471 35 35 in
531 1471 186 44 admitting
732 1471 60 35 the
806 1477 203 30 statements
1025 1472 148 35 because
1187 1472 81 44 they
1283 1483 89 23 were

159 1521 169 44 procured
339 1522 45 44 by
395 1532 20 23 a
426 1522 151 43 promise
587 1526 60 30 not
658 1526 35 30 to
704 1527 109 29 arrest
824 1521 52 35 his
886 1522 81 34 wife
977 1522 30 34 if
1015 1522 44 35 he
1069 1522 189 42 confessed,
1271 1521 68 36 and
1350 1533 20 23 a

158 1577 206 30 concurrent
387 1571 114 35 threat
523 1577 37 29 to
583 1576 109 31 arrest
715 1572 52 34 his
789 1571 80 35 wife
890 1571 31 35 if
940 1572 44 34 he
1006 1571 59 36 did
1088 1577 59 29 not
1169 1572 144 35 confess.
1337 1573 34 33 A

158 1620 195 37 confession
365 1621 147 35 induced
524 1621 45 44 by
580 1633 20 23 a
611 1621 205 44 misleading
828 1622 149 43 promise
987 1622 40 34 of
1034 1622 132 34 reward
1177 1633 38 23 or
1226 1633 19 23 a
1257 1622 114 34 threat

158 1669 40 35 of
212 1670 101 34 harm
329 1670 28 34 is
374 1675 59 29 not
449 1681 21 23 a
485 1671 183 42 voluntary
685 1675 196 30 statement.
898 1673 109 32 Davis
1022 1682 31 23 v.
1070 1671 113 40 State,
1201 1673 65 32 275
1285 1671 84 34 Ark.

159 1719 80 40 264,
261 1720 69 34 630
350 1719 142 35 S.W.2d
517 1721 13 33 1
557 1719 138 43 (1982).

383 1798 74 35 The
466 1803 90 30 state
564 1798 101 35 bears
675 1798 59 35 the
743 1799 133 34 burden
884 1798 40 35 of
929 1799 143 44 proving
1081 1798 46 44 by
1136 1810 20 23 a
1165 1798 205 45 preponder­

158 1858 88 24 ance
257 1847 40 35 of
305 1848 59 35 the
376 1847 161 36 evidence
548 1849 60 34 the
618 1848 250 35 voluntariness
880 1848 39 35 of
928 1860 44 23 an
984 1848 222 36 in-custodial
1218 1848 152 45 inculpa­

158 1902 78 39 tory
254 1903 197 30 statement.
472 1898 85 35 Ark.
577 1899 90 34 Stat.
688 1899 91 34 Ann.
802 1899 17 43 §
840 1899 153 35 43-2105
1016 1899 116 44 (Repl.
1155 1899 117 43 1977).
1292 1899 81 44 Any

159 1947 140 35 conflict
314 1948 34 34 in
363 1947 58 36 the
435 1948 186 44 testimony
635 1948 40 35 of
686 1948 59 35 the
759 1949 174 35 witnesses
948 1949 27 34 is
990 1949 54 35 for
1058 1948 60 35 the
1131 1949 80 34 trial
1225 1953 98 31 court
1336 1954 36 29 to

160 1997 140 35 resolve.
316 2000 141 40 Harvey
471 2009 30 23 v.
517 1998 113 40 State,
647 1999 69 33 272
731 1999 85 34 Ark.
837 1999 51 39 19,
905 1999 64 33 611
989 1998 144 35 S.W.2d
1149 1999 68 34 762
1234 1997 137 44 (1981).

160 2047 66 35 We
234 2047 45 34 do
288 2053 60 29 not
356 2057 133 25 reverse
497 2048 60 34 the
565 2047 80 35 trial
653 2048 128 34 court’s
790 2048 112 42 ruling
911 2059 44 23 on
963 2048 251 35 voluntariness
1223 2049 113 34 unless
1345 2048 27 34 it

159 2096 28 35 is
201 2096 129 45 clearly
343 2107 193 25 erroneous.
552 2098 40 33 In
605 2097 142 43 making
761 2098 76 34 that
849 2097 279 41 determination,
1142 2098 166 40 however,
1322 2108 51 24 we

160 2145 45 36 do
227 2147 104 35 make
353 2157 44 25 an
419 2146 233 45 independent
675 2147 122 35 review
819 2146 39 36 of
877 2147 59 35 the
958 2147 92 35 issue
1072 2147 106 35 based
1200 2158 92 34 upon
1315 2147 59 35 the

160 2196 139 45 totality
311 2197 40 35 of
360 2196 280 43 circumstances,
653 2197 83 35 with
750 2198 46 35 all
809 2197 125 36 doubts
947 2198 102 44 being
1063 2197 153 36 resolved
1229 2198 34 35 in
1276 2197 97 36 favor

159 2246 41 36 of
207 2246 189 37 individual
407 2247 108 44 rights
527 2248 68 35 and
607 2247 214 44 safeguards.
832 2249 110 34 Davis
950 2260 31 23 v.
991 2249 114 40 State,
1117 2249 66 34 275
1195 2249 85 34 Ark.
1293 2248 80 41 264,

161 2298 68 34 630
239 2298 144 34 S.W.2d
397 2299 13 33 1
426 2297 137 44 (1982).
575 2299 40 34 In
625 2298 198 44 examining
832 2298 59 34 the
900 2298 138 44 totality
1047 2298 40 35 of
1093 2298 279 41 circumstances,

159 2358 53 23 we
223 2347 116 35 divide
349 2348 61 34 the
421 2347 163 35 evidence
594 2348 36 34 in
642 2352 69 30 two
723 2348 200 43 categories:
938 2348 100 41 First,
1050 2348 61 34 the
1122 2352 204 30 statements
1338 2347 39 35 of

161 2396 60 35 the
233 2397 111 43 police
356 2396 154 42 officials;
524 2397 69 34 and
606 2397 137 41 second,
758 2398 59 34 the
828 2397 243 44 vulnerability
1083 2397 40 34 of
1132 2397 60 34 the
1204 2407 122 34 person
1340 2397 35 34 in
