1659 2687
301 401 154 44 custody.
477 403 108 32 Davis
603 413 30 23 v.
654 402 113 39 State,
787 411 118 33 supra.

302 260 66 35 458

392 484 48 32 At
452 482 59 34 the
522 482 143 42 hearing
677 492 43 23 on
732 481 59 34 the
802 481 131 35 motion
945 486 35 29 to
992 491 170 35 suppress,
1175 480 175 44 appellant
1362 479 148 35 testified

302 531 76 35 that
388 536 36 30 at
433 532 73 33 first
516 531 43 34 he
567 531 72 35 told
649 531 59 34 the
717 530 110 44 police
836 531 43 34 he
888 530 58 34 did
957 535 59 29 not
1025 535 92 29 want
1127 535 35 29 to
1171 530 102 34 make
1283 540 20 23 a
1312 534 196 30 statement.

302 582 56 34 He
369 580 112 36 stated
494 580 75 35 that
581 581 129 34 Officer
721 580 126 44 Taylor
859 580 71 35 told
942 580 72 34 him
1026 579 81 44 they
1119 579 68 35 had
1199 590 20 23 a
1232 584 149 29 warrant
1393 578 54 35 for
1457 578 51 34 his

301 631 79 34 wife
393 630 68 35 and
475 630 101 35 could
589 631 87 34 have
688 630 60 35 her
762 629 153 35 arrested
928 630 34 34 in
976 629 197 36 Oklahoma
1187 629 68 34 and
1268 628 193 35 extradited
1475 633 34 29 to

301 682 188 34 Arkansas.
503 681 55 34 He
568 680 113 35 stated
692 680 76 35 that
779 680 132 35 Sheriff
920 680 75 34 Ball
1006 680 103 34 made
1119 679 131 35 similar
1261 683 202 30 statements
1475 683 35 29 to

302 730 82 35 him.
397 732 56 33 He
463 730 148 35 testified
621 731 76 34 that
708 730 43 34 he
761 730 111 35 called
883 730 51 34 his
945 729 80 37 wife
1035 729 34 35 in
1080 729 197 35 Oklahoma
1288 729 68 34 and
1367 729 72 34 told
1450 729 60 33 her

302 780 76 35 that
400 780 132 34 Sheriff
552 781 75 33 Ball
650 779 69 35 had
741 779 71 35 told
835 780 72 34 him
930 779 76 35 that
1028 779 30 35 if
1077 780 44 34 he
1142 779 110 34 didn’t
1274 778 76 43 give
1372 779 95 34 them
1489 789 20 23 a

301 834 186 30 statement
500 829 81 42 they
594 840 88 23 were
693 829 104 42 going
810 833 35 30 to
857 833 109 30 arrest
979 828 61 34 her
1051 839 44 24 on
1108 839 20 23 a
1141 828 194 43 governor’s
1349 832 159 35 warrant,

301 878 69 34 and
384 879 97 33 there
505 878 121 34 wasn’t
640 878 167 42 anything
821 877 44 34 he
878 877 101 34 could
994 877 44 33 do
1052 882 121 38 except
1187 877 76 42 give
1277 887 20 23 a
1312 881 196 30 statement.

302 928 56 33 He
371 928 72 33 also
457 926 72 35 told
543 927 60 34 her
617 927 76 34 that
707 926 132 35 Sheriff
851 927 74 34 Ball
940 926 68 34 had
1023 926 126 42 agreed
1163 931 35 29 to
1212 926 46 34 let
1272 925 61 34 her
1345 926 79 33 visit
1437 925 73 34 him

302 976 58 35 the
369 982 81 29 next
459 976 67 43 day
536 975 29 35 if
572 977 60 34 she
641 975 101 38 could
751 981 57 38 get
818 976 106 35 there.
935 975 188 44 Appellant
1133 975 134 35 further
1275 975 149 35 testified
1433 975 77 34 that

302 1026 132 35 Sheriff
451 1026 75 34 Ball
545 1026 117 35 talked
680 1031 36 29 to
735 1025 51 35 his
806 1025 79 35 wife
904 1036 44 24 on
967 1025 59 35 the
1044 1025 113 44 phone
1176 1025 68 35 and
1263 1024 72 35 told
1355 1025 60 34 her
1434 1025 76 34 that

301 1076 176 44 appellant
488 1075 68 35 had
567 1076 126 43 agreed
705 1081 35 29 to
750 1081 182 38 cooperate
943 1075 30 35 if
980 1075 82 43 they
1072 1086 89 24 were
1171 1080 59 29 not
1240 1075 104 43 going
1355 1080 35 29 to
1401 1079 109 30 arrest

301 1126 70 34 her.
392 1127 56 33 He
465 1126 82 34 then
565 1126 71 34 told
655 1126 60 34 her
733 1130 35 30 to
786 1135 98 25 come
901 1125 69 35 and
988 1136 57 23 see
1062 1125 176 44 appellant
1255 1125 59 34 the
1332 1130 80 29 next
1430 1124 77 44 day.

301 1175 217 44 Appellant’s
534 1175 79 34 wife
628 1174 139 35 verified
784 1174 59 35 the
859 1174 236 35 conversation
1112 1174 68 35 and
1196 1173 75 35 said
1287 1174 133 34 Sheriff
1434 1174 75 34 Ball

301 1224 72 34 told
388 1224 60 34 her
462 1224 61 34 she
536 1224 101 35 could
652 1235 98 23 come
764 1223 68 35 and
846 1235 57 23 see
917 1224 175 43 appellant
1106 1224 59 34 the
1179 1228 80 30 next
1273 1223 78 43 day,
1366 1223 69 34 and
1449 1223 60 34 she

301 1273 164 35 wouldn’t
480 1274 43 33 be
536 1273 154 35 arrested
705 1273 147 35 because
866 1274 43 33 he
923 1273 69 35 and
1006 1273 176 43 appellant
1196 1272 69 35 had
1280 1273 103 34 made
1397 1284 20 23 a
1432 1272 77 34 deal

301 1322 54 35 for
374 1323 175 44 appellant
570 1328 35 30 to
624 1323 76 43 give
720 1334 20 23 a
761 1327 185 30 statement
966 1333 43 24 on
1031 1322 58 35 the
1109 1322 140 35 murder
1267 1322 138 43 charge.

391 1404 136 43 Shirley
545 1404 136 44 Taylor,
701 1403 204 45 appellant’s
924 1403 244 42 sister-in-law,
1187 1403 149 35 testified
1354 1403 77 35 that
1449 1403 60 34 she

301 1464 69 24 was
380 1454 82 34 with
472 1454 135 34 Sharon
617 1454 126 43 Taylor
752 1458 36 30 at
798 1453 59 35 the
865 1454 85 34 time
958 1453 40 35 of
1004 1453 59 35 the
1073 1454 112 44 phone
1194 1453 237 35 conversation
1440 1452 69 35 and

301 1503 76 35 that
390 1504 60 34 she
462 1503 72 34 also
546 1503 117 35 talked
675 1509 36 28 to
724 1503 185 44 appellant.
924 1504 55 34 He
991 1502 72 36 told
1076 1504 61 34 her
1149 1503 76 35 that
1237 1503 44 34 he
1292 1503 69 35 had
1374 1502 103 35 made
1488 1513 20 24 a

302 1552 77 36 deal
397 1553 82 34 with
498 1553 131 36 Sheriff
646 1553 74 34 Ball
739 1552 76 35 that
833 1553 30 35 if
878 1553 81 43 they
977 1552 165 36 wouldn’t
1160 1557 109 30 arrest
1288 1552 51 35 his
1358 1552 90 41 wife,
1467 1552 43 34 he

301 1603 112 35 would
433 1603 75 43 give
528 1602 95 35 them
643 1614 20 26 a
684 1607 196 30 statement.

391 1684 187 44 Appellant
592 1684 227 43 additionally
832 1683 149 38 testified
995 1684 77 35 that
1086 1684 59 35 the
1158 1694 122 24 reason
1294 1684 44 35 he
1351 1695 86 33 gave
1450 1684 59 34 the

301 1739 202 30 statements
517 1744 69 24 was
601 1739 35 30 to
650 1734 87 44 keep
751 1733 52 35 his
817 1734 80 35 wife
911 1734 91 34 from
1016 1734 102 43 being
1133 1733 153 36 arrested
1300 1734 69 34 and
1384 1734 125 42 having

301 1783 51 35 his
373 1783 153 35 children
547 1783 121 44 placed
688 1784 35 34 in
744 1794 20 24 a
784 1783 107 35 foster
911 1784 112 34 home.

389 1865 75 34 The
478 1865 65 43 key
557 1870 78 38 part
649 1864 40 35 of
701 1864 128 35 Officer
844 1864 155 44 Taylor’s
1014 1865 185 43 testimony
1214 1865 28 33 is
1258 1864 196 35 abstracted
1470 1875 37 23 as

300 1913 141 36 follows:

514 1995 15 34 I
544 1995 44 35 do
603 1995 103 35 recall
722 1995 72 35 him
809 1995 102 43 being
926 1995 151 35 hesitant
1091 2001 36 29 at
1142 1996 83 34 first.
1242 1996 15 33 I
1272 1995 129 35 believe
1415 1995 92 34 what

423 2045 55 34 led
489 2045 72 34 him
571 2049 36 31 to
617 2056 43 32 go
671 2044 111 35 ahead
793 2045 69 34 and
873 2050 183 38 cooperate
1065 2045 83 34 with
1158 2056 40 23 us
1208 2056 70 23 was
1289 2045 76 34 that
1375 2056 51 23 we
1436 2044 71 35 told

423 2094 72 34 him
506 2105 50 23 we
567 2094 97 35 knew
676 2094 106 35 about
793 2094 60 35 the
863 2105 90 30 case,
966 2094 106 34 about
1083 2105 95 24 some
1189 2094 39 34 of
1236 2094 59 34 the
1306 2095 113 42 things
1431 2094 76 34 that

423 2143 78 35 he’d
520 2143 85 42 said,
624 2143 190 43 indicating
833 2144 52 34 his
904 2144 229 34 involvement
1151 2144 34 34 in
1204 2144 37 34 it.
1262 2144 15 33 I
1295 2143 95 35 don’t
1408 2144 99 33 know

423 2193 92 34 what
527 2193 126 35 caused
665 2193 73 35 him
749 2198 36 29 to
796 2198 183 39 cooperate
991 2193 68 34 and
1071 2204 43 33 go
1125 2198 61 30 out
1197 2198 35 30 to
1244 2193 59 34 the
1314 2204 100 24 scene
1425 2193 82 34 with

423 2254 50 23 us.
488 2243 64 34 His
565 2243 79 34 wife
656 2254 69 23 was
739 2242 175 36 discussed
928 2242 68 35 and
1010 2243 14 34 I
1038 2243 130 34 believe
1180 2243 77 34 that
1269 2243 43 34 he
1324 2243 136 35 wanted
1472 2248 36 28 to

423 2293 73 34 talk
523 2292 82 35 with
634 2293 51 34 his
714 2292 79 35 wife
821 2292 69 35 and
918 2292 136 35 wanted
1082 2298 36 29 to
1146 2292 59 35 tell
1233 2292 61 34 her
1322 2293 106 34 about
1456 2292 51 34 his

423 2342 228 35 involvement
667 2342 34 34 in
717 2342 67 34 this
801 2343 91 42 prior
908 2347 36 30 to
959 2342 115 43 giving
1090 2353 40 24 us
1146 2353 20 24 a
1183 2347 186 30 statement
1385 2342 79 40 and,
1481 2341 29 35 if

424 2392 64 34 I’m
501 2396 59 30 not
573 2392 182 40 mistaken,
769 2391 43 35 he
824 2391 182 44 expressed
1019 2402 95 24 some
1126 2402 147 25 concern
1287 2396 36 30 at
1335 2392 76 34 that
1424 2392 84 34 time
