1624 2688
303 257 43 33 84

485 397 194 35 Elsewhere
693 397 34 35 in
741 397 59 36 the
815 397 113 35 FOIA
944 396 156 44 (Section
1115 396 37 43 4)
1169 408 44 23 an
1228 396 178 44 exception
1421 396 90 35 from

302 448 116 44 public
446 448 189 44 inspection
665 448 27 34 is
722 447 102 35 made
852 447 53 35 for
934 453 90 29 state
1052 450 134 32 income
1215 452 106 35 taxes,
1351 446 159 42 medical,

301 498 194 40 scholastic,
512 498 68 34 and
596 498 163 43 adoption
775 498 148 40 records,
940 497 68 34 and
1025 498 58 33 the
1099 498 77 33 like.
1194 498 67 33 But
1277 497 98 34 those
1390 507 120 33 excep­

301 548 89 33 tions
410 548 87 33 have
516 558 44 23 no
579 547 142 42 bearing
741 557 43 24 on
805 547 58 34 the
883 546 136 34 records
1039 546 155 34 involved
1214 547 91 33 here.
1326 546 106 40 Thus,
1453 538 59 42 the

302 597 119 33 Motor
431 597 82 33 Fuel
523 597 73 33 Tax
606 597 69 33 Act
684 596 219 43 specifically,
913 596 69 34 and
992 596 58 33 the
1061 595 166 34 Freedom
1236 595 39 34 of
1282 595 228 34 Information

301 646 69 33 Act
386 645 185 44 generally,
589 645 139 43 provide
745 645 53 34 for
815 645 59 34 the
891 645 189 43 inspection
1098 644 68 35 and
1183 644 146 44 copying
1346 644 39 34 of
1399 649 112 29 motor

301 694 71 35 fuel
383 700 59 30 tax
453 695 136 34 records
600 695 81 43 kept
692 694 45 44 by
747 695 59 34 the
817 694 271 35 Commissioner
1098 694 39 34 of
1145 695 190 33 Revenues.
1347 694 82 34 This
1441 705 69 23 was

301 745 58 34 the
368 750 110 29 status
487 744 40 35 of
533 745 58 34 the
600 745 65 34 law
675 744 53 34 for
738 744 118 44 nearly
865 744 92 43 forty
966 755 98 32 years
1074 744 97 34 when
1182 744 58 34 the
1249 744 178 34 Arkansas
1436 745 74 33 Tax

301 794 193 34 Procedure
513 795 69 33 Act
602 805 69 23 was
692 794 145 34 enacted
858 794 33 34 in
917 795 98 33 1979.

391 876 56 34 On
463 876 123 43 appeal
601 875 59 35 the
676 875 271 34 Commissioner
962 875 145 34 submits
1123 875 76 34 that
1214 875 172 43 language
1400 874 39 35 of
1452 875 59 34 the

300 926 74 33 Tax
388 925 192 34 Procedure
593 926 79 40 Act,
688 925 141 43 notably
842 925 139 34 Section
997 924 77 43 6(a)
1090 925 68 34 and
1173 924 75 43 6(c)
1264 929 156 39 suggests
1434 925 76 34 that

300 975 45 35 all
361 980 59 30 tax
436 980 134 30 returns
585 975 39 35 of
636 986 68 33 any
719 980 166 39 taxpayer
901 986 59 24 are
974 974 231 35 confidential.
1223 975 139 34 Section
1379 974 77 43 6(a)
1474 974 39 35 of

300 1026 59 34 the
378 1030 57 30 act
455 1025 110 35 reads:

424 1107 152 35 Records
590 1107 68 35 and
672 1107 73 35 files
759 1107 39 35 of
808 1107 271 35 Commissioner
1092 1107 220 35 confidential
1326 1107 69 35 and
1409 1107 99 44 privi-

423 1157 104 44 leged
527 1157 44 44 —
571 1157 549 44 Exception—Inspection.—(a)
1144 1158 74 34 The
1239 1158 270 34 Commissioner

423 1207 27 34 is
464 1207 59 34 the
535 1207 124 34 official
673 1207 180 34 custodian
866 1207 40 34 of
916 1207 45 34 all
975 1207 136 34 records
1125 1207 68 34 and
1206 1207 73 34 files
1293 1207 158 43 required
1465 1207 44 43 by

423 1267 67 32 any
502 1256 99 34 State
613 1261 58 29 tax
683 1256 65 34 law
760 1261 35 29 to
807 1256 43 34 be
861 1256 80 34 filed
953 1256 82 34 with
1048 1256 59 34 the
1118 1256 271 34 Commissioner
1401 1256 68 34 and
1481 1256 28 34 is

423 1305 158 43 required
606 1310 36 29 to
667 1306 80 33 take
771 1305 46 35 all
843 1310 91 39 steps
960 1316 181 32 necessary
1166 1310 35 29 to
1226 1305 169 34 maintain
1420 1305 89 34 their

422 1354 282 43 confidentiality.
724 1355 130 43 Except
872 1365 37 25 as
927 1354 181 35 otherwise
1125 1354 162 44 provided
1305 1354 45 43 by
1367 1354 67 35 this
1453 1360 56 29 act

427 1403 56 43 [§§
510 1404 148 34 84-4701
684 1424 48 4 —
756 1404 182 42 84-4744],
962 1404 59 34 the
1044 1404 136 34 records
1204 1404 68 34 and
1295 1404 73 34 files
1392 1403 39 35 of
1451 1404 58 34 the

423 1453 270 34 Commissioner
704 1453 207 43 concerning
923 1453 59 34 the
993 1453 278 34 administration
1283 1453 39 34 of
1331 1464 68 32 any
1410 1453 99 34 State

422 1507 59 29 tax
493 1503 65 33 law
571 1513 59 23 are
642 1502 220 34 confidential
875 1502 68 34 and
956 1502 196 43 privileged.
1166 1503 113 33 These
1290 1502 137 34 records
1440 1502 68 34 and

422 1551 73 34 files
511 1551 69 35 and
596 1563 68 32 any
680 1551 222 35 information
918 1551 164 35 obtained
1099 1551 91 35 from
1206 1552 97 34 these
1318 1552 137 34 records
1471 1563 38 23 or

422 1601 73 34 files
506 1612 37 23 or
554 1601 90 34 from
655 1612 67 32 any
733 1601 234 34 examination
978 1612 38 23 or
1026 1601 191 44 inspection
1228 1601 40 34 of
1274 1601 59 35 the
1344 1601 164 44 premises

422 1661 37 24 or
485 1656 160 38 property
671 1650 39 35 of
732 1662 68 32 any
825 1656 166 38 taxpayer
1017 1651 88 34 shall
1131 1656 59 29 not
1217 1651 42 34 be
1284 1651 160 43 divulged
1470 1662 38 24 or

422 1700 167 35 disclosed
608 1700 44 44 by
670 1701 58 34 the
747 1701 270 34 Commissioner
1034 1711 39 24 or
1091 1712 67 32 any
1176 1701 98 34 other
1292 1712 122 33 person
1432 1701 76 34 who

422 1761 80 33 may
514 1750 86 35 have
610 1750 163 35 obtained
785 1751 96 34 these
893 1750 137 35 records
1042 1750 68 35 and
1122 1751 83 34 files.
1219 1752 31 33 It
1261 1751 28 34 is
1300 1751 59 34 the
1370 1751 138 44 specific

422 1800 109 34 intent
550 1800 39 34 of
604 1800 67 34 this
691 1805 57 29 act
767 1800 76 35 that
863 1801 45 34 all
927 1806 59 29 tax
1006 1805 145 36 returns,
1172 1800 97 35 audit
1288 1806 131 38 reports
1439 1801 68 34 and

421 1849 223 35 information
654 1850 195 43 pertaining
859 1855 35 29 to
905 1861 68 32 any
982 1850 189 35 individual
1181 1855 59 30 tax
1250 1855 135 30 returns
1395 1855 60 30 not
1465 1851 43 34 be

421 1899 133 43 subject
566 1905 35 29 to
613 1900 58 34 the
683 1900 187 43 provisions
882 1900 40 34 of
930 1901 69 33 Act
1012 1901 42 33 93
1068 1900 39 34 of
1120 1901 86 33 1967
1224 1900 57 43 [§§
1299 1901 146 33 12-2801
1460 1921 49 3 —

425 1949 179 42 12-2807],
625 1960 37 23 as
683 1949 181 34 amended.

387 2029 140 34 Section
548 2029 75 43 6(c)
645 2030 73 34 also
738 2041 77 23 uses
836 2030 164 34 inclusive
1020 2030 181 43 language:

423 2110 49 43 (c)
494 2110 73 35 The
586 2110 187 44 provisions
792 2110 40 35 of
847 2111 68 34 this
935 2111 129 34 section
1083 2111 87 34 shall
1190 2111 43 35 be
1251 2111 132 44 strictly
1402 2112 103 34 inter-

420 2160 119 44 preted
554 2160 68 34 and
637 2160 88 35 shall
741 2165 59 30 not
815 2161 125 43 permit
955 2172 67 32 any
1036 2161 98 34 other
1149 2161 187 34 disclosure
1350 2161 39 34 of
1400 2161 105 34 infor-

420 2210 131 34 mation
561 2210 206 43 concerning
778 2221 20 23 a
809 2215 166 39 taxpayer
984 2210 183 35 contained
1178 2211 34 34 in
1222 2211 59 34 the
1290 2211 136 34 records
1437 2211 69 34 and

420 2260 73 34 files
512 2259 39 35 of
566 2260 59 34 the
643 2259 271 35 Commissioner
933 2260 146 43 relating
1098 2266 36 29 to
1152 2261 135 34 income
1304 2266 60 29 tax
1382 2271 37 24 or
1438 2272 68 32 any

420 2309 98 34 other
538 2309 99 34 State
657 2314 69 30 tax.

479 2391 168 43 Appellee
660 2391 163 43 Yeargan
838 2391 112 44 points
964 2396 61 29 out
1038 2391 76 35 that
1128 2391 58 34 the
1199 2391 83 34 final
1296 2396 161 30 sentence
1470 2391 40 35 of
