1656 2688
299 402 187 33 Furniture
499 401 72 39 Co.,
585 400 67 33 252
665 400 73 33 Mo.
756 399 130 41 12, 158
900 398 93 34 S.W.
1007 399 65 33 353
1088 396 138 44 (1913);
1238 397 113 34 NEW
1363 396 147 35 YORK:

299 449 197 35 Kelliher v.
509 451 86 33 New
609 449 94 34 York
717 450 36 33 C.
770 450 30 33 &
814 450 45 32 H.
873 450 76 32 RR.
965 448 73 40 Co.,
1052 449 68 32 212
1132 448 47 33 N.
1192 448 43 33 Y.
1250 447 157 40 207, 105
1420 446 89 34 N.E.

301 501 67 33 824
399 499 137 43 (1914);
566 499 173 34 NORTH
770 498 267 34 CAROLINA:
1067 496 172 35 Edwards
1265 507 31 23 v.
1326 498 186 32 Interstate

301 549 183 34 Chemical
494 550 115 42 Corp.,
624 549 65 33 170
698 548 92 34 N.C.
803 548 132 40 551, 87
946 547 35 34 S.
993 548 38 33 E.
1043 548 66 33 635
1122 546 138 43 (1916);
1271 545 240 35 PENNSYL足

301 599 167 34 VANIA:
481 598 221 43 McCafferty
713 609 30 23 v.
756 597 254 43 Pennsylvania
1021 598 42 33 R.
1080 597 73 40 Co.,
1170 597 62 33 193
1246 597 59 33 Pa.
1320 596 135 40 339, 44
1467 596 43 33 A.

300 650 66 33 435
384 647 137 44 (1899);
536 648 163 34 SOUTH
714 647 267 35 CAROLINA:
996 648 99 33 Price
1106 657 31 23 v.
1151 645 201 35 Richmond
1366 647 31 33 &
1412 647 40 32 D.
1467 647 42 32 R.

302 699 73 40 Co.,
392 700 41 32 33
450 698 36 34 S.
502 698 40 34 C.
560 698 78 40 556,
658 698 40 33 12
713 697 77 34 S.E.
807 698 66 33 413
891 696 138 43 (1890);
1044 696 167 34 TEXAS:
1226 696 52 34 St.
1295 697 107 33 Louis
1415 695 37 35 S.
1467 697 42 32 R.

302 749 59 33 Co.
385 759 30 23 v.
439 749 146 42 Hengst,
610 748 42 33 36
675 748 82 33 Tex.
781 747 75 34 Civ.
879 747 91 43 App.
995 747 79 40 217,
1098 747 39 33 81
1164 746 94 34 S.W.
1283 746 67 33 832
1374 744 137 43 (1904);

301 797 254 34 VERMONT:
575 799 138 41 Legg v.
732 798 148 38 Britton,
900 797 44 33 64
962 796 57 33 Vt.
1039 796 79 40 652,
1138 796 44 33 24
1199 796 44 32 A.
1267 795 87 33 1016
1375 794 137 43 (1892);

301 847 238 34 VIRGINIA:
558 848 154 41 Virginia
724 845 152 35 Electric
891 847 30 32 &
936 847 121 32 Power
1070 846 60 33 Co.
1144 856 30 22 v.
1188 846 164 38 Decatur,
1370 845 62 33 173
1447 844 64 34 Va.

304 898 76 39 153,
397 898 17 33 3
432 896 126 35 S.E.2d
577 897 64 33 172
659 895 137 43 (1939);
812 895 351 34 WASHINGTON:
1179 893 208 36 Frescoln v.
1402 895 111 42 Puget

299 946 127 35 Sound
446 949 171 36 Traction,
638 945 103 45 Light
762 947 30 33 &
812 947 121 33 Power
952 946 73 40 Co.,
1044 946 66 33 225
1132 945 35 34 F.
1187 945 45 33 44
1252 944 60 43 (D.
1332 944 41 34 C.
1393 943 118 35 Wash.

305 996 117 43 1915);
434 996 261 34 WYOMING:
706 997 191 33 Parsons v.
908 994 200 41 Roussalis,
1119 995 67 34 488
1197 994 85 34 P.2d
1296 995 88 33 1050
1396 993 115 44 (Wyo.

305 1046 116 43 1971).

301 259 64 33 308

391 1126 57 33 An
463 1125 94 42 early
573 1124 143 34 Federal
731 1135 89 29 case,
835 1124 114 34 Hicks
962 1135 29 22 v.
1007 1125 176 33 Missouri
1195 1123 131 42 Pacific
1339 1122 176 34 Railroad

303 1175 192 42 Company,
511 1175 60 32 181
588 1174 35 33 F.足
636 1174 107 42 Supp.
756 1174 66 33 648
837 1173 71 42 (W.足
921 1174 43 32 D.足
976 1173 85 33 Ark.
1078 1172 117 42 1960),
1206 1173 91 42 App.
1310 1172 73 33 Dis.
1396 1172 66 33 285
1476 1172 36 33 F.

301 1223 45 34 2d
360 1224 67 33 427
444 1223 78 42 (8th
536 1223 71 34 Cir.
627 1222 117 42 1960),
759 1222 79 34 held
851 1222 77 34 that
941 1222 59 34 the
1013 1221 170 43 wrongful
1196 1221 105 34 death
1316 1221 114 34 action
1444 1231 69 23 was

301 1273 186 34 derivative
507 1272 34 34 in
562 1277 123 29 nature
705 1271 89 35 from
814 1271 59 34 the
892 1271 146 43 original
1058 1275 79 36 tort,
1158 1270 69 35 and
1247 1270 76 34 that
1343 1270 93 34 since
1455 1270 59 34 the

301 1327 130 29 statute
445 1322 39 34 of
497 1322 202 34 limitations
715 1321 69 35 had
800 1332 63 23 run
879 1332 44 23 on
939 1332 67 32 any
1021 1326 69 29 tort
1105 1320 115 35 action
1236 1320 54 34 for
1305 1320 59 34 the
1379 1319 134 43 injured

301 1377 100 39 party
421 1372 91 43 prior
530 1377 36 29 to
585 1371 52 34 his
655 1371 116 41 death,
791 1371 77 34 that
886 1371 142 34 defense
1046 1370 101 35 could
1167 1370 43 35 be
1228 1369 155 45 imposed
1402 1370 35 34 in
1455 1369 59 35 the

301 1421 169 43 wrongful
485 1421 105 34 death
605 1421 126 41 action;
745 1421 59 34 the
818 1421 190 43 complaint
1021 1431 70 24 was
1106 1420 191 35 dismissed.
1313 1420 83 34 This
1410 1419 103 35 inter足

301 1471 172 44 pretation
483 1471 40 34 of
530 1471 178 34 Arkansas
719 1471 65 34 law
796 1470 45 44 by
851 1471 59 34 the
922 1470 143 35 Federal
1076 1475 99 29 court
1184 1481 70 23 was
1265 1469 193 35 reinforced
1469 1469 45 44 by

302 1521 191 35 Matthews
501 1532 31 23 v.
547 1520 180 35 Travelers
736 1520 198 43 Indemnity
944 1521 190 33 Insurance
1145 1520 192 43 Company,
1349 1520 66 33 245
1427 1519 85 34 Ark.

302 1571 79 41 247,
400 1572 68 33 432
487 1570 142 34 S.W.2d
648 1571 66 33 485
737 1569 137 44 (1968).
895 1570 39 34 In
952 1569 77 35 that
1046 1580 90 30 case,
1156 1580 20 23 a
1194 1569 133 44 patient
1345 1568 169 44 allegedly

301 1620 155 35 received
483 1620 174 43 negligent
684 1619 148 35 medical
859 1631 81 23 care
966 1620 35 34 in
1028 1620 155 43 January
1209 1619 39 34 of
1275 1620 99 40 1965,
1402 1618 112 35 which

301 1670 150 35 resulted
462 1671 34 34 in
507 1671 60 34 her
577 1670 105 35 death
692 1670 35 35 in
737 1670 200 35 November
947 1669 39 35 of
997 1670 99 34 1965.
1107 1670 34 34 A
1150 1669 170 43 wrongful
1330 1668 105 35 death
1445 1668 69 35 and

301 1721 147 34 survival
468 1721 103 34 claim
591 1731 69 24 was
680 1720 80 35 filed
780 1720 35 34 in
834 1721 90 33 June
943 1719 39 35 of
1002 1720 87 34 1967
1110 1719 69 35 and
1198 1730 51 24 we
1268 1718 180 35 dismissed
1468 1719 46 34 all

301 1771 121 34 claims
441 1770 54 35 for
514 1770 154 44 physical
687 1770 114 44 injury
819 1770 69 35 and
907 1770 131 34 mental
1057 1769 147 44 anguish
1223 1768 151 35 suffered
1392 1769 45 43 by
1456 1769 59 34 the

301 1820 168 35 decedent
485 1820 118 35 before
617 1820 105 35 death
738 1820 149 34 because
901 1820 59 34 the
975 1820 68 34 suit
1058 1831 70 23 was
1143 1824 60 30 not
1218 1819 80 34 filed
1313 1819 119 34 within
1447 1824 68 29 two

301 1881 99 33 years
410 1870 39 34 of
455 1870 59 35 the
523 1870 134 43 alleged
667 1869 170 44 wrongful
847 1875 68 35 act,
925 1869 59 35 the
993 1869 149 35 medical
1152 1869 224 44 malpractice
1385 1873 129 30 statute

301 1920 39 34 of
362 1920 202 34 limitations
589 1920 102 42 being
716 1924 67 30 two
808 1930 109 33 years.
944 1920 179 40 However,
1148 1930 52 23 we
1223 1918 59 35 did
1306 1918 125 44 permit
1456 1918 59 34 the

301 1969 170 43 wrongful
494 1970 104 34 death
621 1969 105 35 claim
748 1969 94 34 since
863 1969 60 34 the
945 1973 130 30 statute
1097 1968 39 35 of
1155 1968 202 34 limitations
1379 1967 53 35 for
1455 1968 59 33 the

301 2019 225 44 malpractice
547 2019 115 34 action
683 2019 69 34 had
774 2024 60 29 not
854 2030 65 23 run
941 2023 36 30 at
997 2018 60 34 the
1077 2018 85 34 time
1182 2018 39 34 of
1239 2018 58 34 the
1317 2017 196 34 decedents

301 2069 116 41 death,
428 2069 80 34 thus
518 2069 160 43 bringing
688 2069 72 34 into
770 2069 80 43 play
860 2069 59 34 the
929 2068 97 35 three
1035 2079 82 32 year
1127 2073 130 29 statute
1265 2067 40 34 of
1311 2067 203 35 limitations

302 2118 53 35 for
384 2130 20 23 a
433 2118 169 43 wrongful
631 2118 106 35 death
765 2118 79 34 suit.
875 2118 159 34 Without
1062 2117 169 44 question,
1261 2128 20 23 a
1309 2116 141 35 defense
1478 2116 39 35 of

302 2168 202 35 limitations
518 2168 112 35 which
644 2167 113 35 would
772 2168 87 34 have
873 2168 87 34 been
974 2167 170 35 available
1158 2167 135 43 against
1307 2166 58 35 the
1379 2165 135 44 injured

302 2229 122 33 person
442 2218 62 34 has
523 2218 86 34 been
628 2217 143 35 allowed
789 2217 35 34 in
842 2228 20 23 a
880 2217 68 34 suit
966 2217 149 43 brought
1133 2227 44 23 on
1194 2216 52 34 his
1264 2215 121 35 behalf
1399 2216 45 43 by
1461 2215 53 35 his

302 2273 120 29 estate.

394 2347 38 33 In
449 2346 192 35 Matthews
656 2357 30 23 v.
707 2346 180 34 Travelers
902 2345 198 43 Indemnity
1115 2347 189 32 Insurance
1322 2345 191 43 Company,

301 2407 120 33 supra,
431 2407 62 23 our
502 2396 139 43 opinion
650 2395 184 35 contained
843 2395 197 44 persuasive
1048 2394 94 35 dicta
1150 2394 113 34 which
1272 2394 141 34 touches
1423 2404 92 33 upon
