1655 2684
305 397 74 34 The
398 401 90 29 state
507 395 68 35 and
594 395 59 35 the
671 395 135 35 victims
825 395 68 34 will
913 395 87 33 have
1018 400 36 29 to
1073 394 138 43 salvage
1230 393 93 34 what
1342 393 81 43 they
1441 404 76 23 can.

307 445 189 44 Hopefully
506 445 59 34 the
574 445 119 34 state’s
703 455 80 24 case
793 444 68 34 will
871 449 60 29 not
941 443 43 34 be
994 443 200 43 prejudiced
1204 443 45 43 by
1259 443 59 33 the
1328 453 146 32 passage
1483 442 40 34 of

306 495 95 39 time;
421 493 238 43 undoubtedly
680 493 190 34 McDaniel
890 492 68 33 will
979 498 59 28 not
1058 493 43 33 be
1121 491 210 44 prejudiced.

306 257 67 34 636

396 569 75 33 Our
485 568 71 34 role
569 568 27 33 is
611 574 59 28 not
684 573 35 29 to
733 567 131 43 blindly
878 567 43 34 sit
935 567 34 33 in
980 567 185 42 judgment
1178 567 40 33 of
1227 566 80 34 trial
1320 572 116 28 courts
1450 566 68 33 and

305 618 143 43 lawyers
469 616 181 44 expecting
671 616 190 44 perfection
881 626 44 23 on
946 615 101 34 form.
1069 616 75 33 Our
1165 615 71 34 role
1256 614 27 34 is
1304 620 36 28 to
1360 614 80 34 take
1460 615 59 33 the

305 666 106 35 world
421 677 38 24 as
470 666 26 35 it
505 666 28 35 is
544 665 68 36 and
622 676 57 25 see
688 666 77 34 that
774 665 207 35 defendants
991 665 132 34 receive
1133 664 67 35 fair
1209 668 188 30 treatment
1406 663 112 35 which

305 728 120 24 means
439 716 207 36 substantial
661 716 226 44 compliance,
902 720 60 30 not
976 715 132 44 perfect
1122 714 226 45 compliance,
1363 713 83 36 with
1460 714 59 35 the

306 769 90 34 rules
407 767 39 36 of
454 766 199 46 procedure.
665 767 75 35 The
750 766 173 44 majority,
935 766 35 35 in
981 765 43 35 its
1036 766 85 41 zeal,
1133 765 63 36 has
1207 764 142 45 ignored
1360 764 59 36 the
1429 769 90 31 most

306 819 188 44 important
507 817 158 45 question
678 817 113 35 which
804 818 38 34 is:
856 828 70 23 was
939 816 60 35 the
1011 817 78 43 plea
1101 817 182 43 voluntary
1296 815 69 36 and
1378 827 69 24 was
1460 816 60 35 the

305 868 190 35 defendant
513 868 59 34 the
589 867 119 35 victim
726 867 39 35 of
780 867 116 34 unfair
915 867 227 43 procedures?
1164 867 15 34 I
1197 866 114 34 would
1329 866 113 34 affirm
1460 866 59 34 the

305 918 80 34 trial
400 917 138 44 judge’s
558 916 159 44 findings.

397 995 115 39 Hays,
533 994 42 40 J.,
593 993 101 43 joins.

451 1271 94 43 Rory
566 1271 43 33 D.
632 1270 264 35 MORRISON
918 1280 27 23 v.
968 1269 152 34 STATE
1139 1268 39 35 of
1195 1269 179 33 Arkansas

305 1348 66 34 CR
392 1348 130 34 85-222

1197 1347 67 33 707
1286 1345 143 35 S.W.2d
1451 1347 65 33 323

633 1424 170 44 Supreme
823 1424 111 34 Court
954 1423 39 35 of
1010 1424 178 34 Arkansas

583 1474 152 44 Opinion
756 1473 172 36 delivered
948 1474 100 43 April
1069 1475 55 40 28,
1150 1474 87 34 1986
