1670 2697
146 390 78 34 that
239 389 98 35 there
351 401 68 23 was
435 400 44 24 no
493 400 124 34 proper
633 389 204 36 foundation
853 389 53 35 for
921 390 160 43 allowing
1097 401 44 23 an
1156 400 204 33 emergency

147 450 97 24 room
269 439 177 44 physician
471 445 36 29 to
531 440 119 43 testify
674 439 107 35 about
806 440 58 34 the
888 440 131 34 mental
1044 450 173 33 processes
1242 439 39 34 of
1302 440 59 34 the

147 489 167 34 children.
328 489 74 34 The
415 490 90 34 issue
518 489 93 41 here,
626 490 166 40 however,
806 489 28 34 is
848 494 59 29 not
920 489 154 35 whether
1087 489 59 34 the
1159 489 119 35 doctor
1291 500 70 23 was

147 538 165 44 qualified
329 544 35 29 to
380 539 130 34 discuss
527 539 59 34 the
602 543 128 30 matter
746 539 62 34 but
823 539 154 34 whether
993 539 59 34 the
1068 539 176 43 appellant
1259 539 102 34 could

147 588 175 44 complain
338 588 89 35 after
442 588 126 43 having
583 588 133 44 opened
731 599 47 33 up
793 588 67 35 this
875 588 69 35 line
958 588 40 35 of
1010 588 185 44 testimony
1210 599 43 23 on
1268 599 93 24 cross

147 637 246 35 examination.
415 638 64 34 We
498 638 81 34 hold
599 638 26 34 it
644 648 70 24 was
734 643 59 29 not
812 648 93 25 error
925 643 35 30 to
979 639 101 34 allow
1099 638 59 35 the
1176 638 186 44 testimony

148 687 110 35 under
278 687 96 34 these
392 688 280 34 circumstances.
692 689 107 42 Berry
817 698 30 24 v.
866 688 114 40 State,
1001 689 66 33 278
1088 689 85 33 Ark.
1195 689 78 39 578,
1293 689 67 33 647

147 736 145 36 S.W.2d
313 738 66 33 453
403 736 137 44 (1983).

1291 249 67 33 405

521 824 30 34 3.
574 825 224 34 Extraneous
817 823 173 36 Evidence

333 902 74 35 The
418 907 199 40 prosecutor
629 902 202 44 questioned
843 902 59 35 the
913 902 184 35 children’s
1109 903 135 35 mother
1256 903 107 34 about

148 952 60 35 the
216 956 111 31 status
336 952 40 35 of
381 953 58 35 the
448 952 205 44 appellant’s
663 952 92 34 child
764 957 142 40 support
915 957 192 39 payments.
1118 953 78 34 One
1204 953 158 44 question

148 1001 184 45 suggested
353 1002 75 35 that
448 1002 59 35 the
526 1003 177 44 appellant
723 1002 69 35 had
812 1002 125 44 sought
956 1008 36 30 to
1012 1002 125 35 “catch
1156 1002 69 45 up”
1245 1013 44 24 on
1309 1003 52 35 his

149 1057 182 39 payments
356 1053 91 44 prior
472 1057 35 30 to
532 1052 68 36 this
625 1052 90 36 trial.
743 1053 39 35 In
806 1053 160 44 colloquy
990 1053 83 35 with
1098 1053 60 35 the
1181 1058 98 31 court
1304 1054 59 35 the

149 1107 200 39 prosecutor
374 1103 73 35 said
473 1102 59 35 the
558 1103 181 44 relevancy
764 1103 39 35 of
825 1103 59 35 the
909 1103 191 35 discussion
1125 1104 39 34 of
1186 1104 59 35 the
1269 1104 93 35 child

148 1157 144 40 support
311 1157 180 39 payments
511 1152 70 36 had
601 1158 35 30 to
656 1153 45 34 do
720 1153 82 37 with
822 1153 59 35 the
900 1153 75 35 love
994 1153 69 36 and
1082 1164 147 26 concern
1248 1154 39 34 of
1303 1154 60 35 the

148 1202 178 44 appellant
341 1202 53 35 for
410 1203 51 34 his
477 1202 166 36 children.
661 1203 75 34 The
751 1203 175 44 appellant
942 1203 159 44 objected
1117 1204 68 34 and
1201 1204 124 43 sought
1341 1215 20 23 a

149 1252 158 34 mistrial.
323 1252 74 34 The
411 1252 172 43 objection
598 1263 70 24 was
683 1252 187 41 sustained,
886 1253 69 34 and
970 1253 60 35 the
1039 1253 82 43 jury
1135 1265 70 23 was
1220 1253 141 35 admon­

149 1301 98 35 ished
263 1306 36 29 to
315 1301 178 44 disregard
509 1302 60 35 the
585 1303 228 43 prosecutor’s
830 1303 166 41 remarks,
1014 1303 62 34 but
1093 1314 20 23 a
1130 1302 146 36 mistrial
1293 1314 69 24 was

148 1350 136 36 denied.

241 1430 66 34 We
320 1440 103 33 agree
434 1429 78 36 that
525 1441 20 24 a
559 1430 148 36 mistrial
719 1442 71 23 was
803 1436 60 30 not
876 1430 170 45 required.
1060 1431 76 35 The
1149 1431 214 35 admonition

149 1484 36 29 to
207 1480 60 34 the
285 1479 82 44 jury
388 1490 69 25 was
480 1480 182 35 sufficient.
685 1480 95 34 Bliss
800 1492 30 23 v.
853 1481 114 40 State,
991 1482 68 33 282
1082 1481 85 34 Ark.
1193 1482 77 40 315,
1294 1482 66 34 668

149 1528 144 35 S.W.2d
315 1530 66 33 936
404 1529 137 43 (1984).

484 1616 32 34 4.
538 1615 120 35 Abuse
677 1615 197 44 Syndrome
894 1617 133 43 Expert

240 1693 75 35 The
332 1699 90 30 state
438 1693 132 36 offered
588 1693 186 46 testimony
791 1694 39 35 of
845 1695 107 44 Mary
969 1695 203 44 McKinney
1189 1706 38 25 as
1245 1701 118 39 expert

149 1744 187 44 testimony
363 1755 44 24 on
436 1743 59 36 the
523 1744 93 35 child
645 1744 109 36 abuse
782 1744 193 45 syndrome.
1007 1746 73 34 Her
1109 1746 253 44 qualifications

148 1793 162 35 included
323 1805 21 23 a
356 1794 130 44 college
498 1794 126 43 degree
636 1795 35 34 in
684 1784 128 54 special
825 1794 196 42 education,
1034 1806 20 23 a
1067 1796 158 35 master’s
1237 1795 126 44 degree

148 1843 35 33 in
197 1843 117 34 school
329 1843 219 43 psychology,
563 1844 69 34 and
647 1844 97 34 three
757 1844 69 35 and
840 1855 20 23 a
874 1844 78 36 half
962 1855 99 32 years
1076 1846 201 42 experience
1290 1856 38 23 as
1342 1857 20 22 a

148 1891 118 34 school
279 1892 191 34 counsellor
483 1892 125 43 during
621 1892 113 34 which
747 1893 61 34 she
820 1892 69 35 had
902 1893 87 34 been
1002 1893 156 34 involved
1171 1894 35 33 in
1219 1898 142 38 twenty-­

147 1940 66 34 five
231 1945 36 29 to
286 1940 77 43 fifty
381 1940 92 35 child
492 1941 108 34 abuse
618 1951 107 24 cases.
745 1942 74 34 The
837 1942 177 43 appellant
1032 1941 159 43 objected
1209 1942 76 35 that
1303 1942 60 34 the

147 1989 139 35 witness
297 1989 69 35 had
377 2001 44 23 no
431 1990 202 44 knowledge
643 1989 40 36 of
690 1990 59 35 the
760 1990 89 35 facts
860 1990 35 35 in
906 1991 59 35 the
975 2002 80 24 case
1066 1991 119 35 before
1195 1992 59 34 the
1263 1997 100 29 court

148 2039 70 35 and
228 2040 80 35 thus
318 2039 97 36 there
424 2050 70 25 was
504 2050 44 25 no
557 2040 206 36 foundation
773 2040 54 36 for
836 2040 61 36 her
907 2046 35 30 to
952 2041 76 44 give
1038 2047 118 39 expert
1166 2041 195 45 testimony.

148 2090 75 35 The
238 2090 177 45 appellant
430 2090 95 42 cites,
542 2102 76 33 e.g.,
634 2092 147 35 Morton
795 2103 30 24 v.
846 2091 108 44 Wiley
970 2092 109 35 Grain
1095 2092 72 35 and
1182 2092 182 36 Chemical

150 2141 74 40 Co.,
237 2142 64 33 271
317 2141 85 35 Ark.
417 2142 159 40 319, 609
588 2141 144 36 S.W.2d
745 2143 68 33 322
826 2141 138 44 (1980),
976 2143 115 34 where
1102 2154 51 22 we
1164 2142 79 35 held
1255 2142 26 35 it
1292 2154 70 23 was

148 2195 61 29 not
232 2191 173 43 improper
428 2196 36 30 to
486 2190 91 35 limit
598 2201 94 26 cross
715 2192 235 34 examination
972 2193 101 33 when
1096 2192 60 35 the
1177 2192 185 44 testimony

149 2240 126 43 sought
298 2239 39 35 of
357 2240 59 35 the
439 2245 118 39 expert
580 2251 70 24 was
674 2240 153 36 directed
851 2245 35 30 to
909 2241 90 35 facts
1023 2246 60 30 not
1106 2241 35 34 in
1164 2242 101 34 issue.
1289 2242 75 34 The

149 2289 190 44 important
355 2289 198 36 distinction
569 2290 82 35 here
666 2290 28 35 is
711 2290 77 35 that
803 2291 45 44 by
863 2291 59 35 the
938 2291 85 35 time
1039 2291 106 44 Mary
1161 2291 202 44 McKinney

148 2338 150 36 testified
315 2339 97 35 there
428 2350 69 25 was
514 2345 118 39 strong
648 2339 163 36 evidence
827 2340 39 35 of
879 2340 120 35 record
1016 2340 77 36 that
1109 2352 21 23 a
1146 2340 93 36 child
1256 2341 107 35 abuse

147 2399 82 25 case
240 2400 71 23 was
323 2389 119 35 before
453 2389 60 35 the
524 2395 99 30 court
635 2389 69 36 and
716 2390 163 35 evidence
890 2390 39 35 of
937 2391 61 34 the
1008 2390 164 35 behavior
1184 2391 39 34 of
1233 2391 131 35 abused
