1681 2708
159 390 156 44 delayed.
347 391 181 34 Crawford
557 391 182 41 admitted,
768 392 167 41 however,
965 392 77 35 that
1071 392 172 35 Williams
1271 403 102 24 never

159 442 174 42 expressly
342 441 113 34 stated
465 441 77 35 that
550 441 60 34 the
618 441 153 44 meeting
780 441 114 35 would
903 442 43 34 be
954 441 192 45 postponed
1155 442 80 41 and,
1244 443 36 34 in
1289 442 84 41 fact,

159 490 78 35 that
246 490 45 44 by
301 491 88 43 May
401 492 52 40 18,
463 491 97 35 three
569 490 85 45 days
664 491 119 35 before
791 491 59 35 the
859 491 163 44 meeting,
1033 491 182 36 Crawford
1224 491 149 36 realized

160 541 78 34 that
253 552 44 23 an
312 546 199 38 agreement
527 546 35 30 to
577 546 168 39 postpone
759 542 59 34 the
832 542 152 43 meeting
999 541 70 36 had
1084 547 59 30 not
1158 542 87 35 been
1260 542 112 35 made.

160 590 149 35 Neither
329 590 181 36 Crawford
531 601 62 24 nor
613 591 59 35 the
692 591 192 44 appellants
905 591 80 36 filed
1005 603 21 24 a
1046 592 136 36 written
1201 592 173 44 objection

160 641 83 35 with
259 641 59 35 the
332 641 217 44 corporation
564 641 93 44 prior
672 647 35 29 to
722 641 59 35 the
796 642 87 44 May
898 643 40 34 21
958 642 163 44 meeting,
1137 641 68 36 and
1220 642 81 44 they
1315 642 59 35 did

161 697 60 28 not
230 691 121 34 attend
359 692 59 34 the
427 691 162 43 meeting.
600 693 49 33 At
657 692 60 34 the
725 692 152 43 meeting
885 692 60 35 the
954 691 239 36 shareholders
1203 692 171 44 approved

161 741 59 34 the
232 741 80 43 plan
325 741 39 34 of
372 752 145 33 merger,
530 741 69 35 and
612 742 59 34 the
682 742 151 43 meeting
844 753 70 23 was
926 742 192 43 adjourned
1130 747 36 30 at
1182 744 99 33 11:40
1293 754 80 23 a.m.

161 790 104 35 After
281 791 59 34 the
356 791 150 43 meeting
522 802 71 23 was
609 791 202 43 adjourned,
829 797 35 29 at
881 793 78 34 2:13
977 803 82 33 p.m.
1077 792 86 35 EST
1181 793 94 42 (1:13
1293 803 81 33 p.m.

161 840 120 42 CST),
293 840 210 35 Crawford’s
514 841 100 34 office
624 841 207 44 telephoned
841 853 21 23 a
873 842 161 34 Western
1045 842 118 34 Union
1173 853 157 32 message
1339 848 36 29 to

161 890 60 34 the
240 890 217 44 corporation
476 890 113 35 which
609 890 113 35 stated
741 902 44 23 an
805 891 172 43 objection
997 897 36 29 to
1052 891 59 35 the
1129 902 135 32 merger
1282 892 91 43 plan.

1304 252 67 34 617

346 969 84 34 Ark.
459 969 89 35 Stat.
576 970 92 33 Ann.
699 970 17 42 §
746 970 129 34 64-707
904 969 117 44 (Repl.
1053 969 105 44 1980)
1186 970 142 44 permits
1355 981 20 24 a

162 1018 208 35 dissatisfied
389 1018 222 35 shareholder
629 1025 36 28 to
682 1019 180 35 withdraw
880 1019 91 35 from
990 1020 60 34 the
1067 1025 181 38 corporate
1265 1025 111 30 enter­

162 1068 91 43 prise
273 1068 90 34 after
384 1079 134 32 merger
539 1068 69 35 and
628 1074 36 29 to
684 1069 119 34 obtain
823 1069 34 34 in
878 1070 83 34 cash
981 1070 60 34 the
1061 1069 67 35 fair
1147 1070 101 34 value
1267 1069 39 36 of
1323 1070 52 35 his

162 1117 130 41 shares,
308 1117 181 45 judicially
508 1117 216 36 determined
744 1118 30 35 if
790 1129 191 34 necessary,
1002 1119 31 35 if
1048 1119 44 35 he
1110 1119 164 45 complies
1294 1120 82 35 with

162 1167 98 34 three
272 1172 103 38 steps.
390 1167 126 44 Briefly
528 1167 126 41 stated,
667 1168 60 35 the
739 1168 189 43 dissenting
941 1168 223 35 shareholder
1176 1169 29 35 is
1217 1169 159 44 required

164 1216 54 43 (1)
235 1221 35 29 to
284 1216 114 43 object
412 1222 35 29 to
460 1216 59 36 the
533 1217 169 44 proposed
716 1228 134 33 merger
864 1218 34 35 in
912 1218 137 44 writing
1062 1219 93 43 prior
1168 1224 36 30 to
1217 1229 38 24 or
1268 1224 36 30 at
1317 1219 60 35 the

163 1266 152 44 meeting
332 1272 36 29 at
385 1266 111 36 which
513 1267 60 35 the
589 1267 250 36 shareholders’
856 1273 78 30 vote
950 1279 44 24 on
1011 1269 60 35 the
1086 1279 135 33 merger
1238 1269 27 35 is
1282 1274 35 30 to
1334 1269 43 35 be

162 1317 116 41 taken,
295 1316 53 44 (2)
364 1322 59 30 not
436 1323 35 29 to
484 1323 79 30 vote
575 1317 35 35 in
624 1318 98 35 favor
735 1318 39 35 of
784 1318 59 35 the
855 1329 136 33 merger
1005 1324 36 30 at
1054 1319 59 35 the
1126 1319 250 36 shareholders’

163 1367 163 43 meeting,
337 1367 69 35 and
418 1367 53 43 (3)
484 1373 35 29 to
529 1368 104 35 make
642 1369 136 34 written
789 1368 150 36 demand
949 1380 44 24 on
1004 1370 59 34 the
1073 1370 172 43 surviving
1255 1381 38 23 or
1302 1381 75 24 new

162 1417 220 44 corporation
397 1417 52 34 for
464 1423 166 39 payment
644 1418 39 34 of
694 1419 60 34 the
768 1418 66 35 fair
847 1419 103 35 value
963 1419 39 34 of
1013 1420 60 34 the
1087 1420 98 34 stock
1197 1419 120 35 within
1335 1420 41 35 10

162 1466 86 44 days
264 1467 91 34 after
371 1468 58 33 the
445 1467 81 35 date
542 1467 40 35 of
594 1468 60 34 the
668 1474 88 29 vote.
775 1469 31 34 It
822 1468 27 35 is
866 1468 209 44 undisputed
1092 1470 76 34 that
1184 1469 192 44 appellants

162 1516 173 44 complied
345 1517 82 35 with
437 1517 58 35 the
504 1518 128 34 second
642 1518 69 34 and
721 1517 92 35 third
823 1523 91 39 steps
924 1519 94 34 since
1027 1519 82 43 they
1118 1518 59 35 did
1188 1524 59 30 not
1255 1524 78 30 vote
1342 1520 34 34 in

162 1565 98 36 favor
270 1566 40 35 of
316 1566 59 35 the
385 1577 134 33 merger
530 1567 70 35 and
610 1567 103 35 made
723 1578 21 24 a
754 1567 136 36 written
899 1568 152 35 demand
1061 1568 54 35 for
1125 1575 165 38 payment
1299 1569 77 35 four

162 1616 85 44 days
267 1616 90 35 after
376 1617 58 34 the
451 1617 252 35 shareholders’
723 1618 151 43 meeting
893 1623 36 29 at
947 1618 112 35 which
1078 1619 59 34 the
1155 1630 134 32 merger
1307 1630 69 24 was

162 1666 185 44 approved.
359 1667 75 34 The
445 1666 79 35 trial
535 1673 99 29 court
646 1667 80 35 held
738 1668 76 34 that
825 1668 59 35 the
895 1668 193 44 appellants
1100 1668 59 35 did
1171 1674 59 29 not
1241 1670 137 43 comply

161 1716 83 34 with
259 1716 59 35 the
331 1716 73 35 first
418 1722 74 39 step
506 1717 112 34 which
632 1728 70 24 was
716 1722 35 29 to
764 1717 114 43 object
891 1723 36 29 to
940 1718 59 35 the
1013 1718 168 44 proposed
1195 1729 134 33 merger
1342 1719 34 35 in

162 1765 137 43 writing
314 1766 91 43 prior
419 1771 35 29 to
468 1777 38 24 or
520 1772 37 29 at
571 1767 60 34 the
644 1767 250 35 shareholders’
910 1768 162 42 meeting,
1088 1768 69 35 and
1171 1769 76 34 that
1260 1774 75 38 step
1349 1769 28 34 is

162 1815 59 34 the
235 1826 182 32 necessary
431 1815 178 43 predicate
621 1816 40 34 of
671 1817 60 33 the
744 1816 92 43 right
849 1822 36 29 to
899 1817 185 43 appraisal.
1098 1817 75 34 The
1186 1817 80 35 trial
1279 1822 99 30 court

162 1874 70 23 was
253 1869 143 29 correct.

254 1941 75 35 The
344 1942 193 44 appellants
554 1943 149 35 contend
719 1943 60 35 the
794 1943 196 36 chancellor
1007 1944 98 35 erred
1121 1944 35 36 in
1172 1944 112 45 ruling
1300 1945 77 35 that

162 1992 83 45 they
265 1992 59 36 did
344 1998 59 30 not
422 1993 137 45 comply
578 1993 83 36 with
682 1994 59 35 the
760 1994 73 36 first
852 2000 76 39 step
946 1995 150 36 because
1115 1995 183 42 Williams,
1319 1996 59 36 the

162 2048 161 40 attorney
332 2043 53 36 for
395 2044 73 35 The
477 2044 129 44 Strong
616 2045 195 45 Company,
822 2046 83 41 Inc.,
914 2045 70 36 had
994 2047 118 35 actual
1121 2047 113 35 notice
1243 2047 39 35 of
1288 2047 89 35 their

162 2094 174 43 objection
347 2100 36 29 to
393 2094 58 35 the
461 2095 81 44 plan
553 2095 40 35 of
600 2106 136 32 merger
746 2106 79 24 over
836 2101 67 29 two
912 2097 112 34 weeks
1036 2096 119 35 before
1165 2097 59 35 the
1234 2098 88 42 May
1333 2098 40 34 21

162 2143 251 36 shareholders’
427 2145 163 42 meeting.
605 2145 66 34 We
684 2145 138 43 quickly
836 2145 136 35 dismiss
984 2146 60 34 the
1057 2147 209 40 contention,
1279 2146 97 35 with-

162 2198 61 29 out
232 2203 84 24 even
325 2193 191 43 discussing
526 2194 59 34 the
594 2199 172 38 statutory
775 2195 232 42 requirement
1016 2196 77 33 that
1102 2195 59 34 the
1169 2195 114 35 notice
1291 2195 43 34 be
1342 2196 35 34 in

163 2242 148 43 writing,
322 2242 147 35 because
479 2243 97 34 there
585 2243 126 44 simply
720 2243 28 35 is
758 2254 44 25 no
812 2244 162 35 evidence
983 2244 77 35 that
1069 2244 60 35 the
1138 2244 192 45 appellants
1340 2255 38 24 or

162 2292 90 35 their
274 2298 159 38 attorney
455 2303 85 33 gave
562 2293 184 41 Williams,
769 2305 38 23 or
828 2305 68 33 any
917 2294 39 35 of
975 2294 60 35 the
1056 2294 183 45 appellees,
1262 2294 116 36 actual

163 2343 115 35 notice
293 2342 40 36 of
345 2354 44 24 an
405 2343 172 44 objection
594 2349 35 29 to
645 2343 59 36 the
719 2344 81 44 plan
817 2344 39 35 of
868 2355 136 33 merger
1020 2344 119 36 before
1154 2345 59 35 the
1229 2345 88 44 May
1333 2347 40 33 21

163 2393 251 35 shareholders’
424 2394 162 44 meeting.
598 2395 39 33 In
646 2394 84 42 fact,
740 2394 59 35 the
808 2395 162 35 evidence
978 2395 129 44 clearly
1115 2395 110 35 shows
1234 2396 77 34 that
1320 2396 59 34 the
