1641 2685
320 283 62 34 198

478 423 116 34 James
615 423 43 33 K.
681 422 207 35 RIDLING
909 433 27 23 v.
959 423 152 33 STATE
1131 422 38 34 of
1186 423 178 34 Arkansas

1206 497 68 33 702
1294 496 142 35 S.W.2d
1459 497 62 36 811

642 570 170 45 Supreme
832 570 111 35 Court
962 571 40 35 of
1018 572 179 34 Arkansas

554 620 151 45 Opinion
726 620 171 36 delivered
920 621 175 44 February
1120 622 51 40 10,
1197 622 86 34 1986

409 1043 125 42 Wayne
553 1043 170 33 Emmons
743 1042 68 35 and
831 1042 94 34 John
949 1044 46 33 W.
1017 1043 125 40 Leach,
1164 1042 53 35 for
1238 1044 185 43 appellant.

403 1117 58 33 No
481 1126 170 33 response.

402 1190 74 34 Per
489 1190 163 34 Curiam.

666 1191 199 43 Appellant,
879 1191 116 34 James
1008 1192 43 33 K.
1066 1190 152 44 Ridling,
1231 1191 46 44 by
1288 1192 52 34 his
1353 1197 168 38 attorney,

311 1238 62 35 has
393 1239 80 34 filed
494 1239 53 35 for
567 1250 20 23 a
608 1239 74 35 rule
701 1250 44 24 on
766 1240 58 34 the
844 1240 103 34 clerk.

403 1314 63 34 His
484 1318 169 39 attorney,
672 1314 90 35 John
780 1315 55 34 W.
854 1315 128 41 Leach,
1001 1315 127 35 admits
1145 1315 77 35 that
1238 1316 60 34 the
1314 1316 121 35 record
1452 1327 70 24 was

311 1363 164 35 tendered
496 1364 69 35 late
584 1363 68 35 due
672 1369 35 30 to
727 1375 20 24 a
768 1365 148 34 mistake
936 1376 44 23 on
1000 1366 52 34 his
1073 1370 87 40 part.

494 1439 65 34 We
577 1438 71 35 find
667 1439 76 35 that
762 1439 85 35 such
867 1450 44 24 an
930 1451 104 30 error,
1054 1440 206 44 admittedly
1278 1441 103 34 made
1400 1441 44 44 by
1463 1441 59 35 the

310 1493 158 39 attorney
489 1488 53 35 for
562 1499 20 23 a
602 1488 159 35 criminal
781 1489 201 41 defendant,
1004 1490 27 34 is
1052 1489 89 44 good
1161 1501 105 24 cause
1286 1496 35 29 to
1341 1496 101 38 grant
1463 1491 59 34 the

309 1538 141 34 motion.
465 1538 67 34 See
544 1548 62 24 our
620 1539 64 33 Per
697 1538 146 35 Curiam
856 1539 139 43 opinion
1008 1540 105 34 dated
1128 1540 176 44 February
1318 1541 148 41 5,1979,
1481 1541 40 34 In

309 1587 63 34 Re:
395 1586 142 36 Belated
557 1588 153 43 Appeals
731 1588 35 35 in
787 1588 170 35 Criminal
978 1589 118 35 Cases.

399 1663 34 33 A
442 1672 87 34 copy
538 1661 39 35 of
584 1662 67 34 this
660 1663 139 43 opinion
809 1663 68 34 will
888 1663 42 34 be
939 1663 194 35 forwarded
1143 1669 35 29 to
1187 1664 59 34 the
1256 1665 212 35 Committee
1476 1676 44 23 on

309 1711 229 35 Professional
560 1711 170 36 Conduct.

400 1786 158 40 Purtle,
580 1786 41 41 J.,
643 1792 59 29 not
722 1787 256 43 participating.
