1624 2688
299 410 116 35 officer
428 410 29 35 if
466 411 43 34 he
521 410 136 35 wanted
669 416 35 29 to
717 411 102 35 make
830 412 219 34 corrections.
1062 412 75 34 The
1148 412 116 34 officer
1276 411 148 36 testified
1437 412 76 35 that

299 461 68 35 Orr
386 461 69 42 did,
476 461 68 35 and
563 461 76 35 that
658 462 83 35 both
761 462 43 35 he
822 462 68 35 and
910 462 68 35 Orr
997 462 121 45 placed
1137 462 89 35 their
1245 462 128 36 initials
1392 474 43 24 on
1454 463 59 35 the

298 512 136 34 various
445 523 104 33 pages
559 513 113 34 where
681 513 207 35 corrections
898 524 139 33 appear.
1048 513 83 35 This
1140 514 156 35 scenario
1305 514 28 34 is
1342 514 171 35 sufficient

299 567 35 29 to
356 568 143 38 support
521 574 19 23 a
563 563 197 34 conclusion
782 563 77 35 that
881 563 59 35 the
962 564 204 43 appellant’s
1188 569 187 29 statement
1397 570 36 29 to
1454 565 59 34 the

299 612 243 43 investigating
569 613 133 33 officers
730 624 69 23 was
827 614 99 41 given
955 614 205 42 knowingly,
1188 614 228 43 intelligently
1444 614 68 34 and

298 661 217 43 voluntarily.

304 270 64 32 122

389 742 74 34 The
481 742 78 34 trial
577 747 98 29 court
693 742 107 34 found
819 743 58 34 the
895 743 175 43 appellant
1088 744 195 43 knowingly
1301 744 68 33 and
1387 744 124 34 intelli-

298 791 117 43 gently
435 791 130 34 waived
586 792 52 33 his
659 792 92 42 right
771 797 35 29 to
826 792 132 34 remain
979 792 101 34 silent
1100 792 91 34 after
1211 793 102 43 being
1333 793 100 43 given
1453 793 60 34 the

298 840 166 35 standard
476 841 169 34 Miranda
656 841 182 43 warnings.
850 841 75 35 The
935 847 98 29 court
1044 842 73 34 also
1128 841 108 35 found
1248 842 59 34 the
1317 842 194 35 confession

298 901 69 23 was
378 891 191 43 voluntary.
581 891 74 33 The
665 896 99 29 court
774 891 203 43 recognized
988 891 77 34 that
1075 892 98 33 there
1182 903 70 23 was
1263 891 162 35 evidence
1435 892 76 34 that

298 945 36 28 at
347 950 64 23 one
423 950 37 24 or
473 945 67 29 two
553 940 112 43 points
678 940 59 34 the
748 941 176 43 appellant
937 941 225 43 experienced
1175 941 117 35 rather
1304 941 206 35 substantial

298 989 186 34 emotional
500 995 99 37 upset
613 990 62 33 but
689 990 76 34 that
779 990 97 34 there
890 1001 69 23 was
974 995 60 29 not
1048 990 163 34 evidence
1225 991 189 43 indicating
1430 991 82 34 “the

298 1038 186 34 emotional
501 1044 98 38 upset
614 1039 164 34 occurred
794 1044 36 29 at
845 1039 59 34 the
919 1039 84 35 time
1018 1040 76 34 that
1109 1040 44 34 he
1167 1051 70 23 was
1252 1040 140 35 advised
1407 1041 39 34 of
1458 1041 53 34 his

298 1087 108 43 rights
417 1098 38 24 or
465 1099 83 23 even
559 1088 165 35 occurred
734 1089 124 43 during
869 1089 59 34 the
938 1089 193 35 interview.
1160 1117 6 7 .
1194 1118 6 6 .
1212 1090 75 34 The
1297 1090 110 35 Court
1418 1091 93 34 can’t

298 1138 78 44 help
387 1138 62 34 but
460 1138 129 35 believe
599 1139 76 34 that
690 1139 40 43 [it
740 1139 83 43 was]
838 1150 20 24 a
869 1140 178 34 conscious
1058 1140 69 34 and
1137 1140 190 35 deliberate
1336 1146 57 29 act
1403 1151 44 24 on
1457 1141 53 34 his

298 1193 77 39 part
389 1188 33 35 in
436 1189 114 43 giving
564 1189 76 34 that
653 1194 187 30 statement
853 1189 68 35 and
935 1190 76 35 that
1024 1190 27 35 it
1063 1202 70 23 was
1145 1191 192 44 voluntary.
1352 1191 92 35 That
1458 1191 52 36 his

297 1244 137 38 present
444 1240 178 43 posturing
632 1239 39 35 of
678 1240 165 41 amnesia,
854 1240 59 35 the
923 1240 110 35 Court
1043 1241 81 35 does
1135 1246 60 30 not
1204 1241 71 35 find
1285 1241 226 44 particularly

296 1289 185 34 credible.”

481 1370 112 34 When
610 1370 185 43 testimony
812 1382 37 23 as
866 1376 36 29 to
918 1371 59 34 the
993 1371 270 34 circumstances
1280 1372 230 43 surrounding

296 1419 59 33 the
368 1419 119 42 taking
500 1419 39 34 of
549 1430 19 23 a
582 1419 193 34 confession
788 1420 28 34 is
829 1420 209 43 conflicting,
1052 1421 27 34 it
1091 1421 28 34 is
1132 1420 54 35 for
1199 1421 59 34 the
1270 1421 80 34 trial
1363 1426 98 30 court
1474 1427 35 29 to

296 1467 110 43 weigh
416 1468 58 34 the
484 1468 161 34 evidence
654 1468 68 35 and
732 1469 130 34 resolve
871 1469 59 35 the
938 1469 195 44 credibility
1142 1470 40 34 of
1188 1470 59 34 the
1255 1470 175 35 witnesses
1441 1470 68 35 and

295 1528 51 22 we
358 1516 44 35 do
414 1522 59 29 not
486 1517 133 35 disturb
631 1518 59 34 the
702 1518 126 35 court’s
841 1518 131 43 finding
984 1519 115 34 unless
1111 1519 27 34 it
1150 1530 70 24 was
1232 1520 129 43 clearly
1373 1520 137 43 against

295 1566 59 34 the
365 1567 279 43 preponderance
654 1567 39 34 of
700 1568 60 34 the
770 1568 172 34 evidence.
954 1568 121 35 Fuller
1084 1580 30 23 v.
1125 1569 113 41 State,
1252 1570 66 33 278
1331 1570 84 34 Ark.
1428 1570 80 41 450,

296 1617 67 33 646
384 1616 143 35 S.W.2d
548 1618 68 33 700
639 1617 136 43 (1983).
797 1618 74 34 The
891 1619 127 34 court’s
1038 1618 152 35 decision
1210 1630 70 23 was
1301 1624 60 30 not
1381 1620 127 43 clearly

295 1666 136 42 against
447 1666 59 34 the
523 1667 279 43 preponderance
818 1667 39 34 of
871 1668 59 34 the
947 1668 172 34 evidence.
1137 1669 74 34 The
1227 1669 194 34 confession
1438 1680 70 23 was

295 1716 158 43 properly
473 1716 180 34 admitted.

478 1797 74 34 The
565 1798 204 43 appellant’s
783 1798 199 35 contention
995 1798 76 35 that
1084 1799 60 34 the
1156 1799 123 35 results
1293 1799 39 35 of
1341 1799 59 35 the
1413 1805 96 29 trace

295 1847 105 34 metal
425 1851 67 30 test
516 1847 122 34 should
663 1848 87 34 have
773 1847 87 35 been
885 1848 167 35 excluded
1077 1849 28 34 is
1129 1849 73 34 also
1225 1849 146 35 without
1394 1850 112 34 merit.

294 1896 158 44 Physical
471 1902 95 36 tests,
585 1898 85 34 such
688 1909 37 23 as
745 1898 58 35 the
821 1903 96 30 trace
935 1899 106 34 metal
1059 1904 78 36 test,
1157 1910 59 24 are
1234 1905 60 29 not
1311 1900 120 34 within
1449 1900 59 35 the

294 1947 149 43 purview
459 1947 39 34 of
509 1947 59 35 the
583 1948 78 34 fifth
677 1948 224 35 amendment
916 1949 191 44 protection
1123 1950 137 43 against
1275 1950 232 35 self-incrimi­

294 1997 128 34 nation.
449 1997 243 44 Weatherford
708 2009 30 23 v.
759 1998 112 41 State,
893 1999 67 34 286
980 1999 86 34 Ark.
1088 2000 78 40 376,
1188 2000 68 34 692
1276 2000 143 34 S.W.2d
1439 2001 66 33 605

295 2045 137 44 (1985).

383 2127 75 35 The
466 2128 188 34 admission
663 2128 72 35 into
744 2129 163 35 evidence
914 2129 40 35 of
959 2130 119 34 state’s
1087 2130 148 35 exhibits
1248 2132 58 40 1,5
1317 2130 68 35 and
1399 2132 51 40 19,
1461 2131 45 35 all

292 2177 246 44 photographs,
556 2178 28 34 is
602 2183 81 29 next
700 2179 204 43 challenged
923 2179 45 44 by
985 2180 59 34 the
1062 2180 186 43 appellant.
1268 2181 56 33 He
1341 2181 165 34 contends

292 2226 97 34 these
408 2227 98 34 three
524 2228 235 43 photographs
779 2228 87 35 have
885 2239 44 24 no
949 2229 207 34 substantial
1176 2230 212 43 evidentiary
1406 2231 101 33 value

292 2276 69 34 and
381 2276 152 44 unfairly
553 2277 200 43 prejudiced
773 2288 38 24 or
831 2278 164 34 inflamed
1016 2279 59 34 the
1090 2279 92 43 jury.

476 2358 141 34 Exhibit
639 2360 12 32 1
674 2358 27 34 is
720 2369 20 23 a
758 2358 217 44 photograph
993 2359 40 34 of
1047 2359 59 34 the
1123 2359 90 34 back
1230 2359 39 35 of
1284 2360 58 34 the
1359 2360 147 34 victim’s

292 2406 127 34 shaved
440 2407 89 34 head
549 2407 153 43 showing
722 2408 59 34 the
800 2408 125 34 wound
945 2419 92 23 area.
1058 2409 74 34 The
1151 2409 99 34 other
1269 2414 67 29 two
1356 2409 149 44 pictures
