1665 2690
319 400 174 35 Charles’s
512 405 148 38 stepson.
680 399 75 34 The
772 398 145 44 original
937 398 240 35 informations
1196 397 151 43 charged
1367 397 85 35 each
1471 396 57 34 de-

319 450 144 35 fendant
484 450 82 35 with
589 461 82 33 rape
693 449 44 44 by
758 449 118 35 sexual
898 449 211 35 intercourse
1130 459 37 24 or
1189 447 44 44 by
1255 447 135 35 deviate
1411 446 117 36 sexual

320 500 150 45 activity.

320 262 65 33 548

409 591 74 34 The
502 595 68 29 two
590 601 96 23 cases
706 600 89 24 were
815 588 235 36 consolidated
1070 589 119 34 before
1209 588 59 35 the
1288 588 73 34 first
1381 588 90 40 trial,
1492 592 37 29 at

318 639 112 34 which
440 640 59 34 the
505 640 80 42 jury
595 639 107 35 found
712 639 85 34 each
807 638 190 35 defendant
1006 638 109 43 guilty
1125 638 39 34 of
1171 648 92 33 rape.
1274 638 104 43 Upon
1388 638 58 34 the
1455 637 73 34 first

318 690 123 43 appeal
455 700 50 23 we
517 688 78 34 held
609 689 75 34 that
697 688 58 34 the
768 688 77 35 trial
854 688 108 43 judge
974 687 68 34 had
1055 687 98 35 erred
1166 687 34 34 in
1212 692 59 29 not
1283 686 175 44 requiring
1470 686 59 34 the

318 744 199 38 prosecutor
535 743 35 29 to
588 739 56 33 file
661 749 20 23 a
700 738 59 34 bill
778 737 39 35 of
831 738 205 43 particulars
1054 737 68 34 and
1141 737 34 34 in
1193 742 60 29 not
1270 736 158 43 recusing
1446 736 81 34 with

319 793 133 38 respect
478 793 35 29 to
539 798 20 24 a
586 787 129 35 motion
742 792 35 30 to
803 797 159 34 suppress
988 798 20 23 a
1035 787 120 34 search
1182 785 192 36 conducted
1401 797 43 24 on
1470 786 59 34 the

318 837 176 44 authority
503 837 39 34 of
548 848 19 23 a
578 842 149 30 warrant
737 836 113 36 issued
861 836 44 44 by
915 837 59 34 the
977 836 109 43 judge
1095 835 149 36 himself.
1253 835 95 35 Bliss
1358 835 71 35 and
1435 835 94 34 Bliss

317 899 31 23 v.
362 888 113 40 State,
490 888 68 33 282
572 887 84 34 Ark.
672 887 79 40 315,
766 887 66 34 668
848 886 143 34 S.W.2d
1005 886 67 34 936
1089 884 137 44 (1984).
1242 886 56 34 On
1313 885 143 35 remand
1470 885 58 34 the

319 942 198 39 prosecutor
531 937 173 44 promptly
717 936 80 35 filed
812 947 20 24 a
846 936 60 34 bill
920 936 40 35 of
970 935 216 45 particulars,
1202 935 166 43 charging
1383 935 145 35 Charles

319 987 82 35 with
421 998 82 33 rape
522 987 44 43 by
585 987 135 35 deviate
740 986 117 35 sexual
877 986 141 44 activity
1037 986 68 35 and
1125 986 136 34 Sharon
1280 985 83 35 with
1383 996 82 33 rape
1484 985 45 43 by

318 1037 118 35 sexual
456 1037 211 35 intercourse
686 1047 38 24 or
744 1036 45 44 by
808 1036 136 35 deviate
963 1036 118 35 sexual
1102 1035 151 44 activity.

409 1126 48 35 At
475 1137 20 24 a
514 1126 125 34 second
657 1125 79 35 trial
754 1126 58 34 the
830 1125 205 35 defendants
1053 1136 90 24 were
1160 1125 103 42 again
1281 1124 108 35 found
1407 1124 119 44 guilty.

319 1175 94 35 Each
434 1186 69 24 was
524 1175 184 35 sentenced
729 1180 35 30 to
784 1175 60 34 life
865 1175 261 44 imprisonment
1146 1174 69 34 and
1236 1186 20 23 a
1277 1175 151 39 $15,000
1448 1174 78 34 fine.

319 1225 103 43 Eight
432 1225 150 43 grounds
593 1225 53 34 for
656 1225 147 34 reversal
814 1236 59 23 are
883 1224 129 44 argued
1023 1224 34 34 in
1068 1225 59 34 the
1136 1224 204 43 appellants’
1352 1223 99 35 brief.
1463 1224 65 33 We

318 1274 155 44 perceive
484 1285 43 23 no
539 1274 202 44 prejudicial
752 1285 93 24 error
857 1274 34 34 in
902 1275 59 33 the
972 1274 112 43 points
1095 1274 77 34 that
1183 1284 59 24 are
1252 1273 182 44 presented
1444 1284 38 23 or
1493 1273 34 34 in

318 1335 68 32 any
405 1325 99 33 other
522 1323 172 43 objection
715 1323 197 35 abstracted
933 1323 54 34 for
1006 1334 63 23 our
1088 1322 263 35 consideration.

407 1412 75 34 The
490 1411 198 44 sufficiency
696 1411 40 34 of
741 1412 59 34 the
809 1411 162 35 evidence
979 1416 59 29 not
1047 1411 102 43 being
1158 1410 214 44 questioned,
1381 1421 51 24 we
1441 1410 86 35 need

318 1465 59 30 not
388 1466 138 29 narrate
536 1461 59 34 the
605 1461 185 43 testimony
800 1461 34 34 in
844 1460 117 35 detail.
972 1461 74 34 The
1056 1460 128 35 State’s
1195 1460 102 44 proof
1304 1460 137 34 showed
1452 1460 76 34 that

317 1510 59 34 the
386 1510 158 35 criminal
555 1516 73 29 acts
639 1510 168 34 extended
818 1520 79 24 over
908 1522 20 22 a
939 1510 206 34 substantial
1156 1509 118 44 period
1285 1509 39 35 of
1331 1509 94 35 time.
1438 1509 89 34 Both

317 1559 206 35 defendants
543 1559 155 44 engaged
718 1559 34 34 in
771 1559 135 35 deviate
925 1559 118 35 sexual
1062 1565 74 29 acts
1155 1558 83 36 with
1258 1560 59 34 the
1335 1559 103 41 child,
1459 1558 68 35 and

318 1609 136 35 Sharon
468 1609 72 35 also
554 1609 68 35 had
636 1609 118 34 sexual
769 1609 210 35 intercourse
992 1608 83 35 with
1089 1609 61 35 her
1164 1619 71 24 son.
1251 1609 205 44 Eventually
1469 1609 59 34 the

317 1658 92 36 child
429 1670 70 24 was
519 1659 121 44 placed
661 1659 34 34 in
715 1658 59 36 the
793 1658 145 45 custody
957 1658 41 36 of
1014 1658 52 35 his
1086 1670 76 24 own
1182 1658 125 35 father.

407 1749 74 34 The
493 1749 73 33 first
578 1749 95 43 point
685 1748 53 34 for
751 1748 158 41 reversal,
922 1748 194 44 applicable
1127 1748 80 43 only
1219 1753 35 30 to
1266 1749 147 40 Sharon,
1426 1748 68 35 and
1506 1759 20 23 a

316 1798 125 35 second
463 1798 106 44 point,
591 1798 195 44 applicable
806 1803 36 29 to
863 1798 83 35 both
967 1798 204 44 appellants,
1193 1803 137 38 present
1352 1798 59 35 the
1431 1808 96 24 same

316 1847 269 44 misconception
597 1848 39 34 of
644 1848 64 34 law
721 1848 67 34 and
800 1858 81 33 may
892 1847 44 35 be
946 1848 176 34 answered
1134 1848 167 42 together.
1315 1848 31 33 It
1357 1847 27 34 is
1396 1847 130 43 argued

316 1908 44 23 on
372 1897 59 34 the
442 1897 175 44 authority
628 1897 39 35 of
678 1896 216 44 Clayborn v.
906 1898 113 39 State,
1033 1898 66 33 278
1112 1897 85 34 Ark.
1212 1898 158 40 533, 647
1383 1896 142 35 S.W.2d

317 1948 66 34 433
401 1946 137 44 (1983),
554 1947 76 35 that
644 1957 82 33 rape
740 1947 44 44 by
798 1947 118 35 sexual
931 1948 211 34 intercourse
1155 1946 68 35 and
1238 1958 83 33 rape
1334 1947 45 43 by
1392 1947 135 34 deviate

316 1997 118 34 sexual
458 1997 140 42 activity
621 2008 60 23 are
703 2001 68 30 two
793 2002 160 38 separate
975 1997 134 34 crimes.
1135 1998 121 33 Hence
1279 1997 26 34 it
1328 2007 69 24 was
1421 2007 103 30 error,

316 2046 136 35 Sharon
464 2046 124 40 insists,
602 2046 53 34 for
666 2046 59 34 the
736 2046 79 35 trial
827 2051 99 30 court
937 2051 35 30 to
984 2046 129 34 submit
1124 2051 36 29 to
1171 2046 60 34 the
1238 2046 81 43 jury
1330 2046 59 34 the
1400 2046 126 42 charge

316 2096 39 34 of
362 2106 83 33 rape
454 2096 45 43 by
509 2096 118 34 sexual
637 2096 211 34 intercourse
858 2095 177 46 “and/or”
1047 2095 45 44 by
1101 2095 135 34 deviate
1246 2095 118 35 sexual
1374 2096 150 42 activity.

317 2145 88 34 Both
422 2145 206 35 defendants
645 2155 107 33 argue
768 2146 76 34 that
861 2145 59 35 the
936 2144 126 36 second
1078 2145 79 35 trial
1174 2144 209 35 constituted
1400 2145 126 34 double

312 2195 179 44 jeopardy,
510 2195 148 35 because
674 2195 26 34 it
718 2195 27 34 is
762 2194 199 45 impossible
977 2200 36 29 to
1029 2194 192 36 determine
1238 2195 91 34 from
1345 2194 59 35 the
1417 2194 108 44 jury’s

316 2245 139 42 general
464 2244 147 35 verdicts
620 2250 37 29 at
666 2245 59 34 the
734 2244 73 35 first
816 2244 80 35 trial
905 2245 112 34 which
1027 2244 91 35 form
1127 2244 39 35 of
1172 2255 83 33 rape
1264 2245 60 34 the
1328 2244 81 45 jury
1418 2244 108 35 found

315 2294 86 34 each
410 2294 189 35 defendant
608 2300 36 29 to
653 2294 87 35 have
748 2294 213 35 committed.
973 2294 198 41 Therefore,
1181 2294 26 34 it
1216 2294 28 35 is
1253 2294 204 41 contended,
1466 2294 60 34 the

316 2344 125 34 second
449 2345 81 42 jury
541 2355 80 33 may
633 2344 87 34 have
730 2344 108 35 found
850 2345 85 34 each
946 2344 110 44 guilty
1067 2344 40 35 of
1115 2355 20 23 a
1146 2344 108 35 crime
1264 2344 39 34 of
1311 2343 112 35 which
1434 2344 44 34 he
1488 2354 38 24 or

316 2393 61 34 she
396 2393 69 35 had
486 2394 86 34 been
592 2393 108 35 found
721 2399 59 29 not
800 2393 109 43 guilty
930 2399 36 29 at
986 2393 59 34 the
1064 2394 74 34 first
1157 2393 90 35 trial.
