1634 2694
309 423 171 44 Lawyer’s
502 424 156 42 $1,288).

313 283 63 33 130

400 505 143 42 Lawyer
570 515 123 32 argues
722 504 76 35 that
826 505 59 34 the
912 505 222 34 termination
1163 516 66 32 pay
1257 505 61 34 has
1347 510 59 29 not
1434 506 86 34 been

308 553 163 44 acquired
485 553 124 43 during
623 554 59 34 the
694 554 173 42 marriage
880 554 69 34 and
962 554 76 34 that
1052 554 42 34 its
1108 554 158 34 eventual
1281 555 128 43 receipt
1422 555 28 34 is
1464 560 56 29 too

307 603 210 43 speculative
538 603 53 34 for
611 604 26 33 it
657 609 35 29 to
713 603 186 35 constitute
919 603 139 35 marital
1078 609 171 38 property.

399 684 66 35 We
488 690 92 29 must
602 684 157 35 consider
782 685 59 34 the
864 690 180 39 payments
1068 685 35 34 in
1125 686 89 34 their
1237 696 123 33 proper
1382 686 137 42 setting.

309 735 112 33 When
434 745 43 23 an
490 734 182 35 insurance
683 740 104 37 agent
799 735 78 34 sells
889 746 20 23 a
922 735 112 44 policy
1045 735 39 34 of
1092 735 222 41 automobile,
1327 736 72 41 fire,
1412 746 37 24 or
1461 735 60 35 life

308 784 192 40 insurance,
514 784 26 34 it
552 784 27 34 is
592 790 35 28 to
639 785 43 34 be
694 785 165 42 expected
872 785 76 34 that
960 784 59 34 the
1030 785 113 43 policy
1154 785 68 34 will
1234 785 133 34 remain
1380 785 33 34 in
1426 785 95 35 force

308 834 222 43 indefinitely.
544 835 64 33 For
618 834 77 34 that
705 845 121 23 reason
837 834 26 34 it
874 834 27 34 is
912 845 20 24 a
942 834 124 34 settled
1077 835 152 43 practice
1238 834 54 34 for
1302 835 59 34 the
1371 840 104 37 agent
1485 839 35 29 to

308 884 131 34 receive
448 894 20 23 a
478 884 220 34 commission
708 889 60 28 not
776 884 81 43 only
865 894 44 24 on
919 884 59 34 the
986 884 146 42 original
1142 884 171 44 premium
1323 884 62 35 but
1394 885 72 34 also
1475 895 44 23 on

307 933 60 34 the
380 933 175 35 renewals.
570 932 140 41 Indeed,
724 934 148 34 renewal
886 933 238 35 commissions
1138 945 59 23 are
1210 944 37 24 so
1260 935 261 43 commonplace

308 994 37 23 as
373 988 35 29 to
435 983 43 33 be
504 983 176 35 discussed
709 988 35 29 at
772 983 117 43 length
917 984 34 34 in
979 984 157 34 treatises
1163 995 44 23 on
1234 983 183 35 insurance
1444 985 75 34 law.

307 1033 209 44 Appleman,
528 1033 186 35 Insurance
723 1033 82 34 Law
819 1034 33 33 &
863 1033 166 41 Practice,
1041 1034 142 34 Ch.313
1197 1033 323 44 (1981);Couchon

308 1083 197 40 Insurance,
527 1083 40 42 §§
589 1084 162 34 26A:232
769 1089 34 28 et
819 1094 72 33 seq.
913 1083 62 44 (2d
993 1083 65 41 ed.,
1081 1084 117 42 1984).
1218 1084 121 34 Hence
1357 1084 98 35 when
1474 1095 44 23 an

307 1132 182 35 insurance
508 1138 104 37 agent
630 1138 93 37 stays
742 1133 83 34 with
844 1134 59 33 the
921 1144 96 24 same
1035 1144 182 33 company,
1237 1144 37 23 as
1294 1134 144 43 Lawyer
1456 1134 63 34 has

306 1181 100 41 done,
425 1181 52 34 his
495 1183 148 33 renewal
660 1182 238 35 commissions
917 1183 154 34 increase
1089 1194 37 22 as
1145 1183 43 34 he
1205 1183 113 33 writes
1337 1194 96 23 more
1450 1183 69 34 and

307 1241 96 23 more
412 1231 150 43 policies;
573 1231 81 43 they
664 1232 142 33 become
815 1242 20 23 a
844 1232 153 42 growing
1007 1237 78 37 part
1094 1232 39 33 of
1139 1232 52 34 his
1201 1232 137 42 regular
1348 1232 170 43 earnings.

398 1311 171 43 Lawyer’s
583 1311 136 43 printed
733 1317 156 29 contract
902 1311 82 35 with
998 1311 100 35 State
1112 1313 103 33 Farm
1229 1312 83 34 fixes
1326 1312 110 34 initial
1450 1312 68 35 and

307 1360 146 35 renewal
464 1361 238 34 commissions
712 1361 142 43 varying
865 1361 82 35 with
958 1361 59 34 the
1027 1366 81 39 type
1117 1361 40 35 of
1164 1362 182 34 insurance
1356 1361 84 35 sold.
1454 1363 65 33 For

306 1410 212 34 automobile
534 1410 150 43 policies,
703 1409 53 35 for
772 1411 169 44 example,
959 1410 52 35 his
1028 1411 220 35 commission
1265 1411 28 34 is
1311 1411 79 35 55%
1407 1411 39 35 of
1460 1411 59 35 the

305 1460 75 33 first
401 1459 172 44 premium
594 1460 69 34 and
688 1459 77 35 10%
786 1460 39 34 of
844 1460 175 35 renewals.
1043 1462 57 32 He
1120 1461 28 34 is
1169 1460 160 44 required
1350 1466 36 29 to
1407 1461 112 35 solicit

306 1509 228 43 applications
548 1509 53 34 for
616 1510 192 40 insurance,
823 1510 122 34 collect
959 1510 111 34 initial
1084 1511 199 43 premiums,
1298 1511 220 42 countersign

306 1558 68 34 and
398 1558 128 35 deliver
550 1559 150 43 policies,
725 1559 101 34 assist
849 1559 262 44 policyholders,
1137 1560 68 34 and
1229 1565 183 39 cooperate
1435 1560 83 35 with

306 1608 172 43 adjustors
506 1608 34 34 in
568 1609 165 43 handling
761 1609 131 35 claims.
921 1609 74 35 The
1022 1615 157 29 contract
1206 1609 122 35 recites
1356 1610 76 35 that
1459 1610 59 35 the

306 1658 146 35 renewal
468 1659 237 35 commissions
720 1670 60 24 are
794 1659 260 45 compensation
1069 1659 54 35 for
1137 1660 59 35 the
1210 1660 132 43 agent’s
1357 1660 160 45 required

305 1709 168 43 servicing
493 1709 39 35 of
548 1710 59 34 the
627 1709 139 44 policies
786 1710 44 34 he
850 1710 62 35 has
932 1710 148 35 written.

395 1790 75 35 The
482 1796 155 30 contract
649 1802 81 32 may
742 1791 43 35 be
796 1792 209 35 terminated
1017 1792 45 44 by
1074 1793 109 34 either
1195 1797 99 40 party
1306 1798 36 29 at
1354 1804 67 33 any
1433 1793 85 35 time

305 1841 68 34 and
396 1840 67 35 will
486 1841 185 35 terminate
693 1841 29 34 if
742 1842 143 43 Lawyer
907 1842 84 34 dies.
1014 1842 74 34 The
1110 1842 162 44 five-year
1294 1843 222 34 termination

305 1890 155 40 benefits,
476 1890 178 35 described
670 1891 132 40 earlier,
818 1891 102 43 begin
936 1896 36 30 at
986 1892 222 34 termination
1222 1891 30 34 if
1263 1892 59 33 the
1336 1898 103 36 agent
1454 1893 62 33 has

305 1939 86 34 been
416 1939 181 43 employed
622 1940 53 34 for
700 1944 68 30 two
791 1951 99 32 years
915 1951 38 24 or
978 1951 105 23 more.
1109 1941 112 34 There
1245 1941 28 33 is
1298 1941 72 34 also
1394 1952 20 23 a
1439 1946 77 30 true

305 1989 200 34 retirement
516 1989 92 43 plan,
621 1989 144 35 entitled
776 1989 181 35 Extended
968 1990 237 35 Termination
1216 1990 196 43 Payments.
1424 1991 93 34 That

305 2039 80 43 plan
406 2038 97 35 takes
524 2039 103 34 effect
647 2039 30 34 if
694 2039 59 34 the
772 2044 157 30 contract
949 2039 28 35 is
997 2040 208 35 terminated
1225 2040 89 34 after
1334 2040 59 35 the
1413 2045 104 39 agent

305 2089 141 33 reaches
456 2099 65 32 age
530 2089 43 33 65
585 2089 68 34 and
662 2089 63 34 has
735 2094 37 29 at
780 2089 88 34 least
878 2090 44 34 20
932 2100 98 33 years
1040 2089 40 34 of
1086 2090 137 34 service.
1234 2090 74 34 The
1317 2090 200 35 retirement

305 2138 143 34 benefits
466 2137 102 43 begin
585 2149 37 23 as
639 2139 35 33 in
690 2138 60 34 the
766 2138 164 44 five-year
946 2139 81 44 plan
1044 2139 68 34 and
1129 2140 82 34 then
1227 2140 162 34 continue
1405 2145 36 29 at
1457 2140 60 34 the

304 2198 96 24 same
427 2188 156 43 monthly
610 2193 75 29 rate
711 2188 87 34 until
825 2188 60 35 the
911 2189 132 43 agent’s
1070 2189 116 34 death.
1214 2189 39 34 In
1281 2200 67 32 any
1374 2200 80 24 case
1480 2189 40 34 of

303 2237 223 34 termination
545 2238 59 33 the
623 2242 104 38 agent
746 2243 93 29 must
857 2243 118 29 return
995 2238 46 34 all
1060 2244 160 38 property
1239 2238 69 34 and
1326 2244 60 29 not
1404 2238 113 35 solicit

304 2286 100 35 State
423 2287 132 34 Farm’s
574 2287 250 44 policyholders
843 2288 256 44 competitively
1116 2288 54 34 for
1188 2299 20 23 a
1227 2299 92 32 year,
1338 2288 63 35 but
1418 2289 99 34 those

304 2336 211 35 restrictions
529 2347 59 24 are
602 2336 119 36 within
735 2337 60 34 the
809 2338 132 42 agent’s
955 2338 132 34 control
1101 2338 69 34 and
1184 2342 59 31 not
1257 2338 152 35 relevant
1423 2338 92 35 here.

488 2418 65 34 We
563 2429 59 23 are
631 2418 127 34 unable
767 2423 35 29 to
812 2429 103 32 agree
924 2418 82 35 with
1016 2418 59 34 the
1084 2418 224 35 chancellor’s
1318 2419 112 43 ruling
1440 2420 77 34 that
