1666 2691
312 250 68 33 612

401 1086 148 40 Howell,
563 1088 99 32 Price
676 1088 31 32 &
725 1088 106 37 Trice,
844 1087 95 39 P.A.,
952 1085 55 43 by:
1020 1087 92 32 Max
1123 1084 140 35 Howell
1274 1085 68 34 and
1356 1085 112 42 Carey
1479 1086 39 32 E.

310 1135 167 41 Basham,
498 1135 53 35 for
571 1135 186 44 appellant.

401 1215 66 33 Joe
486 1213 45 34 H.
553 1211 213 45 Hardegree,
788 1211 53 35 for
861 1211 164 44 appellee.

401 1291 155 33 Robert
569 1290 45 34 H.
629 1290 170 40 Dudley,
813 1289 141 35 Justice.

968 1288 200 45 Appellant,
1183 1288 256 43 Borg-Warner
1452 1289 67 33 Ac-

310 1344 166 39 ceptance
499 1339 239 44 Corporation,
762 1339 79 35 filed
863 1350 20 24 a
905 1339 189 44 complaint
1116 1338 136 44 against
1274 1338 59 35 the
1355 1338 164 44 appellee,

310 1389 169 35 Jefferson
514 1390 38 34 L.
588 1390 196 40 Kesterson,
820 1389 140 42 seeking
994 1400 20 23 a
1048 1388 189 43 deficiency
1266 1388 185 43 judgment
1485 1387 38 35 of

311 1440 220 39 $50,433.54,
551 1439 75 43 plus
646 1444 100 35 costs,
766 1438 152 41 interest,
938 1439 68 34 and
1026 1439 187 42 attorney’s
1232 1438 83 34 fees.
1335 1438 74 34 The
1427 1449 91 23 com-

311 1488 109 43 plaint
440 1499 70 23 was
531 1487 105 35 based
657 1499 92 32 upon
770 1499 20 23 a
812 1488 99 34 retail
932 1488 213 34 installment
1166 1488 88 33 sales
1275 1492 166 29 contract.
1464 1487 56 34 On

310 1538 138 41 August
473 1538 51 39 10,
551 1538 98 39 1983,
672 1537 90 34 after
783 1537 59 34 the
862 1536 156 44 appellee
1039 1536 68 34 had
1129 1536 81 35 filed
1232 1547 43 23 an
1297 1546 143 31 answer,
1463 1536 58 34 the

310 1587 176 43 appellant
499 1586 127 35 mailed
641 1591 153 39 requests
808 1585 54 35 for
876 1585 204 35 admissions
1094 1590 36 29 to
1143 1586 60 34 the
1216 1585 183 44 appellee’s
1413 1591 106 29 attor-

311 1647 74 32 ney.
399 1636 74 34 The
486 1640 153 40 requests
652 1635 160 35 included
825 1636 59 34 the
896 1635 185 43 following:
1096 1635 143 35 “Please
1251 1635 110 34 admit
1373 1635 77 34 that
1462 1635 59 34 the

310 1685 199 35 Defendant
530 1685 182 44 [appellee]
733 1686 28 34 is
777 1685 162 35 indebted
958 1690 35 30 to
1010 1686 59 34 the
1085 1685 158 35 Plaintiff
1260 1684 204 45 [appellant]
1485 1685 34 34 in

309 1735 59 34 the
380 1746 77 24 sum
469 1735 39 34 of
519 1736 219 40 $50,433.54,
752 1735 75 43 plus
841 1735 141 34 interest
994 1735 143 34 thereon
1150 1740 36 29 at
1199 1735 59 34 the
1270 1740 75 29 rate
1357 1734 162 44 provided

310 1785 44 42 by
368 1784 59 35 the
442 1785 168 34 Contract
623 1785 88 34 until
726 1784 80 44 paid
821 1784 34 34 in
870 1784 98 34 full.”
983 1785 75 33 The
1072 1784 155 44 appellee
1241 1783 59 35 did
1314 1788 60 29 not
1388 1794 131 24 answer

310 1834 57 34 the
389 1838 154 39 requests
566 1834 54 34 for
641 1833 205 35 admissions
868 1833 118 35 within
1011 1835 44 32 30
1077 1833 85 44 days
1184 1833 90 34 after
1296 1833 137 41 service,
1458 1833 61 34 but

309 1883 118 44 finally
449 1883 190 44 responded
662 1893 44 25 on
728 1883 153 35 October
905 1884 31 40 5,
964 1884 98 34 1983.
1086 1883 59 34 No
1168 1883 183 34 excusable
1373 1883 144 43 neglect,

309 1933 229 35 unavoidable
548 1933 167 44 casualty,
727 1944 38 24 or
775 1933 99 35 other
881 1933 73 43 just
965 1943 104 25 cause
1079 1943 70 25 was
1160 1932 146 45 pleaded
1317 1943 38 24 as
1366 1943 20 23 a
1398 1943 121 24 reason

309 1983 54 35 for
383 1984 58 34 the
462 1983 167 44 untimely
649 1994 170 34 response.
842 1983 73 34 The
936 1983 176 44 appellant
1132 1982 246 44 subsequently
1398 1982 79 35 filed
1498 1993 19 23 a

309 2033 130 35 motion
453 2033 196 44 requesting
663 2033 76 34 that
752 2033 59 34 the
824 2037 143 30 matters
981 2032 184 35 contained
1178 2033 35 33 in
1226 2032 59 35 the
1298 2037 154 39 requests
1466 2032 52 34 for

309 2082 204 36 admissions
527 2083 43 35 be
582 2083 145 35 deemed
740 2082 169 35 admitted
923 2083 69 34 and
1006 2082 144 45 praying
1163 2082 54 35 for
1230 2093 178 32 summary
1416 2082 101 44 judg-

309 2139 94 28 ment
420 2133 33 34 in
471 2133 58 34 the
544 2137 144 30 amount
703 2132 40 35 of
756 2133 220 40 $50,433.54,
994 2133 75 44 plus
1086 2132 141 35 interest
1243 2132 69 35 and
1328 2137 100 30 costs.
1446 2132 73 34 The

308 2182 79 34 trial
396 2182 108 43 judge
515 2182 138 35 refused
665 2187 35 30 to
712 2182 101 34 deem
825 2183 59 34 the
896 2187 154 38 requests
1062 2181 170 35 admitted
1244 2182 69 34 and
1325 2181 123 35 denied
1460 2182 59 34 the

309 2232 130 34 motion
457 2231 52 35 for
526 2242 177 33 summary
716 2231 194 44 judgment.
928 2232 33 33 A
974 2232 81 43 jury
1071 2231 79 35 trial
1166 2242 44 24 on
1227 2231 59 35 the
1302 2232 91 33 issue
1409 2231 39 35 of
1461 2231 59 34 the

308 2281 82 34 debt
403 2281 150 35 resulted
566 2282 34 34 in
613 2292 20 23 a
646 2281 130 35 verdict
789 2280 54 36 for
855 2281 59 35 the
926 2281 165 44 appellee.
1105 2281 189 44 Appellant
1306 2291 124 33 argues
1443 2281 76 34 that

308 2331 59 34 the
378 2331 78 35 trial
468 2337 98 29 court
577 2330 98 35 erred
687 2332 34 33 in
733 2331 153 43 refusing
897 2336 36 29 to
944 2330 100 35 deem
1055 2331 59 34 the
1125 2335 155 39 requests
1291 2330 181 41 admitted,
1484 2330 34 34 in

308 2381 149 43 denying
475 2381 59 34 the
552 2381 130 34 motion
701 2381 53 34 for
771 2391 178 33 summary
963 2380 195 44 judgment,
1177 2380 68 35 and
1264 2380 34 35 in
1316 2380 126 43 setting
1460 2380 59 34 the
