1642 2702
1288 274 63 34 149

232 413 219 35 Stevenson’s
471 414 187 43 testimony
677 425 70 23 was
768 419 59 30 not
847 414 160 35 rebutted
1028 414 45 44 by
1093 415 59 34 the
1171 414 183 45 appellee’s

141 463 170 43 principal
321 464 147 40 witness,
480 474 20 24 a
511 464 193 43 petroleum
714 464 177 43 geologist.
903 466 56 33 He
969 464 74 34 first
1053 464 75 35 said
1138 465 77 34 that
1225 464 29 35 if
1261 464 93 35 wells

141 524 90 23 were
245 512 122 35 drilled
382 513 33 35 in
430 513 59 34 the
502 518 83 30 west
600 519 78 38 part
692 513 39 34 of
741 513 60 35 the
814 514 101 34 south
929 514 130 41 fourth,
1074 514 39 34 “I
1128 519 137 39 suspect
1278 514 76 34 that

141 562 104 43 you’d
266 568 57 38 get
345 563 89 34 from
455 563 65 34 five
540 568 36 29 to
596 568 59 30 ten
676 563 130 34 barrels
828 574 20 24 a
868 563 103 44 day.”
994 564 56 34 He
1070 563 82 35 then
1173 563 180 42 admitted,

142 612 167 41 however,
333 613 76 34 that
430 612 44 35 he
495 612 59 35 did
577 618 60 30 not
659 614 100 34 know
781 613 75 35 how
879 613 104 35 much
1006 613 45 35 oil
1074 613 189 35 Stevenson
1285 624 70 24 was

142 662 192 44 producing
347 662 89 35 from
448 673 68 33 any
528 662 39 35 of
576 663 52 35 his
640 663 105 41 wells,
758 674 20 23 a
791 668 126 30 matter
929 662 39 36 of
977 663 141 35 obvious
1131 664 223 44 importance.

143 712 104 44 Upon
264 713 59 34 the
339 712 118 35 record
474 723 37 24 as
528 724 20 23 a
564 713 111 35 whole
690 724 51 23 we
757 713 99 35 think
870 714 59 34 the
944 712 153 36 decision
1113 719 35 29 to
1164 714 118 34 cancel
1298 713 59 35 the

143 762 93 34 lease
256 762 28 34 is
304 763 127 43 clearly
452 763 136 43 against
608 763 60 35 the
687 763 280 44 preponderance
986 763 40 35 of
1042 764 60 34 the
1121 764 171 35 evidence.

328 840 74 34 The
412 839 196 35 chancellor
617 850 71 25 was
699 840 204 44 apparently
912 840 35 35 in
958 850 96 25 some
1063 840 109 36 doubt
1182 841 106 35 about
1297 840 60 35 the

143 889 102 41 issue,
259 889 53 35 for
325 890 43 34 he
379 895 105 29 wrote
496 890 34 34 in
543 890 52 34 his
607 890 101 35 letter
720 890 138 44 opinion
870 891 77 35 that
958 890 44 35 he
1014 890 63 35 felt
1088 891 27 34 it
1126 902 70 24 was
1208 891 52 35 his
1271 891 86 44 duty

144 944 36 29 to
192 939 116 35 follow
320 940 59 34 the
390 940 64 35 law
467 951 37 23 as
517 940 114 35 stated
643 941 34 34 in
689 940 96 43 Byrd
794 952 30 23 v.
836 940 192 42 Bradham,
1042 942 68 33 280
1122 942 85 34 Ark.
1225 942 131 40 11, 655

144 989 145 35 S.W.2d
305 991 67 33 366
389 989 137 44 (1983),
542 990 133 44 though
689 990 44 34 he
747 990 180 44 disagreed
941 990 83 35 with
1039 991 77 35 that
1129 1002 89 24 case.
1235 991 65 35 We
1313 991 45 35 do

144 1044 60 29 not
219 1039 124 43 regard
357 1039 95 44 Byrd
465 1050 37 24 as
517 1041 216 42 controlling.
749 1040 112 35 There
874 1041 60 34 the
947 1041 108 34 lessee
1068 1041 40 34 of
1120 1042 44 34 80
1178 1052 96 24 acres
1288 1041 70 34 had

144 1088 90 35 done
245 1090 144 42 nothing
399 1090 34 34 in
446 1090 42 33 28
501 1101 100 32 years
612 1095 122 38 except
744 1095 36 29 to
791 1091 99 34 allow
902 1092 18 33 5
933 1101 97 24 acres
1041 1096 36 29 to
1087 1091 44 34 be
1140 1090 152 36 unitized
1303 1091 54 34 for

144 1149 20 23 a
176 1139 77 34 well
264 1149 45 24 on
321 1139 225 43 neighboring
557 1139 82 35 land
651 1139 69 35 and
732 1144 35 30 to
778 1140 118 44 testify
907 1141 77 34 that
995 1140 61 34 she
1066 1151 70 24 was
1148 1141 92 43 “just
1251 1140 106 35 about

144 1192 36 29 to
190 1188 80 34 drill
280 1199 21 23 a
310 1189 98 34 well”
419 1188 100 34 when
529 1189 69 34 suit
607 1200 71 24 was
688 1189 92 34 filed.
791 1191 105 39 Here,
906 1190 46 43 by
961 1194 166 37 contrast,
1137 1190 60 35 the
1205 1191 108 33 lessee
1321 1190 39 34 of

150 1238 65 33 120
229 1248 96 24 acres
339 1238 61 34 has
415 1237 121 35 drilled
550 1238 66 34 five
628 1238 94 35 wells
736 1238 34 34 in
783 1239 59 34 the
856 1244 90 29 most
959 1239 188 43 promising
1161 1245 77 38 part
1250 1239 40 34 of
1299 1239 59 34 the

145 1286 104 41 lease,
260 1287 82 34 with
352 1286 88 44 good
450 1287 205 44 production
665 1288 90 34 from
765 1293 67 29 two
841 1288 39 35 of
886 1289 108 40 them,
1004 1288 69 35 and
1083 1288 62 35 has
1155 1289 117 34 shown
1281 1289 77 43 why

145 1336 45 34 he
218 1337 114 34 would
361 1337 42 35 be
432 1336 131 45 unduly
592 1337 146 35 harmed
767 1337 45 45 by
840 1338 239 35 cancellation.
1111 1340 56 33 He
1195 1339 62 34 has
1286 1338 72 35 also

145 1386 188 44 developed
351 1387 59 35 the
427 1387 175 35 leasehold
621 1388 271 44 systematically
910 1388 68 35 and
997 1388 191 44 proceeded
1206 1389 35 34 in
1259 1399 100 33 every

145 1436 169 35 direction
326 1448 37 24 as
375 1437 54 35 far
441 1448 37 24 as
490 1437 28 35 is
530 1437 206 45 reasonably
747 1438 176 44 practical.
937 1438 66 35 We
1014 1449 59 24 are
1084 1438 187 36 convinced
1282 1438 77 36 that

145 1486 54 35 his
215 1487 133 35 actions
364 1488 86 34 have
465 1488 172 44 complied
653 1488 83 35 with
752 1488 59 35 the
826 1488 141 45 implied
983 1494 169 30 covenant
1167 1494 35 30 to
1218 1488 142 46 develop

146 1536 60 34 the
226 1537 174 34 leasehold
421 1542 35 29 at
476 1537 60 35 the
555 1538 186 34 Nacatoch
761 1538 95 34 level.

331 1613 73 34 The
414 1612 196 35 chancellor
620 1624 71 23 was
701 1613 92 42 right
803 1613 35 34 in
847 1613 180 43 canceling
1037 1614 60 34 the
1106 1614 92 34 lease
1207 1625 37 23 as
1254 1619 36 29 to
1300 1614 59 34 the

145 1661 127 43 deeper
282 1672 155 33 acreage.
448 1661 190 35 Stevenson
649 1663 62 34 has
721 1662 141 44 already
871 1662 154 35 released
1035 1673 38 24 or
1082 1662 159 44 assigned
1250 1663 46 34 all
1305 1663 53 34 his

145 1710 144 35 interest
297 1711 35 34 in
341 1711 76 35 that
425 1710 125 45 deeper
559 1722 147 33 acreage
715 1717 121 39 except
844 1712 54 35 for
906 1713 59 34 the
974 1713 45 34 20
1028 1723 96 24 acres
1133 1723 44 24 on
1185 1712 112 35 which
1305 1712 53 35 his

145 1761 71 34 No.
236 1762 14 34 1
271 1761 68 35 and
353 1762 69 35 No.
440 1762 18 34 3
476 1772 60 25 are
551 1761 201 45 producing.
769 1763 57 34 He
840 1762 149 36 testified
1004 1762 83 36 with
1103 1769 133 39 respect
1250 1768 36 30 to
1300 1763 59 35 the

146 1810 126 45 deeper
282 1812 119 43 rights:
413 1812 38 34 “I
461 1812 44 35 do
515 1818 60 29 not
585 1813 88 35 have
682 1812 170 36 sufficient
861 1823 147 33 acreage
1016 1818 36 30 to
1058 1813 124 45 justify
1192 1813 137 44 drilling
1339 1825 20 24 a

147 1862 196 40 7,500-foot
352 1866 76 31 test.
440 1862 35 34 If
482 1863 14 33 I
507 1862 69 35 had
586 1862 172 36 sufficient
767 1874 163 33 acreage.
958 1890 7 8 .
993 1891 6 6 .
1010 1863 98 35 there
1117 1864 28 34 is
1154 1875 44 23 no
1208 1864 107 34 doubt
1325 1864 34 34 in

146 1922 59 32 my
214 1912 96 33 mind
320 1912 30 34 if
356 1913 15 33 I
381 1912 62 35 felt
452 1912 26 34 it
486 1923 70 24 was
566 1913 108 41 there,
685 1912 51 34 I’d
745 1913 237 43 immediately
990 1913 79 34 drill
1078 1924 20 24 a
1107 1914 110 34 well.”
1228 1914 39 34 In
1275 1913 85 34 view

146 1960 40 35 of
197 1961 59 34 the
270 1961 134 35 lessee’s
419 1972 75 24 own
509 1962 217 41 admissions,
741 1962 59 35 the
813 1962 228 35 cancellation
1056 1963 39 34 of
1106 1963 52 34 his
1172 1963 92 35 lease
1277 1962 83 35 with

147 2011 125 43 regard
291 2016 36 30 to
347 2012 58 34 the
425 2011 87 44 deep
533 2011 205 36 formations
757 2023 71 24 was
847 2023 135 34 proper.

239 2088 173 35 Reversed
424 2099 37 24 as
472 2093 35 30 to
518 2088 60 35 the
588 2089 186 35 Nacatoch
785 2089 106 42 Sand,
903 2089 158 35 affirmed
1072 2100 38 24 as
1121 2095 36 30 to
1167 2090 59 35 the
1236 2089 125 45 deeper

147 2137 114 35 levels.

239 2214 159 41 Purtle,
419 2214 42 40 J.,
483 2219 60 29 not
562 2214 256 44 participating.

240 2290 120 40 Holt,
381 2290 87 40 C.J.,
489 2289 70 35 and
578 2291 210 40 Newbern,
809 2291 42 40 J.,
871 2290 141 35 dissent.

239 2365 100 34 Jack
354 2366 119 39 Holt,
487 2365 69 41 Jr.,
571 2366 108 34 Chief
689 2365 142 41 Justice,

844 2365 200 43 dissenting.
1060 2366 15 34 I
1089 2365 44 35 do
1146 2371 60 29 not
1218 2365 72 35 find
1303 2365 60 35 the

148 2414 225 34 chancellor’s
389 2414 151 34 decision
555 2420 36 29 to
606 2415 43 34 be
664 2414 128 44 clearly
807 2415 136 43 against
958 2415 60 34 the
1032 2415 280 44 preponderance
1326 2414 39 35 of
