1639 2700
112 404 68 44 day
191 415 38 23 or
241 410 67 29 two
320 404 89 35 after
419 404 61 34 she
491 404 219 35 interviewed
721 404 61 34 her
792 404 175 34 witnesses
978 414 45 23 on
1034 403 153 35 October
1200 404 54 39 31,
1265 402 61 35 she

113 455 117 34 talked
242 460 35 29 to
289 455 59 34 the
358 454 140 34 defense
509 453 69 35 and
589 454 141 35 learned
741 454 76 34 that
828 454 59 34 the
896 464 81 24 case
986 464 71 24 was
1068 458 60 30 not
1138 458 36 29 to
1185 453 43 34 be
1237 451 89 36 tried

113 515 44 24 on
174 505 200 34 November
391 505 31 40 8,
439 515 37 23 as
493 503 198 36 scheduled.
709 504 39 34 “I
764 503 193 35 remember
974 503 72 35 him
1063 503 120 44 saying
1199 507 36 30 at
1251 502 76 35 that

113 554 85 35 time
208 555 77 34 that
295 555 76 34 that
380 565 79 24 case
470 554 27 34 is
507 559 60 29 not
577 554 103 43 going
690 559 36 29 to
735 554 79 34 trial
824 564 44 24 on
878 553 77 35 that
964 552 92 42 date,
1068 552 69 36 and
1146 552 114 44 giving
1270 563 57 23 me

113 604 60 35 the
187 615 139 24 reasons
340 604 88 44 why,
442 604 112 34 which
570 604 14 34 I
598 603 45 36 do
657 609 60 29 not
730 603 227 35 remember.”
972 602 71 36 She
1056 608 91 29 went
1160 613 44 24 on
1217 607 36 30 to
1266 613 61 33 say

114 654 77 34 that
201 655 61 34 she
271 666 69 23 was
349 659 136 39 present
494 654 100 34 when
603 655 60 33 the
671 665 80 23 case
759 665 70 23 was
838 652 186 35 continued
1033 664 44 24 on
1086 652 199 35 November
1294 653 31 33 2:

115 704 105 34 “And
232 715 44 24 on
288 704 199 34 November
500 703 69 35 2nd
581 704 14 33 I
609 704 103 34 made
723 704 59 34 the
793 703 130 34 motion
935 702 77 35 that
1024 703 26 35 it
1061 714 70 23 was
1143 701 184 36 continued

116 759 36 29 at
165 754 77 34 that
256 754 95 44 point
364 765 43 23 on
421 754 59 34 the
492 753 142 35 defense
647 758 148 39 request.
823 780 6 8 .
857 780 7 7 .
892 780 6 7 .
913 753 15 34 I
942 752 44 35 do
999 758 60 29 not
1072 753 99 34 know
1184 752 77 43 why
1273 752 55 34 it’s

116 808 60 29 not
197 804 161 34 reflected
379 814 43 23 on
443 803 58 34 the
521 803 159 35 docket.”

1259 262 62 33 175

302 884 74 34 The
393 883 218 44 prosecution
629 883 107 34 failed
753 888 36 29 to
806 882 132 35 sustain
955 882 44 34 its
1016 882 134 35 burden
1167 882 39 34 of
1220 881 108 45 proof.

117 933 74 35 The
206 934 137 34 witness
357 933 101 35 could
473 938 59 29 not
547 933 196 35 remember
756 932 78 44 why
848 932 58 35 the
919 943 80 23 case
1014 932 69 35 had
1098 932 86 35 been
1199 932 130 34 contin­

117 983 79 41 ued,
223 984 134 42 leaving
382 983 59 35 the
467 983 191 44 possibility
683 983 77 34 that
785 983 59 34 the
869 982 101 44 delay
995 983 112 43 might
1132 982 87 35 have
1243 982 87 34 been

118 1033 205 35 excludable
334 1044 82 23 even
428 1033 132 43 though
572 1033 182 44 requested
766 1033 45 43 by
822 1032 141 35 defense
973 1033 150 34 counsel.
1137 1033 193 39 Moreover,

118 1083 60 34 the
189 1082 130 45 deputy
332 1088 198 39 prosecutor
542 1093 70 24 was
625 1088 138 39 present
775 1082 68 35 and
856 1082 103 34 made
970 1082 60 35 the
1042 1082 131 35 motion
1185 1082 76 34 that
1273 1082 59 34 the

118 1143 81 24 case
207 1133 44 35 be
259 1132 196 41 continued,
465 1133 62 34 but
537 1132 107 35 failed
652 1138 36 29 to
697 1133 103 34 make
808 1132 131 35 certain
948 1132 77 35 that
1034 1133 59 34 the
1101 1132 124 35 docket
1234 1137 98 38 entry

119 1183 163 35 reflected
295 1183 111 34 which
419 1183 73 34 side
503 1194 70 23 was
586 1183 212 44 responsible
809 1182 53 35 for
874 1182 60 35 the
945 1182 112 45 delay.
1070 1182 261 35 Understanda­

119 1233 69 43 bly,
202 1233 26 35 it
240 1233 102 35 could
355 1238 58 30 not
425 1233 82 34 then
520 1233 87 34 have
619 1234 87 34 been
719 1233 155 34 foreseen
886 1232 77 35 that
975 1232 59 35 the
1045 1233 163 34 omission
1220 1231 112 35 would

120 1283 196 44 eventually
325 1283 43 34 be
376 1283 158 40 decisive,
544 1283 62 34 but
615 1294 51 24 we
675 1288 93 29 must
777 1282 229 35 nevertheless
1015 1282 167 35 conclude
1190 1282 76 35 that
1275 1282 59 34 the

119 1333 129 34 State’s
266 1333 124 34 failure
407 1338 34 29 to
458 1333 103 34 make
576 1343 20 23 a
614 1333 171 43 complete
801 1332 119 34 record
937 1332 28 34 is
981 1331 88 36 fatal
1086 1338 35 29 to
1137 1332 43 34 its
1197 1337 136 38 present

120 1387 194 37 argument.

212 1462 91 35 Writ
323 1462 155 44 granted.

213 1544 159 40 Purtle,
393 1544 42 40 J.,
456 1548 60 29 not
536 1543 257 44 participating.

334 1827 161 35 Kenneth
516 1828 133 34 LANE
669 1838 28 23 v.
720 1826 152 35 STATE
891 1825 39 35 of
947 1826 179 35 Arkansas

123 1906 66 34 CR
211 1907 129 34 85-179

1016 1907 68 34 702
1105 1906 143 35 S.W.2d
1269 1907 66 33 806

452 1987 171 43 Supreme
644 1987 110 34 Court
774 1986 39 34 of
829 1986 179 34 Arkansas

366 2036 151 43 Opinion
537 2036 173 34 delivered
732 2036 174 43 February
931 2037 52 39 10,
1008 2037 88 34 1986
