1632 2696
119 395 162 44 explored
291 395 118 36 before
418 396 58 34 the
485 401 98 29 court
592 401 35 29 to
637 396 93 34 show
739 395 76 35 that
824 395 59 34 the
892 395 108 34 board
1010 395 208 44 improperly
1227 394 105 35 relied

119 456 44 23 on
184 446 59 34 the
263 445 214 34 conclusions
499 446 42 33 he
561 445 124 34 stated.

1288 254 40 33 91

304 523 74 34 The
388 523 175 43 appellant
573 523 62 33 has
646 522 130 43 argued
786 522 87 41 that,
884 533 37 23 as
932 533 20 23 a
962 522 140 43 general
1112 522 221 43 proposition,

119 573 60 34 the
193 573 151 42 changes
360 572 33 34 in
409 572 58 34 the
481 572 156 34 Teacher
654 572 78 34 Fair
748 572 181 34 Dismissal
944 573 70 33 Act
1028 571 113 34 which
1156 582 128 33 appear
1300 571 34 34 in

120 622 59 34 the
205 623 86 33 1983
315 622 132 34 version
469 633 90 23 were
580 621 178 35 favorable
780 627 35 29 to
836 622 59 34 the
916 621 157 35 teachers
1096 621 69 34 and
1186 621 76 34 that
1284 632 51 23 we

120 671 174 35 therefore
312 671 122 34 should
453 671 122 44 depart
595 671 90 34 from
704 682 62 23 our
785 672 155 43 previous
960 671 289 44 interpretations.
1270 671 65 33 We

121 721 87 34 have
220 727 69 34 not,
303 721 164 41 however,
481 721 86 34 been
579 721 91 34 cited
682 726 36 29 to
729 732 67 32 any
808 721 172 43 language
991 721 141 43 making
1144 732 20 23 a
1176 721 157 34 substan­

120 771 69 34 tive
210 771 134 43 change
365 771 110 34 which
497 771 114 34 would
633 771 87 34 alter
741 782 62 23 our
823 771 152 34 decision
997 771 34 34 in
1053 772 130 33 Lamar
1202 770 134 35 School

120 823 147 32 District
277 823 68 32 No.
359 821 45 34 39
413 832 30 23 v.
455 820 143 41 Kinder,
611 820 92 35 cited
714 821 34 34 in
760 821 59 34 the
829 821 78 34 trial
919 821 128 34 court’s
1058 820 100 35 order
1169 820 118 41 above,
1299 825 36 30 to

120 871 60 34 the
191 871 104 34 effect
305 871 76 34 that
393 870 29 34 if
429 871 98 34 there
537 871 28 34 is
577 882 67 32 any
656 871 147 34 rational
814 871 91 34 basis
917 871 60 34 the
987 876 99 29 court
1096 870 87 35 need
1195 876 58 29 not
1264 870 71 35 find

120 921 60 34 the
209 920 137 35 board’s
375 920 151 35 decision
556 926 36 29 to
621 921 87 34 have
737 921 86 34 been
852 921 183 43 arbitrary,
1065 921 202 44 capricious,
1298 932 37 23 or

120 970 289 44 discriminatory.
429 971 68 34 See
516 970 87 40 also,
625 972 68 33 Lee
710 982 30 22 v.
760 972 67 42 Big
842 970 82 35 Flat
943 970 124 35 Public
1084 970 162 41 Schools,
1267 972 68 33 280

121 1021 85 34 Ark.
230 1022 78 39 377,
330 1021 65 34 658
418 1020 143 35 S.W.2d
584 1021 66 34 389
674 1020 137 43 (1983).

212 1098 181 35 Affirmed.

213 1177 160 39 Purtle,
394 1177 42 39 J.,
457 1181 60 29 not
537 1176 256 44 participating.

167 1454 147 34 Earnest
335 1455 37 33 L.
395 1455 163 34 BAKER
578 1465 28 23 v.
629 1454 280 41 LOCKHART,
931 1455 170 40 Director,
1123 1454 114 35 Board
1257 1454 39 34 of

538 1504 153 34 Pardons
713 1504 68 34 and
801 1505 122 34 Parole

123 1582 130 33 85-293

1016 1583 68 33 702
1105 1582 142 35 S.W.2d
1268 1583 66 33 403

451 1659 171 44 Supreme
643 1659 111 34 Court
773 1659 39 34 of
829 1659 179 35 Arkansas

375 1709 152 43 Opinion
547 1709 173 34 delivered
741 1710 154 43 January
915 1711 56 39 21,
997 1710 87 34 1986
