1636 2695
315 272 64 34 174

405 538 154 35 William
576 540 43 32 R.
637 538 177 43 Simpson,
834 539 63 39 Jr.,
914 538 122 34 Public
1053 538 187 41 Defender,
1258 539 56 42 by:
1332 538 137 34 Arthur
1484 539 36 33 L.

309 587 115 41 Allen,
446 588 140 43 Deputy
605 587 121 34 Public
746 587 187 41 Defender,
954 587 53 35 for
1027 587 193 44 petitioner.

399 664 105 33 Steve
519 662 120 41 Clark,
654 664 99 43 Att’y
767 664 100 39 Gen.,
883 663 55 43 by:
955 662 148 36 Charles
1116 665 42 32 R.
1174 665 124 39 Lucas,
1314 664 93 34 Asst.
1422 664 100 42 Att’y

309 713 100 40 Gen.,
431 712 53 35 for
505 712 216 45 respondent.

400 789 161 35 George
579 790 100 34 Rose
696 789 131 41 Smith,
846 789 141 35 Justice.

1006 790 56 34 On
1080 790 194 35 December
1291 790 32 41 9,
1346 791 98 40 1983,
1463 791 59 34 the

309 839 183 44 petitioner
507 851 69 23 was
593 839 144 44 stopped
753 839 68 35 and
838 840 153 34 arrested
1007 840 54 34 for
1077 840 107 34 DWI.
1203 841 64 34 His
1283 840 187 35 resistance
1486 846 35 29 to

309 890 59 34 the
388 889 133 35 officers
542 889 150 35 resulted
714 889 34 34 in
770 901 44 23 an
836 889 190 35 additional
1048 889 127 44 charge
1196 890 39 34 of
1252 890 269 44 second-degree

309 939 146 43 battery.
468 939 74 34 The
553 939 97 35 DWI
661 939 138 44 charge,
812 950 20 24 a
844 939 264 41 misdemeanor,
1120 951 70 23 was
1202 940 173 44 promptly
1386 940 88 35 tried
1486 941 34 34 in

308 989 189 43 municipal
518 994 108 30 court.
648 989 216 35 Petitioner’s
886 990 123 43 appeal
1030 990 91 34 from
1141 990 76 34 that
1237 990 193 34 conviction
1450 1001 70 24 was

308 1038 235 35 consolidated
557 1039 34 34 in
605 1039 60 34 the
677 1039 139 35 Pulaski
831 1039 134 35 Circuit
979 1040 120 40 Court,
1115 1040 129 34 Fourth
1258 1039 166 42 Division,
1438 1040 82 35 with

308 1089 59 34 the
387 1088 149 43 pending
557 1088 116 44 felony
692 1089 138 43 charge.

398 1163 57 33 On
464 1163 205 43 September
678 1165 146 39 4,1985,
834 1163 91 34 after
933 1164 59 34 the
1001 1174 80 24 case
1089 1164 69 34 had
1168 1165 86 33 been
1263 1165 212 33 transferred
1484 1170 36 29 to

307 1212 60 33 the
376 1212 90 33 First
474 1212 166 40 Division,
650 1212 182 42 petitioner
840 1212 82 34 filed
931 1223 20 23 a
960 1213 132 33 motion
1100 1218 37 28 to
1145 1213 136 34 dismiss
1291 1212 53 34 for
1352 1219 94 28 want
1454 1213 39 34 of
1499 1224 21 23 a

308 1260 126 44 speedy
445 1261 90 34 trial.
549 1262 50 42 By
610 1261 82 33 then
703 1261 59 34 the
772 1262 96 43 lapse
878 1261 39 34 of
925 1261 84 34 time
1020 1262 94 34 since
1124 1262 59 34 the
1193 1266 110 30 arrest
1313 1273 70 23 was
1395 1263 125 33 almost

308 1311 40 33 21
367 1310 148 34 months.
530 1311 74 34 The
618 1310 89 35 First
720 1310 155 35 Division
885 1311 119 43 judge,
1018 1311 77 34 who
1108 1322 69 24 was
1192 1317 59 29 not
1265 1312 34 34 in
1313 1322 68 33 any
1394 1323 76 33 way
1483 1316 36 31 at

307 1360 100 41 fault,
425 1360 123 35 denied
566 1360 59 35 the
642 1361 131 34 motion
790 1366 36 29 to
843 1360 148 42 dismiss,
1010 1361 34 35 in
1062 1361 59 34 the
1138 1361 107 35 belief
1259 1361 77 35 that
1353 1361 59 35 the
1429 1362 90 35 issue

307 1409 122 36 should
450 1410 43 35 be
513 1410 111 35 tested
645 1410 45 44 by
711 1422 44 23 an
775 1411 211 44 application
1007 1417 36 29 to
1063 1411 68 35 this
1152 1417 98 30 court
1271 1411 54 36 for
1345 1423 20 23 a
1386 1412 76 35 writ
1482 1411 40 36 of

307 1460 219 45 prohibition.
544 1461 66 35 We
625 1460 114 36 issued
756 1473 19 23 a
792 1467 199 39 temporary
1006 1461 87 42 writ,
1110 1462 69 35 and
1195 1462 59 35 the
1270 1472 79 25 case
1365 1462 62 35 has
1444 1474 75 23 now

307 1511 86 35 been
408 1510 189 36 submitted
612 1522 43 23 on
671 1511 116 36 briefs.
805 1512 65 34 We
884 1512 71 34 find
971 1512 76 35 that
1062 1512 58 35 the
1135 1512 144 44 charges
1294 1512 123 35 should
1432 1513 88 35 have

307 1561 86 34 been
413 1560 191 36 dismissed.

489 1637 74 35 The
574 1637 192 35 maximum
777 1637 215 44 permissible
1002 1637 111 44 delay,
1126 1637 90 35 after
1227 1638 59 35 the
1297 1638 174 35 exclusion
1482 1638 40 35 of

306 1686 118 43 delays
439 1687 207 43 chargeable
661 1692 35 29 to
711 1687 59 35 the
784 1687 151 41 defense,
952 1688 27 34 is
998 1689 39 33 18
1054 1688 150 41 months,
1219 1688 192 35 A.R.Cr.P.
1429 1689 90 34 Rule

307 1735 134 43 28.1(c)
467 1736 123 45 (Supp.
618 1737 116 43 1985).
757 1739 33 33 A
812 1738 205 34 two-month
1039 1737 102 44 delay
1162 1749 69 24 was
1253 1737 207 45 admittedly
1481 1749 37 24 so

306 1786 218 43 chargeable;
537 1787 59 34 the
607 1787 127 34 court’s
746 1787 124 35 docket
883 1792 99 39 entry
994 1787 122 35 recites
1129 1788 76 34 that
1218 1788 58 35 the
1288 1788 230 35 continuance

305 1846 70 24 was
389 1846 44 23 on
448 1836 130 34 motion
592 1836 40 34 of
642 1836 59 34 the
715 1836 151 35 defense.
882 1837 89 40 Still,
987 1837 59 34 the
1059 1837 81 43 only
1153 1848 76 33 way
1243 1838 59 34 the
1315 1838 86 34 total
1415 1838 103 44 delay

305 1895 65 24 can
388 1885 43 33 be
447 1885 149 35 reduced
614 1890 35 29 to
667 1886 65 34 less
750 1886 84 34 than
856 1887 39 33 18
915 1887 138 34 months
1070 1886 28 34 is
1116 1886 54 34 for
1188 1887 59 34 the
1263 1886 141 35 defense
1421 1893 35 28 to
1474 1888 43 34 be

305 1934 151 42 charged
474 1935 82 33 with
574 1935 144 34 another
736 1935 230 34 continuance
983 1935 91 35 from
1091 1936 200 34 November
1308 1937 32 39 2,
1363 1937 99 40 1984,
1481 1942 36 29 to

304 1984 155 43 January
471 1984 171 41 22,1985.
655 1984 74 35 The
741 1985 127 34 court’s
880 1984 124 35 docket
1016 1985 135 35 reflects
1163 1985 59 35 the
1233 1986 164 43 resetting
1409 1986 40 34 of
1457 1987 60 33 the

304 2043 79 25 case
397 2033 53 34 for
465 2034 78 34 trial
558 2044 44 24 on
617 2034 154 44 January
785 2036 56 39 22,
856 2034 63 35 but
933 2035 59 34 the
1006 2035 125 35 docket
1145 2040 98 39 entry
1257 2036 80 34 does
1352 2041 59 29 not
1425 2041 91 30 state

303 2083 78 44 why
401 2093 37 24 or
459 2088 35 30 at
515 2084 114 34 whose
648 2090 138 38 request
806 2084 59 35 the
885 2095 80 24 case
984 2096 69 23 was
1074 2090 99 29 reset.

488 2160 113 34 When
611 2159 59 35 the
679 2160 85 34 time
772 2160 144 35 allowed
927 2160 45 44 by
981 2161 59 34 the
1049 2160 127 44 speedy
1185 2161 78 35 trial
1273 2161 74 35 rule
1356 2161 62 34 has
1428 2161 87 35 been

304 2208 181 42 exceeded,
507 2210 59 34 the
586 2210 217 44 prosecution
825 2210 62 34 has
908 2210 59 35 the
988 2210 132 35 burden
1141 2211 39 34 of
1197 2211 141 44 proving
1359 2211 76 35 that
1456 2212 60 34 the

303 2258 101 44 delay
423 2270 70 23 was
513 2259 125 43 legally
654 2259 165 43 justified.
838 2260 104 34 State
960 2272 30 23 v.
1010 2262 120 39 Lewis,
1152 2262 66 33 268
1239 2261 85 35 Ark.
1347 2262 78 40 359,
1447 2262 67 34 596

303 2308 142 35 S.W.2d
458 2309 66 34 697
538 2308 137 44 (1980).
689 2310 94 34 Here
793 2310 59 34 the
863 2310 172 43 pertinent
1046 2310 185 44 testimony
1242 2321 69 24 was
1322 2311 76 34 that
1409 2311 39 34 of
1456 2312 59 34 the

302 2358 129 44 deputy
442 2363 198 39 prosecutor
650 2359 78 34 who
737 2371 70 23 was
818 2359 166 44 handling
994 2360 60 34 the
1063 2370 89 24 case.
1163 2360 75 35 The
1248 2360 132 35 critical
1391 2360 124 35 docket

303 2413 98 38 entry
417 2419 69 23 was
502 2408 104 35 dated
622 2409 199 35 November
837 2410 32 40 2,
890 2410 98 34 1984.
1005 2410 74 34 The
1094 2409 129 44 deputy
1238 2410 149 35 testified
1402 2411 77 34 that
1494 2422 21 23 a
