1668 2692
306 254 67 34 524

395 396 113 34 There
519 407 69 23 was
601 395 162 35 evidence
774 395 77 35 that
863 394 26 35 it
901 406 69 23 was
983 405 20 23 a
1015 394 166 35 standard
1194 394 189 44 procedure
1395 392 52 36 for
1460 393 58 35 the

306 446 154 43 appellee
485 451 35 29 to
546 446 87 34 have
658 457 20 23 a
704 446 64 33 bus
793 445 111 34 driver
930 444 156 35 involved
1112 444 34 34 in
1172 455 44 23 an
1242 444 158 34 accident
1425 443 93 35 hand

305 496 182 41 “courtesy
497 495 122 34 cards”
632 500 35 29 to
677 495 59 34 the
746 504 201 33 passengers
959 505 43 23 on
1012 494 113 34 which
1135 493 59 35 the
1204 504 202 33 passengers
1416 492 101 35 could

306 544 150 34 indicate
465 544 77 34 who
552 554 69 23 was
632 549 36 29 at
678 544 89 33 fault
777 544 34 33 in
822 543 59 34 the
890 543 169 34 accident.
1071 542 159 35 Without
1239 542 183 42 objection,
1434 542 83 34 such

305 594 111 39 cards,
430 593 169 42 allegedly
611 593 165 33 executed
788 593 45 42 by
844 597 68 29 two
923 591 39 35 of
970 592 59 33 the
1040 592 97 33 three
1147 601 186 33 passenger
1344 591 174 34 witnesses

305 642 76 33 who
391 642 148 34 testified
550 641 53 35 for
613 641 59 35 the
682 642 186 43 appellant,
879 652 89 23 were
978 640 169 35 admitted
1158 640 71 34 into
1240 640 171 34 evidence.
1422 640 96 43 They

305 691 138 35 showed
460 691 60 35 the
537 691 89 34 fault
642 690 143 44 causing
803 690 59 35 the
879 689 158 36 accident
1054 695 36 29 to
1107 690 87 34 have
1210 690 87 34 been
1314 690 77 34 that
1408 689 38 35 of
1460 689 59 35 the

306 741 121 35 “other
447 741 146 35 driver.”

489 844 75 34 The
582 843 176 44 appellant
776 843 197 42 recognizes
992 853 50 24 we
1060 842 68 34 will
1147 847 60 30 not
1224 847 161 29 overturn
1404 852 20 23 a
1439 841 80 44 jury

304 894 131 34 verdict
447 893 114 35 unless
573 893 26 34 it
611 893 27 34 is
649 893 128 43 clearly
789 893 58 34 the
859 893 106 34 result
976 892 39 34 of
1024 892 137 44 passion
1173 903 38 24 or
1222 891 186 44 prejudice.
1420 893 97 33 AAA

310 945 34 33 T.­
353 945 34 33 V.
403 945 30 33 &
445 944 125 33 Stereo
580 943 157 39 Rentals,
749 944 69 33 Inc.
829 954 31 22 v.
874 942 167 42 Crawley,
1053 943 69 33 284
1132 942 85 34 Ark.
1230 942 134 40 83, 679
1376 941 142 35 S.W.2d

311 994 63 33 190
387 992 137 43 (1984).
537 994 49 33 As
599 992 98 35 bases
708 992 40 34 of
755 991 186 44 prejudice,
954 992 59 34 the
1022 991 177 44 appellant
1210 992 171 34 mentions
1394 991 54 43 (1)
1461 991 59 35 the

305 1043 185 43 sympathy
499 1042 39 35 of
544 1042 59 34 the
608 1042 80 43 jury
698 1042 52 34 for
759 1042 60 34 the
827 1042 196 42 reputation
1033 1041 39 35 of
1077 1041 60 34 the
1145 1041 169 34 deceased
1322 1042 64 33 bus
1395 1040 123 41 driver,

308 1091 53 43 (2)
376 1092 59 34 the
447 1091 72 35 fact
531 1092 76 33 that
619 1092 59 34 the
686 1091 80 43 jury
778 1092 98 33 knew
887 1091 59 34 the
958 1091 98 34 other
1068 1101 202 33 passengers
1282 1090 77 34 who
1370 1090 148 35 testified

306 1141 72 34 also
396 1141 69 34 had
483 1141 121 34 claims
622 1141 136 42 against
776 1141 59 34 the
852 1140 166 44 appellee,
1037 1140 69 34 and
1125 1139 54 43 (3)
1199 1140 59 34 the
1276 1139 73 35 fact
1366 1139 77 35 that
1460 1140 59 34 the

306 1190 205 43 appellant’s
527 1190 149 34 doctor’s
693 1189 185 43 testimony
895 1200 69 24 was
982 1188 181 44 presented
1180 1189 45 43 by
1241 1189 192 44 deposition
1450 1188 68 35 and

306 1239 148 44 perhaps
474 1250 70 24 was
564 1244 60 29 not
644 1238 209 35 understood
874 1238 45 44 by
938 1239 59 34 the
1013 1238 91 44 jury.

537 1340 31 34 It
585 1339 28 35 is
630 1339 137 43 enough
784 1344 36 30 to
837 1350 61 32 say
914 1339 77 35 that
1007 1338 60 35 the
1083 1339 177 43 appellant
1277 1338 182 44 presented
1476 1348 44 24 no

305 1389 162 35 evidence
483 1399 39 25 or
538 1388 152 36 credible
707 1393 183 39 argument
908 1389 76 35 that
1001 1399 68 33 any
1086 1388 40 35 of
1140 1388 96 35 these
1253 1388 129 35 factors
1399 1388 35 34 in
1451 1399 69 32 any

305 1450 76 32 way
394 1439 193 35 influenced
599 1438 60 36 the
667 1439 80 44 jury
759 1438 161 44 unfairly.
934 1439 59 34 No
1005 1438 92 35 issue
1108 1449 70 24 was
1191 1438 113 35 raised
1317 1438 35 34 in
1364 1449 68 32 any
1443 1449 76 32 way

306 1489 34 34 in
368 1489 59 35 the
453 1489 79 35 trial
560 1494 98 30 court
685 1489 107 34 about
819 1500 68 32 any
913 1488 40 35 of
976 1488 59 34 the
1063 1489 100 34 items
1191 1487 198 36 mentioned
1417 1487 102 44 being

305 1538 214 44 prejudicial,
530 1538 68 35 and
607 1550 51 23 we
666 1539 44 34 do
719 1544 59 29 not
787 1549 57 24 see
852 1538 76 34 how
937 1549 68 32 any
1014 1538 192 43 legitimate
1214 1538 189 44 complaint
1412 1538 107 34 about

306 1589 95 34 them
411 1588 102 35 could
524 1589 87 34 have
620 1588 87 34 been
718 1588 113 40 made,
843 1598 37 24 as
891 1588 81 43 they
983 1587 46 35 all
1039 1599 44 31 go
1093 1588 129 43 merely
1233 1592 35 29 to
1278 1588 60 34 the
1346 1587 127 43 weight
1483 1593 36 28 to

306 1638 43 34 be
362 1639 100 42 given
477 1638 59 35 the
549 1638 186 34 witnesses’
751 1638 186 43 testimony
951 1648 37 23 or
1003 1637 59 35 the
1077 1647 144 24 manner
1235 1636 39 35 of
1286 1637 43 35 its
1343 1642 175 38 presenta­

305 1688 72 34 tion
391 1688 68 35 and
473 1687 87 35 have
573 1688 143 42 nothing
730 1692 36 29 to
779 1687 44 35 do
836 1687 83 35 with
933 1687 59 34 the
1004 1687 83 34 kind
1100 1686 40 35 of
1150 1686 116 35 unfair
1279 1686 176 44 prejudice
1467 1697 51 24 we

306 1737 111 43 might
434 1737 71 35 find
524 1737 170 35 sufficient
712 1742 35 29 to
765 1742 161 30 overturn
944 1748 20 23 a
979 1737 81 43 jury
1076 1736 142 35 verdict.
1238 1737 65 34 We
1320 1736 122 35 review
1460 1736 59 35 the

305 1787 162 34 evidence
486 1787 34 35 in
540 1787 58 34 the
616 1786 86 44 light
722 1792 89 29 most
830 1786 178 35 favorable
1027 1792 35 29 to
1081 1786 58 35 the
1157 1786 141 42 verdict,
1319 1786 68 35 and
1406 1786 112 35 where

305 1837 98 34 there
419 1837 28 34 is
464 1836 207 36 substantial
688 1836 163 35 evidence
867 1841 35 30 to
919 1842 143 38 support
1079 1847 20 24 a
1115 1836 132 35 verdict
1263 1836 110 35 either
1389 1835 54 36 for
1460 1836 59 34 the

306 1887 176 43 appellant
504 1898 37 23 or
563 1886 53 35 for
638 1887 60 34 the
720 1886 156 45 appellee
897 1897 51 24 we
969 1886 68 35 will
1059 1891 60 29 not
1141 1885 134 36 disturb
1297 1886 59 35 the
1376 1886 141 34 verdict.

305 1938 125 33 Petrus
446 1936 372 44 Chrysler-Plymouth
832 1947 30 23 v.
877 1937 120 39 Davis,
1013 1937 66 33 283
1095 1936 85 34 Ark.
1201 1937 75 39 172,
1293 1937 63 33 671
1375 1935 143 35 S.W.2d

306 1987 67 33 749
387 1985 137 44 (1984);
536 1988 102 32 MFA
650 1986 148 34 Mutual
807 1988 189 32 Insurance
1008 1986 60 34 Co.
1080 1997 30 22 v.
1121 1985 130 41 Keller,
1263 1986 68 33 274
1341 1985 85 34 Ark.
1439 1986 78 40 281,

307 2036 65 33 623
394 2035 143 35 S.W.2d
560 2036 61 33 841
649 2034 138 44 (1981).

396 2136 180 35 Affirmed.

396 2239 159 40 Purtle,
577 2238 42 41 J.,
641 2243 59 29 not
720 2238 256 43 participating.
