1624 2688
312 258 43 34 82

400 1380 162 43 Timothy
576 1382 32 33 J.
626 1380 176 40 Leathers,
824 1382 126 42 Wayne
965 1381 237 40 Zakrzewski,
1219 1381 103 44 Kelly
1337 1383 175 43 Jennings,

304 1429 94 35 John
412 1429 111 40 Theis,
535 1432 78 33 Ann
623 1430 89 40 Kell,
724 1432 65 33 Joe
799 1431 193 44 Morphew,
1004 1431 68 35 and
1082 1431 160 36 Michael
1250 1433 41 33 D.
1304 1433 143 40 Munns,
1458 1432 55 44 by:

304 1479 132 43 Joseph
462 1481 33 32 V.
516 1479 177 41 Svoboda,
714 1480 53 34 for
787 1480 186 44 appellant.

395 1556 177 43 Appellee,
589 1567 68 33 pro
675 1567 48 24 se.

394 1632 139 35 Steele
547 1634 114 40 Hays,
675 1633 140 35 Justice.

829 1634 74 35 The
915 1634 158 44 question
1086 1634 112 35 raised
1211 1634 45 44 by
1269 1635 67 34 this
1349 1635 123 44 appeal
1486 1635 27 35 is

304 1682 152 35 whether
474 1683 59 34 the
551 1683 269 35 Commissioner
838 1683 40 35 of
893 1684 180 35 Revenues
1092 1684 27 35 is
1138 1685 158 44 required
1315 1690 35 29 to
1368 1685 145 35 disclose

304 1731 222 36 information
535 1733 206 43 concerning
750 1738 111 30 motor
871 1733 71 35 fuel
951 1739 96 29 taxes
1057 1739 167 39 pursuant
1233 1740 35 29 to
1277 1735 58 34 the
1345 1735 167 35 Freedom

303 1781 39 34 of
357 1782 227 35 Information
601 1784 69 33 Act
689 1783 85 42 (Act
792 1784 42 34 93
853 1783 40 35 of
912 1783 103 43 1967)
1036 1784 68 34 and
1122 1784 59 35 the
1197 1785 178 34 Arkansas
1393 1786 119 33 Motor

304 1832 81 33 Fuel
403 1833 73 33 Tax
493 1833 69 33 Act
581 1832 85 43 (Act
683 1834 65 33 383
767 1833 40 34 of
825 1833 117 43 1941),
960 1833 34 35 in
1012 1834 87 43 light
1115 1834 40 34 of
1168 1834 58 34 the
1242 1835 177 34 Arkansas
1437 1836 74 33 Tax

302 1881 193 34 Procedure
515 1883 69 33 Act
607 1882 85 42 (Act
714 1884 63 33 401
804 1882 39 35 of
866 1883 133 42 1979).1
1022 1883 75 35 Our
1114 1883 218 43 jurisdiction
1354 1884 156 35 attaches

301 1930 109 34 under
431 1931 89 34 Rule
540 1931 171 43 29(l)(c).

391 2007 198 44 Appellant,
615 2019 37 23 as
678 2008 271 35 Commissioner
973 2009 40 34 of
1034 2010 190 41 Revenues,
1249 2010 28 34 is
1301 2010 59 34 the
1384 2011 125 34 official

300 2056 180 35 custodian
504 2057 39 34 of
563 2058 45 34 all
632 2058 137 34 records
792 2058 80 35 filed
896 2058 109 35 under
1028 2059 177 35 Arkansas
1229 2065 58 29 tax
1311 2060 92 34 laws.
1428 2061 81 33 Earl

301 2106 174 43 Yeargan,
498 2107 164 43 appellee,
687 2107 27 34 is
737 2118 44 24 an
804 2107 189 36 individual
1016 2108 149 44 residing
1188 2109 34 34 in
1244 2110 92 43 Pope
1359 2110 149 43 County,

299 2156 189 34 Arkansas.
505 2156 56 34 On
578 2157 89 34 June
686 2158 52 40 12,
759 2158 86 34 1985
864 2158 163 43 Yeargan
1043 2158 105 35 asked
1165 2158 58 35 the
1238 2159 271 35 Commissioner

300 2204 53 35 for
372 2206 59 34 the
450 2217 118 23 names
588 2206 39 35 of
644 2217 150 33 persons,
815 2207 209 44 companies,
1044 2219 38 23 or
1101 2209 233 43 corporations
1354 2209 76 34 that
1450 2220 59 23 are

366 2359 8 13 1
409 2360 81 25 These
500 2363 53 22 acts
563 2368 44 17 are
616 2360 115 30 codified,
742 2360 169 32 respectively,
922 2369 27 17 as
959 2361 62 25 Ark.
1032 2361 65 25 Stat.
1108 2362 66 25 Ann.
1186 2362 13 31 ยง
1222 2363 105 24 12-2801
1341 2366 25 21 et
1376 2370 59 24 seq.,
1446 2363 62 24 Ark.

299 2400 64 25 Stat.
379 2401 66 24 Ann.
463 2401 12 31 ยง
495 2402 108 24 75-1101
622 2405 25 21 et
661 2409 51 25 seq.
727 2401 50 26 and
792 2402 61 26 Ark.
869 2402 65 26 Stat.
950 2403 66 24 Ann.
1033 2403 13 31 ยง
1067 2403 107 25 84-4701
1193 2407 24 21 et
1231 2411 51 24 seq.
