1648 2680
305 258 66 33 418

392 922 202 44 Appellant,
615 933 62 33 pro
697 933 45 24 se.

391 1004 105 34 Steve
518 1003 120 41 Clark,
660 1004 100 44 Att’y
780 1004 101 41 Gen.,
903 1004 55 44 by:
980 1006 108 41 Mary
1108 1004 88 35 Beth
1216 1004 180 42 Sudduth,
1418 1006 93 34 Asst.

301 1053 99 43 Att’y
420 1053 101 41 Gen.,
542 1053 63 35 for:
626 1053 93 35 Jack
739 1053 149 42 Gillean,
909 1055 94 33 Asst.
1024 1055 100 43 Att’y
1144 1054 99 41 Gen.,
1265 1054 53 35 for
1339 1055 165 43 appellee.

392 1136 74 34 Per
478 1135 163 35 Curiam.

653 1136 199 44 Appellant,
864 1147 44 24 an
919 1136 132 35 inmate
1060 1136 40 35 of
1107 1137 59 34 the
1175 1137 178 35 Arkansas
1364 1138 147 43 Depart-

301 1191 96 29 ment
407 1185 40 35 of
455 1185 213 42 Correction,
680 1186 81 35 filed
772 1197 20 24 a
803 1187 145 43 petition
959 1186 54 35 for
1024 1187 76 34 writ
1110 1187 40 34 of
1157 1187 207 35 mandamus
1377 1188 136 43 against

301 1236 59 34 the
379 1236 158 34 Director
556 1235 39 36 of
611 1236 59 35 the
689 1237 230 43 Department
937 1237 120 43 taking
1076 1237 90 35 issue
1185 1237 82 35 with
1286 1238 59 34 the
1364 1238 147 44 Depart-

301 1286 124 34 ment’s
446 1286 238 44 computation
706 1286 40 35 of
765 1287 52 34 his
839 1287 118 44 parole
978 1287 180 44 eligibility
1180 1287 91 35 date.
1294 1288 74 34 The
1390 1288 122 35 circuit

300 1341 98 28 court
412 1335 124 35 denied
550 1336 109 40 relief,
675 1336 68 34 and
757 1337 176 43 appellant
947 1337 168 43 appealed
1130 1342 35 29 to
1179 1338 68 33 this
1262 1338 120 34 Court.
1399 1338 113 34 When

300 1384 44 34 he
355 1385 125 42 sought
491 1390 36 29 to
538 1385 57 34 file
607 1396 20 23 a
640 1385 231 35 handwritten
884 1386 99 40 brief,
996 1386 26 34 it
1033 1397 70 23 was
1115 1386 163 34 returned
1290 1392 35 29 to
1337 1387 73 34 him
1421 1392 36 29 to
1469 1387 43 34 be

300 1433 104 43 typed
414 1433 93 34 since
515 1444 51 23 we
575 1433 44 34 do
628 1439 60 29 not
697 1440 122 37 accept
827 1434 231 35 handwritten
1068 1435 105 34 briefs
1183 1436 35 33 in
1228 1446 20 23 a
1257 1435 110 34 direct
1376 1436 133 43 appeal.

299 1483 69 33 See
392 1483 111 33 Green
524 1493 30 23 v.
577 1483 113 40 State,
716 1484 66 33 277
806 1484 85 33 Ark.
921 1485 75 39 129,
1021 1484 66 33 639
1112 1484 143 34 S.W.2d
1280 1486 67 32 512
1373 1484 137 43 (1982).

300 1531 188 44 Appellant
501 1542 75 24 now
590 1532 97 34 seeks
701 1543 20 23 a
735 1533 76 34 writ
824 1532 39 35 of
874 1532 207 35 mandamus
1094 1538 36 29 to
1143 1534 134 43 compel
1291 1534 59 34 the
1363 1534 147 43 Depart-

300 1586 95 29 ment
410 1581 40 34 of
462 1581 203 35 Correction
681 1587 36 29 to
732 1582 140 44 provide
888 1582 73 34 him
976 1583 82 34 with
1074 1594 21 23 a
1111 1583 196 44 typewriter
1323 1594 37 23 so
1376 1583 76 35 that
1468 1584 44 34 he

299 1641 81 33 may
400 1635 81 39 type
500 1631 59 34 the
579 1631 92 35 brief
688 1631 69 35 and
777 1632 167 34 resubmit
964 1632 26 34 it
1010 1632 54 35 for
1084 1633 106 43 filing.

530 1714 39 33 In
590 1713 158 35 criminal
768 1724 96 24 cases
885 1714 114 34 where
1019 1715 192 43 appellants
1232 1725 60 24 are
1312 1715 143 34 entitled
1475 1721 36 29 to

299 1762 239 44 appointment
550 1763 39 34 of
597 1763 150 41 counsel,
760 1774 51 24 we
822 1764 68 34 will
902 1764 142 44 appoint
1056 1775 45 23 an
1113 1769 159 39 attorney
1283 1775 93 34 upon
1388 1776 122 33 proper

299 1812 131 35 motion
450 1812 53 35 for
523 1813 147 34 inmates
690 1813 76 35 who
786 1824 60 24 are
864 1814 128 34 unable
1011 1819 36 30 to
1066 1814 137 44 comply
1223 1815 83 34 with
1325 1825 63 24 our
1408 1815 100 35 rules.

300 1863 111 34 Green
435 1874 29 23 v.
490 1863 112 34 State.
629 1864 39 33 In
694 1863 77 35 civil
797 1868 155 37 matters,
978 1864 176 43 including
1180 1865 85 34 suits
1290 1865 136 43 against
1451 1865 59 35 the

298 1912 229 44 Department
537 1912 39 35 of
582 1913 203 35 Correction
795 1914 219 43 challenging
1024 1914 117 44 parole
1150 1915 181 43 eligibility
1340 1915 108 41 dates,
1459 1926 51 24 we

297 1962 68 34 will
381 1962 142 44 appoint
538 1963 139 34 counsel
693 1963 79 44 only
787 1963 115 35 where
917 1964 59 34 the
991 1964 176 44 appellant
1183 1965 27 34 is
1227 1964 78 35 able
1320 1970 35 29 to
1371 1965 102 35 make
1488 1976 20 24 a

297 2012 207 34 substantial
514 2012 153 44 showing
677 2013 77 34 that
764 2013 43 34 he
817 2013 28 35 is
856 2013 143 35 entitled
1010 2019 35 29 to
1055 2014 102 34 relief
1164 2014 68 35 and
1243 2014 76 35 that
1329 2015 43 34 he
1382 2020 126 29 cannot

297 2061 146 44 proceed
460 2062 144 34 without
620 2063 149 34 counsel.
792 2064 117 42 Virgin
924 2074 31 23 v.
972 2063 188 41 Lockhart,
1179 2065 66 33 288
1263 2065 85 33 Ark.
1366 2065 55 40 92,
1440 2066 67 32 702

297 2110 143 35 S.W.2d
461 2112 20 33 9
504 2111 137 43 (1986).

479 2193 75 34 The
568 2204 96 24 same
678 2194 140 42 general
832 2194 139 35 criteria
986 2195 104 43 apply
1104 2200 35 29 to
1154 2195 78 34 civil
1247 2195 84 34 suits
1346 2195 35 34 in
1395 2196 112 34 which

296 2242 59 34 the
367 2243 176 43 appellant
555 2243 165 34 contends
733 2244 76 34 that
821 2244 44 34 he
876 2249 127 29 cannot
1016 2244 129 34 submit
1157 2256 20 23 a
1190 2245 216 43 conforming
1418 2245 92 34 brief

296 2291 145 35 without
451 2303 116 23 access
579 2297 35 30 to
625 2303 20 24 a
657 2293 206 43 typewriter.
875 2294 92 33 That
978 2294 39 40 is,
1029 2294 35 34 in
1075 2294 98 34 those
1183 2305 96 23 cases
1291 2295 113 34 where
1414 2306 21 23 a
1446 2305 61 33 pro

296 2352 36 23 se
342 2341 176 43 appellant
528 2341 146 35 submits
684 2353 20 24 a
716 2343 130 34 motion
857 2342 54 35 for
921 2343 202 43 permission
1134 2349 35 29 to
1179 2344 57 34 file
1246 2355 20 23 a
1277 2344 230 34 handwritten

296 2390 92 34 brief
400 2391 34 34 in
451 2391 111 34 which
578 2391 44 34 he
638 2392 119 34 makes
772 2403 21 23 a
809 2392 207 35 substantial
1032 2393 153 43 showing
1201 2393 76 34 that
1293 2393 52 34 his
1361 2394 68 34 suit
1444 2394 62 34 has
