1632 2688
304 250 43 33 92

394 513 198 43 Appellant,
611 524 67 32 pro
697 524 48 23 se.

392 587 105 34 Steve
513 587 120 40 Clark,
648 587 99 42 Att’y
762 587 100 40 Gen.,
877 586 55 43 by:
952 586 181 34 Theodore
1146 586 147 41 Holder,
1309 587 93 34 Asst.
1417 587 100 43 Att’y

303 636 100 40 Gen.,
425 635 53 35 for
498 636 165 43 appellee.

394 710 73 34 Per
481 710 164 35 Curiam.

661 711 38 33 In
713 711 90 42 July,
822 711 98 40 1985,
934 710 177 44 appellant
1123 710 80 35 filed
1216 721 20 23 a
1249 721 62 33 pro
1323 721 37 24 se
1372 710 144 44 petition

303 760 53 35 for
369 760 76 35 writ
457 760 39 35 of
507 760 129 35 habeas
649 771 123 34 corpus
787 760 33 35 in
834 760 59 35 the
905 760 79 35 trial
998 765 98 30 court
1109 771 44 24 on
1166 761 59 34 the
1237 760 133 44 ground
1384 761 76 34 that
1473 761 44 34 he

303 810 68 35 had
383 810 86 35 been
480 810 124 35 denied
615 810 67 35 due
693 821 136 34 process
841 810 68 35 and
920 811 102 44 equal
1033 811 191 44 protection
1235 811 40 34 of
1282 811 65 34 law
1359 811 44 43 by
1414 811 102 43 being

302 861 100 34 twice
416 860 123 35 denied
556 861 130 34 release
699 872 44 23 on
759 861 127 44 parole.
903 861 74 35 The
991 861 79 34 trial
1085 867 98 28 court
1198 861 191 34 concluded
1404 861 76 35 that
1496 872 20 24 a

302 910 76 34 writ
389 910 39 34 of
437 910 128 35 habeas
577 921 123 33 corpus
712 921 69 24 was
794 916 59 29 not
864 911 59 34 the
934 922 123 32 proper
1068 911 141 43 remedy
1221 916 35 29 to
1267 911 180 43 challenge
1457 911 59 34 the

302 960 118 43 parole
430 960 136 34 board’s
577 960 115 34 action
702 960 69 34 and
781 959 181 36 dismissed
972 960 60 34 the
1041 960 154 44 petition.
1207 960 189 44 Appellant
1405 960 80 35 filed
1496 971 20 24 a

303 1009 112 35 notice
426 1009 39 34 of
474 1010 123 43 appeal
609 1009 68 34 and
689 1009 124 43 lodged
825 1009 58 35 the
895 1009 130 35 record.
1039 1011 56 33 He
1105 1020 76 24 now
1192 1015 155 39 requests
1359 1010 156 43 appoint-

303 1064 94 28 ment
417 1059 39 34 of
473 1059 150 34 counsel.

532 1133 75 34 The
625 1133 131 34 motion
775 1133 27 34 is
821 1133 124 35 denied
964 1133 69 35 and
1051 1134 60 34 the
1129 1134 123 43 appeal
1271 1133 192 35 dismissed.
1483 1135 33 33 A

302 1182 144 44 petition
460 1182 52 35 for
525 1183 75 34 writ
613 1183 39 34 of
662 1183 129 34 habeas
804 1194 123 33 corpus
940 1183 27 34 is
980 1183 180 34 restricted
1173 1188 35 29 to
1221 1184 59 33 the
1292 1184 175 43 questions
1480 1183 39 35 of

301 1232 154 34 whether
465 1232 59 34 the
534 1232 183 44 petitioner
727 1232 27 34 is
766 1233 34 34 in
810 1232 145 44 custody
966 1238 168 38 pursuant
1144 1238 35 29 to
1190 1244 20 23 a
1220 1233 92 34 valid
1322 1233 194 34 conviction

302 1281 68 34 and
384 1281 153 35 whether
550 1282 59 34 the
621 1282 194 43 convicting
829 1287 98 29 court
941 1282 68 34 had
1023 1293 123 33 proper
1156 1282 229 43 jurisdiction.
1400 1284 116 42 Bargo

301 1342 30 23 v.
340 1331 113 41 State,
465 1332 67 34 279
542 1332 84 34 Ark.
642 1332 154 40 180, 650
806 1331 143 35 S.W.2d
960 1333 66 33 227
1039 1331 138 43 (1983);
1187 1331 167 35 Mitchell
1361 1343 30 23 v.
1401 1332 113 41 State,

302 1381 66 34 233
380 1381 84 34 Ark.
478 1382 157 39 578, 346
646 1381 142 34 S.W.2d
800 1382 63 33 201
880 1381 137 43 (1961).
1028 1382 51 34 As
1090 1392 20 24 a
1120 1381 76 35 writ
1206 1381 39 35 of
1252 1381 129 35 habeas
1392 1392 122 33 corpus

302 1430 27 35 is
340 1435 58 30 not
408 1441 20 24 a
439 1430 140 44 remedy
589 1430 53 35 for
652 1431 178 43 attacking
840 1431 118 44 parole
967 1431 180 41 decisions,
1158 1431 177 44 appellant
1344 1431 102 37 could
1456 1436 60 30 not

301 1480 128 44 prevail
452 1491 43 24 on
518 1481 133 43 appeal.
677 1481 64 34 For
763 1481 67 34 this
853 1492 133 30 reason,
1009 1481 98 35 there
1128 1481 28 34 is
1178 1492 44 23 no
1243 1481 89 43 good
1354 1492 105 24 cause
1480 1486 35 30 to

301 1530 142 44 appoint
463 1531 139 34 counsel
622 1541 38 24 or
680 1536 36 29 to
736 1531 162 34 continue
917 1531 83 34 with
1021 1531 59 35 the
1100 1531 134 44 appeal.

393 1605 137 34 Motion
551 1605 123 34 denied
699 1606 32 33 &
754 1605 123 44 appeal
898 1605 192 35 dismissed.

391 1679 160 40 Purtle,
572 1680 42 40 J.,
636 1685 59 29 not
715 1679 256 44 participating.

346 1951 105 34 Allan
473 1952 54 33 W.
550 1952 174 34 VIRGIN
746 1963 27 23 v.
796 1952 281 41 LOCKHART,
1098 1952 170 41 Director,
1289 1953 177 34 Arkansas

652 2002 231 43 Department
902 2001 40 35 of
959 2001 203 35 Correction

301 2076 128 34 85-283

1240 2078 67 33 702
1327 2077 143 34 S.W.2d
1492 2078 20 34 9

628 2151 170 44 Supreme
819 2151 110 35 Court
949 2151 40 35 of
1005 2152 178 34 Arkansas

552 2201 151 43 Opinion
724 2201 171 35 delivered
916 2202 155 43 January
1092 2203 55 39 21,
1172 2202 87 34 1986
