1639 2700
101 429 122 35 lacked
234 430 59 34 the
303 429 157 44 capacity
470 434 35 29 to
515 428 90 35 form
615 430 60 34 the
684 428 198 45 purposeful
893 428 130 34 mental
1034 433 90 30 state
1133 438 179 33 necessary

101 485 36 29 to
146 480 144 34 commit
300 480 59 34 the
368 479 139 34 offense.
519 478 243 41 AMCI2403,
772 478 110 35 which
892 489 70 23 was
971 478 73 35 also
1053 478 111 43 given,
1174 477 71 35 told
1254 477 59 35 the

97 530 81 42 jury
195 530 77 34 that
290 530 59 34 the
365 529 99 34 State
481 533 93 29 must
591 539 103 33 prove
711 529 76 34 that
804 529 116 34 James
938 528 154 35 Johnson
1109 527 68 35 had
1195 527 117 35 sexual

102 579 212 34 intercourse
325 579 82 34 with
419 589 20 23 a
451 589 123 33 person
586 578 44 35 he
641 579 97 33 knew
750 583 35 29 to
797 578 42 34 be
851 578 52 34 his
914 577 222 35 descendant.
1148 578 94 33 Thus
1254 577 59 34 the

102 629 80 43 only
199 629 139 44 specific
353 628 200 43 knowledge
569 628 159 44 required
746 628 27 34 is
789 628 76 34 that
881 627 153 35 Johnson
1050 628 97 33 knew
1163 627 76 34 that
1255 627 58 34 the

103 678 214 44 prosecutrix
338 689 69 23 was
428 678 52 34 his
501 677 182 43 daughter.
705 678 113 34 There
838 677 61 35 has
921 688 102 23 never
1044 677 87 34 been
1152 688 83 23 even
1255 677 59 34 the

103 728 159 43 slightest
273 728 196 43 suggestion
480 727 77 35 that
568 727 43 34 he
621 727 59 35 did
691 733 60 29 not
761 727 179 43 recognize
950 727 61 34 her
1022 735 37 26 as
1070 727 52 34 his
1133 726 180 43 daughter.

103 779 52 33 To
176 778 60 34 the
256 783 171 38 contrary,
449 777 51 34 his
522 788 76 23 own
619 777 185 43 testimony
825 776 137 35 showed
983 776 77 35 that
1080 775 235 44 immediately

105 827 120 35 before
250 828 59 34 the
334 827 219 35 commission
579 826 39 34 of
641 827 108 34 incest
775 827 43 34 he
842 826 103 34 drove
969 831 36 29 to
1031 827 61 33 her
1116 826 107 34 house
1248 825 83 35 and-

105 877 178 35 discussed
309 877 61 34 her
396 877 77 34 lack
498 876 39 34 of
560 887 20 23 a
607 877 141 34 driver’s
774 876 136 34 license.
937 876 183 34 Johnson’s
1145 875 171 44 proffered

105 927 187 44 testimony
304 927 106 34 about
422 926 51 35 his
485 926 194 44 attempted
691 926 256 35 rehabilitation
960 924 91 37 after
1062 926 53 34 his
1127 930 109 30 arrest
1247 936 69 23 was

106 982 59 29 not
179 978 153 34 relevant
346 982 35 29 to
394 977 59 34 the
466 976 91 34 issue
570 975 39 35 of
619 977 87 42 guilt
719 987 38 23 or
771 976 195 34 innocence.
981 976 32 33 It
1027 981 93 29 must
1133 975 43 35 be
1188 975 81 44 kept
1283 974 34 35 in

107 1026 96 34 mind
216 1027 76 34 that
305 1037 82 24 even
400 1026 29 34 if
438 1026 59 34 the
505 1026 81 43 jury
598 1026 154 34 believed
764 1026 77 34 that
852 1025 43 35 he
907 1024 69 35 had
989 1036 44 24 no
1045 1036 156 33 memory
1211 1024 39 35 of
1259 1024 59 35 the

107 1076 164 41 incident,
292 1076 76 35 that
388 1076 99 34 alone
507 1075 114 35 would
641 1081 60 29 not
721 1075 164 35 establish
905 1075 52 34 his
978 1074 197 36 innocence.

1246 287 62 33 105

200 1155 39 34 In
257 1155 60 35 the
334 1155 203 44 appellant’s
556 1154 92 36 brief
663 1155 139 34 counsel
820 1159 105 30 states
943 1154 77 34 that
1037 1165 21 24 a
1075 1154 120 35 doctor
1212 1153 68 35 and
1298 1165 21 23 a

107 1206 181 33 counselor
300 1216 89 23 were
400 1204 170 35 available
581 1209 36 29 to
629 1204 119 44 testify
759 1209 36 30 at
807 1204 59 35 the
877 1204 79 34 trial
968 1203 108 36 about
1087 1204 59 34 the
1157 1204 162 34 blackout

108 1254 174 44 problems
308 1265 159 24 common
492 1259 36 29 to
554 1254 185 35 alcoholics
765 1254 67 34 and
857 1253 113 35 would
996 1253 87 35 have
1107 1254 99 43 given
1231 1253 88 35 their

108 1304 158 44 opinions
280 1305 106 34 about
400 1304 58 35 the
471 1304 205 44 appellant’s
691 1303 201 36 alcoholism
905 1303 69 35 and
988 1303 52 35 his
1054 1304 154 34 amnesia
1222 1302 98 35 when

109 1354 222 35 intoxicated.
346 1354 149 35 Counsel
507 1354 168 35 concedes
688 1354 77 35 that
777 1354 51 34 his
841 1353 144 44 proffers
998 1353 125 35 “could
1135 1354 87 34 have
1233 1353 86 34 been

109 1415 97 23 more
226 1404 172 44 specific,”
419 1404 62 34 but
501 1404 153 44 actually
674 1404 98 35 there
791 1414 70 24 was
881 1414 44 24 no
946 1403 128 44 proffer
1094 1403 39 35 of
1150 1403 93 34 what
1262 1403 59 34 the

109 1454 121 35 doctor
245 1465 38 24 or
297 1455 59 34 the
370 1454 178 35 counselor
563 1454 112 44 might
689 1455 88 34 have
791 1453 159 41 testified;
966 1453 81 44 they
1061 1464 90 24 were
1165 1458 59 30 not
1238 1464 83 23 even

110 1505 210 34 mentioned.
334 1504 103 35 Their
450 1504 157 44 opinions
619 1515 91 24 were
722 1503 188 36 submitted
923 1508 36 30 to
972 1503 59 36 the
1043 1504 80 34 trial
1133 1503 107 44 judge
1252 1508 36 30 at
1301 1514 21 23 a

110 1555 201 43 sentencing
323 1555 142 43 hearing
475 1554 51 35 six
536 1555 113 34 weeks
660 1552 91 37 after
761 1554 59 35 the
830 1554 90 41 trial,
932 1553 69 35 and
1011 1565 90 24 were
1110 1553 211 41 considered,

111 1605 62 34 but
186 1605 82 35 with
282 1610 132 39 respect
426 1610 36 29 to
474 1604 89 35 their
576 1605 149 43 possible
737 1604 185 44 testimony
934 1603 97 36 there
1043 1615 70 23 was
1125 1614 44 24 no
1182 1614 93 24 error
1287 1608 36 29 at

111 1655 59 33 the
190 1655 90 34 trial.

297 1732 143 44 Finally,
457 1732 178 44 appellant
651 1732 190 44 complains
859 1731 75 35 that
951 1731 59 34 the
1025 1731 212 44 prosecutrix
1254 1741 69 24 was

110 1782 187 43 permitted
312 1788 36 29 to
362 1781 118 44 testify
495 1782 77 34 that
586 1792 38 24 as
640 1793 20 23 a
675 1782 107 34 result
796 1781 39 35 of
847 1781 59 35 the
920 1780 123 36 earlier
1058 1781 167 34 incidents
1240 1780 83 35 with

111 1832 61 33 her
199 1831 115 35 father
339 1832 60 34 she
424 1831 69 34 had
519 1842 20 23 a
565 1831 105 43 slight
695 1842 144 24 nervous
865 1830 219 42 breakdown,
1110 1841 69 24 was
1205 1831 34 33 in
1265 1831 58 34 the

111 1881 162 43 hospital,
287 1881 68 34 and
368 1892 69 23 saw
450 1892 20 23 a
483 1881 232 43 psychiatrist.
729 1881 75 34 The
815 1881 96 43 point
923 1891 70 23 was
1005 1880 113 35 raised
1131 1886 37 29 at
1180 1891 20 23 a
1212 1880 111 34 bench

112 1930 206 35 conference
335 1930 181 44 requested
532 1930 120 35 before
668 1931 60 34 the
743 1930 137 34 witness
897 1929 70 35 had
983 1929 177 35 answered
1176 1930 59 34 the
1251 1930 73 34 first

112 1981 160 42 question
285 1980 106 35 about
404 1980 96 35 these
512 1985 156 29 matters.
683 1979 151 35 Counsel
846 1979 170 44 objected,
1030 1980 131 43 saying:
1175 1979 39 34 “I
1226 1977 99 36 think

113 2030 72 33 he’s
201 2030 133 43 getting
350 2030 71 34 into
436 2029 200 44 counseling
651 2030 62 34 she
728 2029 111 43 might
854 2029 87 34 have
955 2028 70 35 had
1040 2029 237 34 afterwards.”
1294 2028 34 34 If

113 2080 60 33 the
182 2079 173 44 objection
365 2090 69 24 was
445 2084 118 29 meant
573 2084 36 29 to
619 2079 91 35 refer
719 2084 36 30 to
765 2078 198 43 counseling
974 2078 90 35 after
1074 2079 59 34 the
1142 2078 131 35 offense
1282 2088 43 24 on

114 2129 90 41 trial,
219 2130 99 34 there
330 2140 69 24 was
412 2140 45 24 no
469 2129 85 35 such
569 2130 196 43 testimony.
781 2128 35 35 If
825 2129 27 34 it
865 2127 153 36 referred
1031 2134 36 29 to
1080 2128 172 45 problems
1265 2128 62 34 she

114 2179 69 35 had
199 2180 91 35 after
304 2180 59 35 the
378 2179 122 35 earlier
514 2190 236 31 occurrences,
766 2179 76 35 that
856 2179 186 44 testimony
1056 2178 59 35 did
1130 2179 87 34 have
1231 2189 95 24 some

114 2230 180 44 probative
312 2230 100 35 value
431 2230 34 34 in
485 2229 143 45 tending
648 2235 36 30 to
704 2230 93 34 show
817 2229 76 35 that
912 2229 59 35 the
991 2229 92 44 prior
1102 2228 168 36 incidents
1290 2227 39 36 of

115 2281 109 34 incest
239 2280 69 35 had
323 2280 151 44 actually
488 2280 104 34 taken
607 2281 109 43 place.
733 2280 186 34 Whatever
933 2279 203 44 prejudicial
1151 2278 103 35 effect
1268 2278 59 35 the

114 2330 188 44 testimony
331 2330 110 43 might
470 2330 87 34 have
586 2330 69 35 had
684 2329 59 35 did
773 2335 59 29 not
861 2340 37 23 so
926 2329 129 44 clearly
1083 2329 172 43 outweigh
1284 2328 43 34 its

115 2380 180 43 probative
306 2380 100 34 value
419 2390 37 24 as
469 2385 36 28 to
518 2379 123 35 enable
653 2391 40 23 us
706 2385 36 29 to
754 2390 61 33 say
828 2379 76 34 that
916 2379 60 34 the
988 2379 80 34 trial
1077 2378 108 43 judge
1198 2377 130 35 abused

116 2429 52 34 his
189 2429 185 35 discretion
394 2429 35 34 in
449 2429 186 43 admitting
655 2429 60 34 the
734 2428 185 44 testimony
939 2428 72 34 into
1031 2428 172 34 evidence.
