1632 2696
1251 281 62 34 195

318 429 56 32 An
391 428 68 33 Act
476 431 35 29 to
527 426 126 34 Affirm
670 425 59 34 the
745 424 153 44 People’s
916 424 108 43 Right
1040 429 36 29 to
1093 423 139 34 Revoke
1248 422 68 34 and

230 477 138 43 Modify
379 477 58 34 the
450 475 203 35 Franchises
664 474 69 35 and
745 474 180 35 Exclusive
935 473 204 35 Territories
1150 472 40 35 of
1198 472 120 35 Public

229 527 152 35 Utilities
395 526 68 35 and
478 525 246 44 Cooperatives
738 524 53 35 for
804 525 77 33 Just
895 524 116 34 Cause
1025 524 103 43 Upon
1142 522 175 44 Approval

228 577 46 44 by
284 588 20 24 a
317 576 167 44 Majority
494 576 39 34 of
540 576 107 34 Votes
657 575 35 34 in
702 586 21 23 a
734 574 153 44 Regular
897 573 157 35 Election
1064 572 69 35 and
1144 578 35 29 to
1189 571 129 36 Award

228 627 60 34 the
301 627 106 34 Same
421 632 34 29 to
469 627 89 33 New
573 624 271 43 Franchisee(s);
859 629 35 29 to
909 624 110 34 Make
1032 634 20 24 a
1068 622 146 43 Finding
1227 622 92 35 That

229 677 178 34 Arkansas
431 677 116 33 Power
570 675 69 35 and
662 675 105 42 Light
789 674 183 43 Company
995 674 75 33 Has
1093 672 160 35 Violated
1276 672 43 34 its

232 726 185 35 Franchise
441 726 45 43 by
512 725 135 35 Misuse
672 724 69 35 and
765 729 36 29 to
826 724 140 34 Revoke
991 723 69 34 and
1085 722 151 35 Rescind
1261 722 59 34 the

232 776 185 34 Franchise
428 775 68 35 and
508 774 182 35 Exclusive
699 774 176 43 Territory
885 773 40 34 of
932 773 179 34 Arkansas
1123 773 117 33 Power
1251 771 68 35 and

232 826 103 43 Light
348 826 193 43 Company;
554 830 35 29 to
601 824 145 34 Provide
757 823 53 35 for
823 823 143 34 Interim
977 822 140 35 Service
1127 822 45 44 by
1184 822 135 34 Arkan-

231 887 55 23 sas
300 876 116 34 Power
427 874 69 36 and
509 874 104 44 Light
626 874 183 44 Company
821 873 99 35 Until
932 873 95 34 Such
1038 873 101 34 Time
1150 883 38 23 as
1200 883 20 23 a
1232 872 88 34 New

234 925 185 35 Franchise
429 925 27 34 is
466 924 186 41 Awarded;
663 929 36 29 to
709 923 143 35 Provide
863 923 53 34 for
927 934 20 23 a
958 922 167 35 Residual
1137 921 185 35 Franchise

232 981 36 29 to
285 976 112 34 Allow
415 975 178 34 Arkansas
612 975 118 33 Power
748 973 69 35 and
836 973 104 43 Light
958 973 184 43 Company
1159 977 36 29 to
1213 972 109 34 Make

235 1025 73 35 Full
337 1026 72 34 Use
435 1024 40 35 of
500 1025 48 34 Its
576 1025 166 43 Property
770 1023 126 35 Which
924 1023 27 34 is
979 1023 75 34 Not
1081 1021 176 45 Acquired
1284 1032 38 24 or

233 1075 238 40 Condemned;
483 1080 36 29 to
530 1074 192 35 Authorize
733 1073 68 35 and
813 1073 119 35 Direct
943 1073 59 34 the
1013 1073 178 34 Arkansas
1203 1071 120 35 Public

233 1126 139 34 Service
389 1125 233 35 Commission
640 1129 36 30 to
693 1123 129 36 Award
840 1124 80 43 Any
938 1122 164 35 Revoked
1121 1122 202 35 Franchises

233 1175 69 36 and
332 1175 180 35 Exclusive
540 1174 204 35 Territories
773 1174 39 35 of
838 1173 121 35 Public
987 1173 154 35 Utilities
1170 1177 36 30 to
1234 1173 89 34 New

235 1225 257 44 Franchisee(s)
504 1225 103 35 After
617 1224 192 44 Obtaining
819 1223 233 45 Competitive
1062 1223 82 35 Bids
1153 1222 69 35 and
1232 1222 90 35 Con-

234 1276 142 43 ducting
404 1275 120 35 Public
551 1275 185 43 Hearings;
763 1280 35 29 to
825 1274 175 34 Establish
1026 1273 202 35 Guidelines
1255 1272 68 35 and

235 1326 209 34 Procedures
462 1325 54 34 for
533 1325 218 34 Submission
769 1324 39 34 of
822 1324 81 34 Bids
922 1324 44 43 by
984 1323 217 44 Prospective
1219 1323 104 34 Fran-

234 1375 166 43 chisee^)
432 1375 69 34 and
532 1374 53 35 for
615 1374 60 35 the
704 1373 129 35 Award
863 1373 39 35 of
929 1374 89 33 New
1048 1372 122 35 Public
1199 1372 126 43 Utility

237 1425 201 35 Franchises
448 1425 45 43 by
502 1425 60 34 the
570 1424 179 34 Arkansas
759 1424 120 34 Public
888 1423 139 34 Service
1036 1422 244 40 Commission;
1289 1427 36 29 to

235 1475 156 34 Prohibit
406 1475 58 34 All
479 1474 89 34 New
584 1474 122 34 Public
721 1473 126 44 Utility
863 1472 258 43 Franchisee(s)
1140 1471 185 35 Hereafter

235 1524 174 35 Awarded
437 1523 163 35 Revoked
629 1523 202 35 Franchises
858 1522 91 35 from
975 1522 195 43 Affiliating
1196 1521 82 35 with
1305 1532 20 23 a

237 1574 225 34 Multi-State
481 1573 271 43 Conglomerate
770 1583 38 24 or
828 1572 181 43 Engaging
1029 1572 35 34 in
1083 1571 243 35 Out-of-State

236 1623 246 35 Construction
506 1623 40 35 of
567 1624 119 33 Power
710 1623 117 34 Plants
851 1622 160 34 Without
1035 1632 20 24 a
1080 1621 95 34 Prior
1199 1621 126 34 Three-

238 1674 146 34 Fourths
400 1674 88 34 Vote
502 1673 40 34 of
553 1673 60 35 the
626 1672 152 35 General
792 1672 197 43 Assembly;
1003 1676 37 29 to
1054 1671 155 34 Prohibit
1223 1670 102 35 Utili-

236 1724 65 34 ties
311 1723 173 35 Awarded
496 1724 129 33 Future
636 1722 202 35 Franchises
849 1722 103 34 From
962 1721 180 43 Charging
1152 1721 173 43 Ratepay-

237 1785 53 23 ers
309 1773 53 35 for
380 1773 117 44 Legal,
516 1773 181 43 Lobbying
715 1772 69 35 and
800 1772 223 42 Advertising
1042 1771 148 44 (Except
1207 1770 120 35 Public

237 1823 161 43 Notices)
415 1824 185 43 Expenses;
615 1828 36 29 to
666 1822 174 35 Establish
854 1821 204 36 Additional
1073 1821 148 44 Specific
1235 1821 91 34 Con-

237 1874 204 35 siderations
455 1873 53 35 for
522 1873 234 35 Commission
770 1872 205 35 Evaluation
988 1872 35 35 in
1036 1871 190 44 Awarding
1238 1872 89 34 New

240 1924 213 41 Franchises;
473 1929 35 29 to
528 1923 132 35 Confer
680 1924 103 43 Upon
803 1923 59 35 the
880 1923 89 34 New
990 1921 257 44 Franchisee(s)
1269 1921 59 35 the

238 1975 118 34 Power
373 1974 39 35 of
428 1974 162 34 Eminent
609 1973 151 35 Domain
778 1978 36 30 to
832 1973 183 34 Condemn
1033 1973 166 43 Property
1216 1971 39 35 of
1269 1971 60 35 the

239 2023 163 35 Revoked
418 2023 206 35 Franchisee
637 2023 69 34 and
721 2023 127 34 Others
862 2022 69 35 and
945 2028 36 28 to
994 2022 178 34 Prescribe
1185 2021 58 34 the
1257 2022 72 34 Use

238 2073 40 34 of
283 2073 95 34 Such
387 2073 128 40 Power;
526 2079 37 28 to
570 2072 161 34 Prohibit
742 2071 243 35 Closed-Door
992 2070 261 43 Deal-Making
1259 2069 72 35 and

239 2121 366 44 Influence-Peddling
620 2124 34 32 in
673 2121 124 43 Utility
813 2123 92 32 Rate
923 2122 110 33 Cases
1049 2120 69 34 and
1134 2125 36 29 to
1186 2119 144 35 Provide

240 2172 53 35 for
304 2183 21 24 a
336 2172 89 34 Civil
438 2171 83 35 Fine
531 2171 39 35 of
578 2172 75 34 Not
665 2172 82 33 Less
758 2171 100 34 Than
870 2171 187 40 $5,000.00
1067 2180 38 24 or
1117 2170 103 34 More
1229 2169 100 34 Than

240 2223 20 37 $
268 2223 182 40 10,000.00
460 2221 80 42 and,
552 2221 34 35 If
593 2232 20 24 a
624 2221 121 35 Public
755 2221 149 41 Official,
916 2220 168 35 Removal
1096 2221 102 33 From
1207 2219 122 41 Office,

239 2273 51 34 As
315 2283 20 24 a
360 2272 144 44 Penalty
530 2273 65 33 For
619 2272 60 34 the
703 2271 116 41 Same;
844 2276 36 30 to
904 2270 145 35 Provide
1073 2270 53 35 for
1151 2269 180 35 Exclusive

240 2322 223 34 Jurisdiction
487 2322 35 34 in
546 2322 184 42 Chancery
754 2321 110 34 Court
888 2322 65 33 For
976 2320 210 44 Taxpayers’
1211 2319 120 43 Illegal

241 2371 168 34 Exaction
429 2371 170 34 Lawsuits
619 2371 232 42 Challenging
871 2371 92 33 Rate
982 2371 187 38 Increases;
1190 2368 68 35 and
1278 2368 53 34 for

241 2420 112 35 Other
373 2421 178 43 Purposes.
