1648 2701
1303 293 19 33 7

210 954 160 35 Richard
390 956 45 32 H.
459 954 131 41 Smith,
614 954 69 34 and
706 953 139 43 Friday,
870 953 177 44 Eldredge
1072 955 31 32 &
1131 953 119 41 Clark,
1274 953 55 43 by:

120 1005 160 35 Michael
301 1005 38 34 G.
366 1004 210 43 Thompson,
598 1004 53 34 for
672 1004 185 43 appellant.

216 1084 98 42 Tapp
334 1083 80 33 Law
435 1081 137 43 Offices,
593 1082 55 43 by:
669 1083 32 33 J.
723 1080 76 44 Sky
822 1083 108 42 Tapp,
952 1081 53 34 for
1025 1080 165 44 appellee.

212 1160 161 34 George
391 1160 99 33 Rose
508 1160 132 40 Smith,
658 1159 141 34 Justice.

819 1159 82 34 This
919 1170 80 23 case
1015 1159 63 34 has
1095 1163 59 29 not
1172 1164 56 38 yet
1246 1158 86 35 been

120 1210 100 35 tried.
244 1210 74 34 The
341 1209 206 41 chancellor,
571 1209 90 35 after
684 1220 20 24 a
728 1209 153 44 hearing,
905 1208 145 45 granted
1073 1209 59 34 the
1154 1209 178 44 plaintiffs

121 1260 132 34 motion
264 1266 35 28 to
310 1260 99 34 allow
420 1259 59 34 the
488 1271 81 23 case
579 1265 35 29 to
625 1259 146 44 proceed
782 1270 37 23 as
831 1271 20 23 a
861 1260 89 34 class
961 1259 115 34 action
1086 1258 109 35 under
1205 1259 128 34 ARCP

122 1310 91 34 Rule
225 1311 56 39 23,
292 1310 83 33 with
387 1310 98 42 Jerry
496 1310 125 34 Sarver
633 1309 234 44 representing
879 1309 59 35 the
949 1309 99 34 class.
1060 1309 83 33 This
1155 1309 122 44 appeal
1289 1309 45 43 by

123 1359 137 44 Cooper
276 1358 253 35 Communities
544 1359 91 34 from
650 1359 77 34 that
741 1359 245 43 interlocutory
1001 1358 100 34 order
1115 1368 115 24 comes
1245 1364 35 28 to
1294 1369 40 23 us

123 1409 110 34 under
254 1409 90 34 Rule
364 1408 158 43 29(l)(c)
545 1408 69 35 and
637 1408 66 42 (k).
725 1409 65 33 We
810 1409 123 34 affirm.

214 1486 76 34 The
305 1486 176 43 appellant
498 1486 265 40 Communities,
781 1496 20 23 a
818 1486 229 43 corporation,
1063 1496 70 23 was
1149 1485 60 34 the
1224 1485 111 34 devel-

123 1546 83 33 oper
217 1536 40 34 of
267 1537 72 32 Hot
351 1535 142 44 Springs
507 1536 147 42 Village,
666 1535 112 34 which
791 1535 61 35 has
865 1546 117 32 grown
994 1540 35 29 to
1042 1535 43 34 be
1097 1546 20 22 a
1129 1535 206 34 substantial

123 1585 216 44 community
351 1596 43 23 on
408 1585 173 44 Highway
594 1587 31 32 7.
639 1585 75 34 The
726 1585 167 44 principal
906 1590 164 29 entrance
1082 1590 36 28 to
1130 1584 59 35 the
1201 1584 135 43 Village

124 1635 182 43 originally
319 1634 171 35 consisted
503 1635 39 34 of
553 1646 20 23 a
586 1635 190 43 gatehouse
789 1639 36 29 at
837 1635 59 34 the
909 1635 171 42 highway.
1096 1633 124 35 Before
1236 1635 99 39 1982,

125 1685 254 34 Communities
398 1684 88 34 built
504 1696 20 23 a
544 1684 169 44 shopping
732 1689 116 30 center
866 1695 83 23 near
968 1684 59 34 the
1045 1683 198 44 gatehouse.
1262 1684 75 33 The

124 1735 219 44 corporation
353 1735 72 34 also
435 1734 88 35 built
533 1746 20 23 a
563 1734 127 35 second
700 1734 188 43 gatehouse
897 1734 107 35 about
1018 1735 65 33 100
1093 1734 101 43 yards
1205 1733 132 35 farther

125 1795 99 33 away
235 1784 91 35 from
335 1785 59 34 the
404 1784 161 44 highway
575 1785 85 34 than
670 1784 60 34 the
740 1784 73 34 first
823 1795 74 24 one.
909 1784 75 34 The
993 1783 146 43 original
1150 1783 188 44 gatehouse

125 1834 69 35 had
214 1835 87 34 been
320 1834 119 34 owned
459 1834 45 44 by
523 1835 58 34 the
602 1836 72 32 Hot
693 1834 142 44 Springs
855 1834 136 43 Village
1009 1834 166 43 Property
1194 1834 142 34 Owners

125 1885 231 34 Association.
368 1885 39 33 In
417 1884 177 44 exchange
603 1884 54 35 for
666 1884 60 34 the
735 1884 246 43 corporation’s
991 1884 233 34 construction
1233 1883 39 35 of
1279 1883 59 34 the

126 1945 74 24 new
219 1935 189 43 gatehouse
424 1934 59 35 the
500 1934 220 35 Association
738 1934 115 35 leased
871 1934 59 35 the
946 1934 57 34 old
1021 1933 189 44 gatehouse
1227 1939 35 29 to
1279 1933 59 35 the

126 1985 219 43 corporation
366 1984 52 34 for
439 1985 43 33 99
504 1995 109 33 years.

219 2060 254 35 Communities
486 2061 113 42 began
611 2060 101 43 using
725 2060 59 34 the
796 2060 56 34 old
865 2060 190 43 gatehouse
1067 2070 38 23 as
1118 2070 44 23 an
1175 2060 98 33 office
1285 2059 53 34 for

127 2110 44 34 its
185 2110 72 34 real
271 2115 110 29 estate
394 2110 181 34 salesmen.
590 2111 33 33 A
637 2109 146 34 number
796 2110 39 33 of
846 2110 143 34 realtors
1003 2109 77 34 who
1093 2108 120 35 owned
1227 2109 64 33 lots
1305 2108 34 34 in

127 2159 60 35 the
198 2160 136 43 Village
344 2159 217 44 complained
573 2165 35 29 to
619 2159 60 35 the
688 2159 178 35 Arkansas
877 2159 88 34 Real
977 2159 121 34 Estate
1109 2158 230 35 Commission

127 2209 77 36 that
221 2209 253 35 Communities
489 2221 70 23 was
576 2210 34 33 in
626 2209 73 34 fact
715 2209 229 43 maintaining
960 2220 20 23 a
996 2208 132 35 branch
1143 2209 71 34 real
1230 2213 110 29 estate

127 2260 100 34 office
242 2265 37 29 at
294 2260 59 34 the
368 2259 188 43 gatehouse
571 2259 145 34 without
732 2269 122 33 proper
869 2258 260 35 identification.
1146 2258 74 34 The
1235 2258 103 34 Com-

128 2310 142 34 mission
290 2309 175 35 sustained
485 2310 59 34 the
563 2309 190 44 complaint
772 2309 68 34 and
860 2308 159 44 required
1038 2308 60 34 the
1116 2318 170 34 company
1305 2312 36 30 to

128 2360 138 44 comply
286 2360 83 34 with
389 2359 59 35 the
467 2359 187 43 governing
674 2358 221 44 regulations.

222 2438 39 33 In
273 2437 165 42 January,
453 2437 100 40 1985,
565 2436 59 34 the
634 2441 138 38 present
783 2436 68 34 suit
861 2436 136 43 against
1009 2435 253 34 Communities
1274 2434 68 35 and
