1640 2696
242 420 67 32 any
320 420 142 23 manner
472 409 94 40 with,
576 420 68 32 any
654 409 166 40 business,
831 409 109 34 either
950 408 145 44 directly
1104 419 38 23 or
1151 408 181 43 indirectly

242 459 34 34 in
298 459 223 44 competition
543 458 83 35 with
648 459 31 34 C
702 459 53 40 M,
777 469 38 24 or
836 458 144 34 become
1001 457 185 35 interested
1209 458 34 34 in
1265 469 68 32 any

242 509 205 44 competitor
461 508 39 35 of
512 509 30 34 C
558 509 53 40 M,
626 508 120 35 within
761 519 20 24 a
795 507 118 45 period
927 508 40 34 of
978 508 65 34 five
1059 507 53 44 (5)
1129 519 98 33 years
1242 507 91 35 after

243 565 164 38 payment
424 559 33 34 in
475 559 63 34 full
556 559 39 34 of
608 559 59 34 the
684 559 170 44 purchase
870 558 93 44 price
980 569 37 24 as
1035 558 118 34 herein
1170 558 162 44 provided

243 609 68 35 and
322 609 118 35 within
451 620 20 24 a
482 609 117 35 radius
609 609 40 34 of
655 609 78 43 fifty
743 609 98 34 miles
851 608 39 35 of
897 609 59 34 the
966 608 82 44 City
1058 608 39 35 of
1105 608 227 41 Russellville,

243 660 189 40 Arkansas;
454 659 175 44 provided,
650 659 167 41 however,
838 659 77 34 that
936 658 103 45 Hyde
1060 659 87 34 shall
1168 659 86 34 have
1275 659 59 34 the

244 710 91 43 right
350 715 35 29 to
399 709 170 35 maintain
583 709 132 35 certain
730 709 167 43 cigarette
909 709 149 43 vending
1073 709 177 34 machines
1265 708 68 35 and

244 760 131 34 certain
394 760 76 34 coin
489 759 166 44 operated
673 759 120 35 record
812 759 140 44 playing
971 759 111 34 music
1100 759 176 34 machines
1296 770 37 23 as

244 810 208 43 specifically
468 809 100 35 listed
584 809 69 35 and
668 809 179 35 described
862 820 44 24 on
921 809 141 34 Exhibit
1078 809 77 34 “C”
1171 809 163 34 attached

245 859 129 41 hereto,
388 859 68 34 and
469 859 77 34 that
559 859 27 34 it
598 859 69 34 and
680 859 43 34 its
737 859 235 34 stockholders
985 870 92 32 may,
1091 870 38 23 as
1142 870 20 23 a
1175 869 158 33 corpora-

245 909 72 34 tion
335 920 38 23 or
391 920 37 23 as
447 908 219 41 individuals,
685 914 96 29 enter
799 909 72 34 into
889 908 60 35 the
967 908 111 34 music
1094 908 149 43 vending
1262 919 71 23 ma-

245 959 101 34 chine
369 959 166 40 business,
558 959 91 43 only,
673 958 145 34 without
840 958 102 43 being
966 958 34 34 in
1022 958 164 34 violation
1209 958 39 34 of
1267 958 67 34 this

245 1008 182 44 provision;
440 1008 68 34 and
522 1008 164 44 provided
699 1008 145 41 further,
858 1008 76 34 that
947 1008 31 34 C
992 1008 41 34 M
1046 1008 68 34 will
1128 1013 70 36 not,
1211 1008 124 43 during

245 1058 60 34 the
331 1069 96 23 same
453 1058 119 44 period
599 1058 118 34 herein
744 1063 96 29 enter
867 1058 72 34 into
965 1058 60 34 the
1051 1058 111 34 music
1187 1057 148 44 vending

246 1108 160 34 machine
417 1108 167 40 business;
597 1108 80 40 and,
689 1107 163 44 provided
864 1107 145 42 further,
1022 1108 77 34 that
1110 1108 109 34 either
1230 1107 39 35 of
1277 1108 59 34 the

246 1157 128 44 parties
390 1158 118 34 hereto
525 1168 81 33 may
622 1157 35 34 in
673 1157 136 43 writing
825 1158 108 34 waive
949 1169 68 32 any
1033 1158 135 43 portion
1184 1168 38 24 or
1238 1158 44 34 all
1299 1157 40 35 of

245 1208 69 34 this
335 1208 188 43 particular
543 1213 169 29 covenant
732 1213 60 29 not
811 1213 36 29 to
866 1213 169 38 compete.

1263 267 63 32 221

120 1282 76 34 The
217 1282 235 35 stockholders
474 1283 35 34 in
530 1282 60 35 the
612 1282 104 44 Hyde
736 1293 171 33 company
928 1293 90 24 were
1040 1283 82 34 Bert
1144 1282 102 44 Hyde
1267 1282 69 35 and

121 1333 128 43 Nancy
260 1332 112 44 Hyde.
383 1332 104 35 Their
496 1343 72 30 son,
579 1332 114 34 David
703 1332 113 44 Hyde,
826 1343 70 24 was
906 1338 59 29 not
975 1344 20 23 a
1005 1332 218 35 stockholder
1232 1338 36 29 at
1277 1333 59 34 the

121 1382 86 35 time
217 1382 60 35 the
288 1387 168 30 covenant
467 1387 59 30 not
537 1387 36 30 to
584 1388 159 38 compete
753 1393 70 24 was
835 1382 151 35 entered.
1000 1384 56 33 He
1067 1382 163 45 acquired
1242 1393 95 24 some

122 1433 119 34 shares
254 1432 33 35 in
300 1432 203 41 December,
521 1433 100 40 1978,
634 1432 69 35 and
715 1432 79 35 held
806 1433 96 34 them
914 1433 80 44 only
1006 1433 107 34 about
1125 1433 50 34 six
1187 1433 148 34 months.

121 1482 107 42 Thus,
240 1482 112 35 David
364 1482 101 45 Hyde
475 1482 58 35 did
543 1488 60 29 not
613 1494 76 23 own
699 1483 117 34 shares
826 1483 35 34 in
871 1483 59 34 the
940 1483 103 44 Hyde
1052 1494 172 33 company
1232 1488 36 30 at
1278 1483 59 35 the

122 1533 85 34 time
227 1533 59 34 the
306 1538 168 29 covenant
493 1544 71 23 was
585 1533 134 43 alleged
740 1538 35 29 to
795 1533 87 35 have
902 1533 87 34 been
1010 1533 182 35 breached.

213 1607 75 34 The
305 1607 30 34 C
352 1607 40 34 M
410 1607 183 43 Company
609 1607 226 43 successfully
850 1607 59 35 bid
925 1607 54 35 for
995 1608 59 34 the
1070 1608 170 34 exclusive
1255 1608 81 34 food

122 1656 69 34 and
212 1656 170 44 beverage
401 1656 148 44 vending
571 1662 157 29 contract
748 1662 37 29 at
805 1657 59 34 the
884 1657 179 35 Arkansas
1084 1657 155 35 Nuclear
1260 1657 77 35 One

124 1706 140 44 (ANO)
284 1707 96 44 plant
398 1707 34 34 in
454 1708 98 34 1979.
571 1707 92 34 That
680 1712 156 30 contract
853 1707 140 44 expired
1011 1707 35 35 in
1067 1708 88 34 1984
1172 1712 37 30 at
1225 1707 112 35 which

122 1757 86 34 time
216 1757 27 34 it
252 1768 70 24 was
331 1757 162 35 obtained
503 1757 45 44 by
558 1757 123 44 Valley
690 1757 169 44 Vending,
870 1758 83 41 Inc.,
963 1757 112 35 which
1085 1769 70 23 was
1163 1757 120 35 owned
1292 1758 45 44 by

123 1807 114 34 David
249 1807 113 44 Hyde,
375 1808 124 34 Donna
511 1808 153 40 Walker,
677 1808 82 34 Bert
769 1808 119 43 Lynch
900 1807 69 35 and
980 1807 127 44 Randy
1117 1808 219 43 Talkington.

122 1857 76 34 The
207 1857 163 35 evidence
379 1857 27 35 is
417 1857 209 44 undisputed
636 1858 77 34 that
724 1859 81 33 Bert
815 1857 103 44 Hyde
927 1857 104 35 made
1039 1858 192 34 unsecured
1242 1858 95 34 loans

123 1912 36 29 to
172 1907 123 43 Valley
308 1907 158 43 Vending
479 1907 69 35 and
561 1907 140 35 advised
714 1907 69 35 and
796 1907 144 35 assisted
953 1908 59 34 the
1024 1907 156 35 business
1193 1908 34 34 in
1240 1908 98 34 other

123 1967 93 32 ways
235 1957 112 34 which
366 1957 127 34 caused
512 1957 60 34 the
590 1957 197 34 chancellor
806 1962 35 29 to
860 1957 81 34 hold
960 1957 59 35 the
1037 1963 169 29 covenant
1225 1963 59 29 not
1303 1963 35 29 to

122 2012 160 37 compete
297 2006 68 34 had
380 2007 86 34 been
481 2007 183 34 breached.
680 2007 74 34 The
768 2007 193 43 appellants
975 2007 45 34 do
1034 2012 60 29 not
1108 2007 157 44 question
1280 2007 59 34 the

122 2056 201 43 sufficiency
340 2055 39 35 of
392 2056 59 34 the
468 2056 163 34 evidence
648 2061 36 29 to
701 2056 165 34 establish
884 2056 128 35 breach
1029 2056 40 35 of
1083 2057 59 34 the
1159 2062 178 35 covenant,

123 2105 178 43 assuming
322 2105 43 35 its
384 2105 153 44 validity.

388 2190 28 33 1.
438 2189 305 34 Reasonableness
763 2188 46 44 of
822 2189 57 35 the
901 2190 177 34 Covenant

215 2263 75 34 The
313 2263 192 43 appellants
529 2263 44 34 do
596 2268 60 29 not
679 2268 134 29 contest
835 2263 59 34 the
917 2263 282 34 reasonableness
1221 2263 40 34 of
1280 2263 60 34 the

123 2312 246 43 geographical
381 2323 166 32 coverage
558 2312 40 34 of
606 2312 60 34 the
677 2318 179 28 covenant.
870 2313 134 33 Rather
1015 2313 82 43 they
1109 2324 61 32 say
1181 2313 80 43 only
1273 2313 26 33 it
1311 2313 28 33 is

123 2366 58 29 too
191 2361 80 43 long
281 2361 34 34 in
324 2361 172 35 duration.
508 2362 31 34 It
548 2361 114 44 began
670 2367 37 29 to
716 2373 64 23 run
790 2367 36 29 at
835 2362 59 34 the
902 2362 131 43 closing
1042 2362 40 34 of
1087 2362 60 34 the
1156 2362 71 34 sale
1235 2362 40 34 of
1281 2362 59 34 the

124 2410 82 35 food
215 2411 69 35 and
294 2411 168 44 beverage
471 2411 155 35 business
635 2411 40 35 of
682 2411 103 44 Hyde
793 2417 36 29 to
838 2412 30 34 C
879 2412 53 41 M,
942 2411 69 35 and
1020 2412 26 34 it
1054 2423 71 23 was
1134 2417 35 29 to
1178 2412 163 34 continue
