1640 2688
298 271 67 32 252

492 411 27 32 1.
541 408 430 34 PREPONDERANCE
991 407 62 34 OF
1074 407 247 34 EVIDENCE

388 489 206 43 Appellants
606 487 148 35 contend
766 488 76 33 that
854 487 82 43 they
947 492 127 29 cannot
1085 486 192 34 determine
1287 485 154 34 whether
1452 485 59 34 the

298 539 126 34 court’s
437 538 143 34 citation
593 549 70 23 was
676 537 53 35 for
742 537 76 34 civil
831 547 38 24 or
881 536 159 35 criminal
1053 541 187 38 contempt.
1253 536 75 34 The
1340 535 170 34 Chancel-

298 589 79 34 lor’s
398 588 148 43 findings
568 587 69 35 and
658 587 59 34 the
738 587 222 44 punishment
981 586 116 35 meted
1118 591 60 29 out
1199 585 151 35 indicate
1370 585 77 34 that
1468 585 43 33 he

298 638 201 35 considered
522 638 59 34 the
603 637 206 44 proceeding
832 648 37 23 as
892 648 66 23 one
980 636 53 35 for
1056 636 83 34 both
1162 635 77 35 civil
1262 635 68 35 and
1353 635 158 35 criminal

298 694 187 38 contempt.
504 688 66 34 See
586 689 178 33 Dennison
778 698 31 23 v.
828 686 155 44 Mobley,
1005 685 219 42 Chancellor,
1243 686 66 34 257
1328 685 84 34 Ark.
1432 685 79 40 216,

300 740 65 33 515
388 738 143 35 S.W.2d
552 739 66 33 215
643 737 136 43 (1974).

530 819 39 32 In
598 828 97 23 cases
724 817 39 34 of
788 817 78 33 civil
895 821 188 38 contempt,
1112 816 60 34 the
1200 815 168 43 objective
1397 815 27 33 is
1453 815 60 33 the

299 867 236 34 enforcement
550 866 38 34 of
600 867 59 33 the
673 866 108 42 rights
796 866 39 33 of
846 866 59 33 the
920 865 132 43 private
1066 865 127 43 parties
1208 869 35 29 to
1257 864 182 42 litigation.
1455 864 57 33 On

299 917 59 33 the
372 917 98 33 other
485 915 104 41 hand,
604 916 60 33 the
678 915 152 43 primary
845 925 122 23 reason
982 914 53 34 for
1050 914 222 43 punishment
1286 913 54 34 for
1354 913 158 33 criminal

299 971 177 38 contempt
493 966 27 33 is
537 965 59 34 the
612 964 169 43 necessity
797 964 53 34 for
867 963 230 43 maintaining
1114 963 59 34 the
1188 962 145 43 dignity,
1350 962 162 43 integrity

300 1015 68 34 and
384 1015 176 43 authority
576 1014 47 41 of,
640 1014 69 34 and
726 1019 133 38 respect
876 1013 142 41 toward,
1035 1018 126 35 courts,
1179 1012 69 35 and
1264 1012 59 34 the
1339 1011 174 35 deterrent

300 1065 103 34 effect
421 1075 43 23 on
484 1064 115 34 others
618 1075 37 23 as
670 1064 73 42 just
762 1074 37 23 as
818 1063 189 43 important
1026 1073 37 24 as
1082 1062 59 34 the
1159 1062 223 43 punishment
1400 1061 39 34 of
1454 1061 59 34 the

299 1114 166 34 offender.
487 1116 177 32 Dennison
682 1124 30 23 v.
734 1112 155 43 Mobley,
914 1111 218 40 Chancellor,
1154 1122 119 33 supra.

483 1193 75 34 The
574 1192 216 35 distinctions
807 1191 68 35 and
893 1202 139 24 reasons
1048 1190 174 35 therefore
1239 1191 87 34 have
1342 1190 87 34 been
1446 1190 66 34 dis­

300 1243 122 35 cussed
439 1243 45 43 by
501 1254 39 23 us
557 1243 34 34 in
607 1243 136 43 Songer
758 1253 30 23 v.
805 1242 113 40 State,
937 1242 67 34 236
1021 1241 85 34 Ark.
1126 1242 55 39 20,
1200 1241 67 34 364
1284 1240 143 34 S.W.2d
1449 1241 62 33 155

302 1292 451 44 (1963),
765 1276 252 56 citing Blackard, et al. v. State,
1028 1292 67 33 217
1106 1291 84 34 Ark.
1202 1289 311 42 661, 232 S.W.2d

301 1344 79 40 977,
403 1342 137 43 (1950).
563 1343 39 33 In
621 1343 137 43 Songer
776 1353 51 23 we
847 1341 124 35 stated:

425 1423 31 34 It
466 1422 28 34 is
505 1427 59 30 not
574 1421 202 45 questioned
787 1421 77 35 that
874 1421 223 44 punishment
1107 1420 53 35 for
1170 1420 78 35 civil
1258 1425 178 39 contempt
1445 1419 69 34 will

424 1472 43 34 be
477 1472 127 44 upheld
615 1472 45 43 by
670 1472 68 34 this
749 1472 110 34 Court
869 1471 114 34 unless
994 1471 59 34 the
1063 1470 100 35 order
1173 1470 39 34 of
1219 1470 59 34 the
1288 1470 79 34 trial
1377 1475 99 29 court
1486 1469 28 34 is

425 1522 171 43 arbitrary
605 1532 37 23 or
652 1521 136 43 against
798 1521 59 34 the
865 1521 127 42 weight
1001 1520 40 34 of
1046 1520 60 34 the
1115 1520 171 34 evidence.
1299 1521 178 38 However,
1488 1519 26 34 it

425 1571 27 34 is
472 1576 59 29 not
550 1581 181 32 necessary
750 1570 54 34 for
823 1581 39 23 us
882 1575 36 29 to
937 1569 80 34 hold
1037 1570 59 33 the
1115 1569 183 44 petitioner
1316 1580 70 22 was
1405 1568 109 34 found

424 1620 110 43 guilty
550 1620 40 34 of
603 1620 80 43 only
699 1620 77 34 civil
794 1624 178 39 contempt
989 1619 34 34 in
1041 1618 100 35 order
1158 1624 35 29 to
1210 1618 132 35 sustain
1359 1618 59 34 the
1435 1618 78 34 trial

424 1675 108 29 court.
548 1670 65 34 We
625 1670 99 34 think
736 1669 59 34 the
807 1669 79 34 trial
900 1674 98 29 court
1010 1668 124 35 should
1147 1668 43 34 be
1201 1668 177 34 sustained
1391 1679 83 23 even
1487 1667 30 34 if

424 1720 60 35 the
503 1719 183 44 petitioner
705 1730 89 23 were
814 1719 110 43 guilty
945 1718 39 35 of
1000 1718 159 35 criminal
1179 1722 186 39 contempt.

485 1799 94 33 Even
599 1798 131 43 though
751 1798 77 34 civil
848 1802 178 38 contempt
1045 1796 148 43 findings
1214 1807 59 23 are
1292 1795 166 35 reviewed
1478 1801 36 29 to

301 1848 192 35 determine
504 1848 114 34 where
630 1848 59 34 the
701 1847 280 44 preponderance
993 1846 40 35 of
1042 1846 59 35 the
1113 1846 161 34 evidence
1286 1846 71 40 lies,
1370 1857 52 22 we
1433 1845 81 43 only

301 1898 159 34 examine
471 1898 58 34 the
539 1897 120 35 record
671 1897 53 35 for
734 1897 206 35 substantial
952 1896 162 35 evidence
1124 1896 34 34 in
1169 1896 157 34 criminal
1336 1900 178 39 contempt

301 1959 96 24 cases
409 1947 69 35 and
489 1948 113 34 affirm
614 1959 20 23 a
642 1947 184 44 judgment
837 1946 132 44 finding
981 1946 158 35 criminal
1150 1951 176 39 contempt
1337 1946 114 34 unless
1463 1956 51 23 we

301 1998 71 35 find
396 2009 44 24 no
462 1998 207 34 substantial
693 1997 212 44 evidentiary
928 2002 152 39 support.
1104 1998 176 33 Dennison
1301 2007 31 23 v.
1356 1995 155 44 Mobley,

303 2048 219 40 Chancellor,
544 2059 119 33 supra.

393 2128 185 42 Weighing
594 2128 59 33 the
668 2127 186 43 testimony
869 2127 35 34 in
920 2126 87 44 light
1022 2126 39 35 of
1074 2126 96 34 these
1185 2126 101 41 rules,
1303 2137 51 23 we
1368 2125 71 34 find
1455 2125 60 34 the

302 2177 280 44 preponderance
608 2177 40 34 of
671 2177 59 34 the
756 2176 162 35 evidence
945 2181 159 39 supports
1131 2176 59 34 the
1216 2175 131 43 finding
1374 2175 39 34 of
1436 2175 78 34 civil

302 2232 177 38 contempt
489 2226 68 35 and
568 2227 97 34 there
675 2227 27 33 is
714 2226 206 35 substantial
931 2226 162 34 evidence
1103 2231 35 29 to
1148 2230 142 39 support
1300 2225 59 34 the
1368 2224 100 35 order
1479 2224 39 34 of

302 2277 158 34 criminal
481 2281 187 39 contempt.

394 2356 39 34 In
444 2356 59 34 the
513 2356 78 34 trial
602 2356 127 34 court’s
740 2355 122 34 decree
872 2354 39 35 of
922 2355 99 40 1976,
1033 2354 59 35 the
1103 2354 206 35 Chancellor
1320 2353 107 35 found
1438 2354 77 34 that

302 2406 59 34 the
374 2406 171 43 appellees
559 2405 69 34 had
642 2416 20 23 a
676 2404 237 44 right-of-way
926 2415 115 24 across
1054 2404 204 44 appellants’
1272 2409 161 38 property
1446 2403 69 34 and
