1675 2704
1289 269 62 33 621

236 410 140 35 Steele
397 411 113 39 Hays,
532 410 141 35 Justice.

696 410 169 35 Clarence
884 410 210 43 Thompson,
1116 410 164 44 appellee,
1302 421 55 24 ac-

145 460 121 44 quired
287 460 44 34 oil
351 460 68 35 and
439 471 61 33 gas
521 460 108 35 leases
649 466 36 29 to
705 465 127 39 twenty
852 471 96 24 acres
967 460 40 35 of
1024 460 175 35 Ouachita
1220 461 139 43 County

144 510 191 41 Arkansas,
348 510 81 35 with
442 511 59 34 the
513 511 179 43 exception
705 510 39 35 of
754 522 19 23 a
791 512 11 32 1
811 509 83 47 /8th
907 511 145 35 mineral
1065 511 141 34 interest
1219 511 138 43 belong-

145 560 58 43 ing
223 565 35 30 to
278 561 116 34 Marie
413 560 84 41 Fife,
518 561 187 44 appellant.
725 561 146 43 Though
891 561 128 35 unable
1037 566 35 29 to
1091 561 118 34 obtain
1228 572 20 23 a
1268 562 91 34 lease

145 610 91 35 from
248 611 87 33 Mrs.
349 609 84 42 Fife,
445 611 199 43 Thompson
656 611 112 42 began
779 610 137 43 drilling
927 611 196 44 operations
1135 610 68 35 and
1214 611 58 34 the
1282 611 76 34 well

145 670 70 24 was
225 660 194 43 completed
429 671 36 23 as
476 672 20 23 a
506 661 169 42 producer
685 660 34 34 in
729 661 164 43 January,
908 661 99 34 1984.
1019 661 30 34 It
1059 661 62 34 has
1131 660 172 44 produced
1313 661 44 33 oil

145 715 36 29 at
202 720 20 23 a
243 715 75 29 rate
338 710 39 34 of
393 710 130 34 several
544 710 131 34 barrels
696 720 20 23 a
736 709 68 43 day
824 710 93 34 since
937 710 43 34 its
1001 710 218 44 completion.

330 793 198 43 Thompson
540 792 81 35 filed
634 793 69 34 suit
715 792 136 43 against
864 793 87 34 Mrs.
967 792 75 35 Fife
1054 798 36 29 to
1103 793 143 43 impress
1258 804 20 23 a
1291 792 67 35 lien

146 852 44 24 on
202 841 61 35 her
280 844 12 32 1
301 841 83 46 /8th
396 842 152 40 interest,
561 843 66 33 less
643 844 13 33 1
664 841 84 47 /8th
760 841 39 36 of
812 843 13 33 1
833 841 17 46 /
856 842 60 34 8th
928 842 146 44 royalty,
1087 842 53 34 for
1152 843 59 34 the
1222 847 90 30 costs
1324 843 38 34 of

145 891 140 43 drilling
302 892 68 34 and
388 891 179 44 operating
583 892 60 34 the
659 892 87 40 well,
765 903 19 23 a
802 893 85 33 total
904 892 39 34 of
958 892 245 41 $168,683.40,
1221 892 68 35 and
1306 892 54 35 for

146 941 119 34 future
278 941 179 43 operating
472 947 101 29 costs.
590 942 88 34 Mrs.
695 941 76 35 Fife
785 941 80 35 does
880 946 60 30 not
955 941 149 35 contend
1118 942 77 34 that
1209 942 150 44 Thomp­

146 991 90 34 son’s
265 996 90 29 costs
383 1001 59 25 are
470 991 181 41 excessive,
681 991 117 35 rather
826 992 60 34 she
913 992 122 34 claims
1063 992 44 34 he
1134 992 28 34 is
1190 1003 20 23 a
1239 992 120 35 willful

145 1046 190 38 trespasser
347 1040 67 35 and
425 1041 77 35 that
512 1041 62 35 she
583 1041 29 35 is
623 1041 144 35 entitled
777 1047 36 29 to
823 1042 59 34 the
891 1042 102 34 value
1004 1046 36 30 at
1051 1042 59 34 the
1120 1041 137 35 surface
1267 1041 38 35 of
1314 1043 45 33 all

146 1090 163 35 minerals
338 1090 226 35 attributable
592 1096 35 29 to
655 1091 61 35 her
744 1091 151 41 interest,
924 1092 76 43 plus
1029 1092 151 40 $25,000
1208 1091 152 44 punitive

146 1140 177 43 damages.
343 1141 74 34 The
436 1141 196 35 chancellor
651 1141 80 35 held
751 1142 76 34 that
844 1141 102 35 while
964 1141 200 45 Thompson
1183 1141 68 35 and
1271 1142 87 35 Mrs.

147 1189 76 36 Fife
233 1201 89 24 were
333 1196 58 29 not
402 1191 208 43 technically
619 1196 207 36 co-tenants,
838 1192 89 34 their
937 1197 110 29 status
1058 1202 70 24 was
1139 1197 221 29 tantamount

145 1245 37 30 to
196 1246 206 38 co-tenancy
416 1241 68 34 and
498 1241 78 34 that
588 1241 200 43 Thompson
802 1252 70 24 was
886 1241 144 35 entitled
1044 1247 35 30 to
1094 1253 20 23 a
1127 1242 69 34 lien
1209 1252 92 34 upon
1315 1243 19 33 7
1340 1241 17 46 /

147 1290 78 34 8ths
237 1290 40 34 of
286 1291 87 34 Mrs.
387 1290 102 35 Fife’s
506 1292 12 32 1
526 1289 85 47 /8th
623 1291 145 34 mineral
780 1291 141 35 interest
932 1291 88 35 until
1032 1292 61 34 her
1104 1292 257 44 proportionate

146 1340 103 35 share
265 1339 39 36 of
318 1340 60 35 the
394 1351 164 33 expenses
575 1341 28 34 is
620 1340 180 35 satisfied.1
819 1341 88 35 Mrs.
926 1341 76 34 Fife
1019 1341 62 35 has
1099 1341 178 44 appealed.
1296 1342 66 34 We

146 1389 132 35 believe
298 1390 59 35 the
376 1390 196 37 chancellor
592 1401 70 24 was
682 1395 142 30 correct.

214 1550 9 13 1
258 1550 55 25 The
322 1550 162 26 chancellor’s
494 1550 194 26 memorandum
697 1550 101 32 opinion
808 1551 83 25 noted:
901 1550 43 26 the
953 1550 93 33 parties
1055 1558 76 24 agree
1140 1551 55 25 that
1204 1551 43 25 the
1256 1550 105 33 produc­

147 1591 52 25 tion
209 1590 65 26 from
284 1591 49 26 this
342 1591 54 26 well
406 1591 19 25 is
434 1595 43 22 not
486 1591 138 26 controlled
634 1592 32 32 by
675 1591 43 26 the
726 1592 129 26 Arkansas
865 1592 41 26 Oil
916 1592 49 25 and
975 1592 53 26 Gas
1038 1592 177 26 Commission.
1224 1593 61 25 Ark.
1295 1592 65 26 Stat.

147 1633 67 24 Ann.
230 1632 13 31 §
261 1633 93 25 53-106
370 1633 84 31 (Repl.
473 1633 75 31 1971)
564 1633 115 32 provides
692 1633 57 25 that
762 1633 34 26 all
809 1641 117 18 common
940 1641 101 18 sources
1055 1634 28 25 of
1095 1634 89 32 supply
1198 1634 28 25 of
1238 1633 77 26 crude
1328 1634 33 25 oil

146 1673 145 26 discovered
298 1673 66 26 after
371 1675 111 31 January
493 1675 102 29 1,1937,
602 1674 64 26 shall
674 1675 31 25 be
711 1674 137 26 controlled
855 1674 50 26 and
912 1674 130 32 regulated
1049 1675 135 32 according
1191 1678 26 22 to
1222 1676 50 24 Act
1283 1675 44 25 105
1335 1675 29 25 of

147 1715 43 25 the
198 1715 63 25 Acts
270 1714 29 26 of
309 1715 71 25 1939.
389 1714 75 26 Since
473 1716 43 25 the
524 1715 155 26 Smackover
688 1715 72 26 Lime
768 1716 25 25 in
802 1716 43 25 the
853 1716 120 25 Snowhill
983 1715 58 26 field
1051 1716 19 25 is
1079 1720 44 21 not
1131 1716 137 26 controlled
1278 1717 32 31 by
1319 1716 43 26 the

147 1756 130 25 Arkansas
290 1756 42 25 Oil
346 1757 49 25 and
407 1756 53 26 Gas
473 1756 179 31 Commission,
665 1756 145 33 Thompson
822 1757 74 26 could
909 1761 43 22 not
964 1758 107 32 proceed
1084 1757 80 26 under
1177 1758 13 32 §
1205 1758 93 26 53-115
1312 1758 49 25 and

146 1797 121 27 establish
278 1806 15 18 a
304 1797 100 34 drilling
415 1798 61 26 unit.
489 1798 145 33 Paragraph
649 1798 52 32 1(c)
713 1799 28 25 of
751 1799 13 32 §
777 1800 93 25 53-115
882 1799 114 33 provides
1007 1799 24 25 in
1042 1803 65 29 part,
1119 1800 85 25 “Such
1214 1800 73 25 order
1297 1800 64 25 shall

147 1840 54 26 also
210 1840 103 32 provide
322 1840 55 26 that
387 1848 32 18 an
429 1848 83 19 owner
522 1841 56 25 who
587 1840 60 27 does
658 1844 43 23 not
711 1841 175 33 affirmatively
895 1841 64 26 elect
969 1845 26 22 to
1005 1841 150 32 participate
1165 1842 24 25 in
1200 1842 43 25 the
1252 1842 50 26 risk
1312 1842 49 25 and

147 1886 53 21 cost
207 1881 29 26 of
240 1883 62 25 such
309 1882 142 32 operations
458 1882 63 26 shall
529 1882 110 26 transfer
646 1883 37 26 his
691 1882 67 32 right
765 1883 24 26 in
796 1883 61 25 such
864 1883 101 32 drilling
973 1883 54 26 unit
1034 1884 50 25 and
1091 1883 43 25 the
1141 1883 147 32 production
1296 1883 65 26 from

147 1924 43 25 the
199 1923 54 26 unit
262 1923 54 26 well
326 1928 26 21 to
361 1924 42 26 the
412 1924 92 32 parties
513 1924 56 26 who
577 1924 65 26 elect
651 1928 26 22 to
686 1924 149 33 participate
844 1924 97 26 therein
951 1925 38 25 for
997 1932 16 18 a
1022 1925 148 25 reasonable
1177 1925 185 26 consideration

147 1965 50 25 and
205 1972 31 18 on
245 1973 15 17 a
268 1965 147 26 reasonable
422 1965 74 30 basis,
504 1966 82 25 which
594 1965 25 25 in
627 1966 43 25 the
677 1965 109 27 absence
792 1965 29 26 of
826 1974 32 17 an
866 1970 146 28 agreement
1020 1966 111 25 between
1139 1967 43 25 the
1190 1966 100 32 parties,
1298 1966 63 26 shall

147 2006 32 25 be
188 2005 156 27 determined
355 2007 32 31 by
397 2006 42 26 the
449 2007 177 25 Commission.
637 2007 69 25 Such
717 2006 108 27 transfer
835 2015 58 24 may
903 2007 31 25 be
943 2008 81 25 either
1033 2015 15 17 a
1058 2011 149 28 permanent
1217 2007 108 26 transfer
1334 2015 28 18 or

148 2055 59 24 may
214 2047 31 25 be
252 2047 38 25 for
296 2055 15 17 a
318 2047 96 26 limited
421 2047 85 32 period
513 2048 110 32 pending
630 2053 163 27 recoupment
799 2052 44 21 out
849 2049 29 25 of
881 2048 44 26 the
930 2049 75 25 share
1010 2048 30 25 of
1043 2048 149 33 production
1198 2049 165 25 attributable

147 2093 26 21 to
182 2088 44 26 the
235 2088 103 26 interest
347 2089 29 25 of
382 2089 61 26 such
454 2089 240 32 non-participating
704 2097 84 18 owner
797 2089 32 32 by
838 2090 43 25 the
889 2090 179 32 participating
1078 2090 93 32 parties
1180 2090 29 25 of
1216 2098 32 17 an
1257 2094 105 22 amount

146 2130 75 32 equal
230 2134 27 21 to
263 2131 44 25 the
313 2130 75 26 share
394 2130 28 25 of
427 2130 44 26 the
477 2134 67 22 costs
551 2131 57 25 that
614 2130 83 26 would
705 2131 64 25 have
776 2131 63 25 been
846 2131 79 25 borne
931 2131 32 32 by
971 2131 63 26 such
1041 2131 241 32 non-participating
1289 2135 73 28 party

148 2172 49 25 had
217 2172 31 25 he
266 2171 166 33 participated
450 2172 24 25 in
492 2172 62 25 such
572 2172 151 33 operations,
742 2173 55 32 plus
814 2180 32 18 an
864 2172 139 26 additional
1021 2180 56 18 sum
1095 2176 26 22 to
1139 2173 31 25 be
1187 2173 65 25 fixed
1270 2173 33 31 by
1320 2173 43 25 the

147 2213 196 26 Commission.”

216 2255 144 32 Paragraph
375 2256 6 24 1
389 2255 36 31 (e)
437 2255 114 32 provides
561 2256 63 29 that,
635 2256 46 25 “In
691 2255 43 26 the
743 2259 73 22 event
825 2256 71 25 there
905 2256 20 25 is
935 2264 32 17 an
978 2255 119 27 unleased
1107 2256 105 25 mineral
1223 2256 103 26 interest
1335 2264 28 17 or

147 2296 116 26 interests
275 2297 24 25 in
310 2304 49 24 any
369 2296 61 26 such
440 2296 101 32 drilling
551 2297 63 29 unit,
624 2297 44 25 the
677 2305 84 18 owner
772 2297 99 26 thereof
878 2297 64 26 shall
954 2297 31 26 be
995 2297 122 32 regarded
1128 2306 27 17 as
1165 2298 44 25 the
1218 2305 83 18 owner
1311 2297 29 26 of
1347 2306 15 17 a

148 2338 98 32 royalty
260 2338 103 25 interest
377 2342 25 22 to
416 2338 42 25 the
471 2342 85 21 extent
569 2338 29 26 of
609 2346 15 17 a
638 2338 146 32 one-eighth
799 2338 24 31 (1
829 2338 73 33 /8th)
918 2339 103 25 interest
1034 2338 25 26 in
1073 2338 50 26 and
1137 2342 26 22 to
1176 2338 54 26 said
1244 2339 119 25 unleased

148 2379 106 25 mineral
271 2379 103 25 interest
390 2379 49 26 and
455 2379 61 26 such
533 2379 97 32 royalty
647 2380 103 25 interest
766 2380 63 25 shall
846 2384 43 21 not
905 2380 31 25 be
952 2380 109 25 affected
1078 2380 32 30 by
1126 2380 43 25 the
1185 2380 136 32 provisions
1337 2380 29 25 of

147 2420 205 32 subparagraphs
368 2419 37 32 (c)
421 2420 50 25 and
487 2420 39 31 (d)
543 2420 103 26 above.”
