1664 2701
1272 269 65 33 387

220 409 180 34 Affirmed.

222 521 159 40 Purtle,
402 521 42 41 J.,
466 525 59 30 not
545 521 255 43 participating.

222 632 208 40 Newbern,
451 633 42 39 J.,
514 631 158 35 dissents.

223 743 125 34 David
363 744 208 39 Newbern,
586 743 142 41 Justice,

743 743 198 43 dissenting.
957 744 85 33 Ark.
1059 743 119 35 Const,
1194 748 63 29 art.
1273 744 31 40 2,
1322 743 17 43 §

135 793 41 33 10
196 792 167 44 provides,
383 793 34 34 in
436 797 88 40 part:
546 793 63 34 “In
628 793 46 34 all
693 793 157 35 criminal
869 793 230 44 prosecution,
1118 794 59 34 the
1195 793 146 35 accused

132 842 88 34 shall
240 842 101 44 enjoy
359 843 59 34 the
436 842 92 44 right
546 848 36 29 to
600 854 21 23 a
640 843 127 44 speedy
785 842 68 36 and
872 843 117 43 public
1007 843 79 34 trial
1105 844 45 43 by
1168 843 174 43 impartial

129 891 91 44 jury.
249 920 6 6 .
284 919 5 7 .
318 892 30 34 .”
359 893 84 34 Ark.
454 893 90 34 Stat.
555 893 92 34 Ann.
661 892 17 43 §
692 894 128 33 22-737
833 892 115 44 (Repl.
964 893 105 42 1962)
1082 892 154 45 provides
1246 893 96 44 flatly

133 941 77 34 that
229 942 97 34 there
345 942 87 34 shall
451 942 43 34 be
513 952 44 24 no
572 942 81 44 jury
672 942 96 35 trials
787 943 34 34 in
841 942 188 44 municipal
1048 948 126 29 courts.
1195 943 65 34 We
1277 953 65 24 can

129 991 125 44 justify
267 997 59 29 not
339 991 199 44 permitting
547 991 81 44 jury
641 992 96 34 trials
750 992 34 35 in
797 992 187 44 municipal
998 998 115 29 courts
1126 993 147 34 because
1285 992 59 35 the

133 1041 92 42 right
245 1046 36 29 to
300 1052 20 24 a
340 1041 78 35 trial
439 1042 44 43 by
499 1041 81 44 jury
599 1053 81 32 may
700 1042 42 34 be
762 1042 173 35 exercised
955 1042 45 43 by
1019 1053 20 23 a
1060 1053 122 33 person
1201 1042 88 34 tried
1308 1042 35 34 in

133 1091 189 44 municipal
337 1096 98 30 court
449 1092 45 43 by
508 1091 141 44 lodging
664 1103 44 23 an
723 1091 123 45 appeal
861 1091 34 35 in
910 1092 59 34 the
983 1092 122 35 circuit
1120 1097 97 30 court
1231 1092 113 35 where

133 1141 60 34 the
209 1151 80 24 case
306 1141 67 34 will
390 1142 43 34 be
449 1141 89 35 tried
555 1141 44 34 de
615 1152 99 31 novo,
730 1142 85 35 Ark.
833 1141 89 35 Stat.
940 1143 93 33 Ann.
1053 1142 18 43 §
1090 1142 129 35 44-509
1240 1142 102 44 (Rep.

138 1190 118 43 1977),
274 1191 85 34 Ark.
376 1191 88 35 Stat.
482 1192 92 33 Ann.
594 1191 18 43 §
631 1193 129 33 22-707
780 1192 115 43 (Repl.
917 1191 118 43 1962),
1052 1192 68 34 and
1137 1203 20 24 a
1170 1192 80 43 jury
1266 1192 79 34 trial

135 1251 81 32 may
230 1240 43 34 be
287 1240 68 35 had
370 1252 37 23 as
421 1252 20 23 a
455 1246 128 29 matter
597 1241 39 34 of
647 1241 102 43 right,
763 1241 174 35 Johnston
949 1252 30 23 v.
997 1242 79 42 City
1090 1241 46 44 of
1140 1243 85 33 Pine
1237 1241 107 43 Bluff,

135 1290 67 33 258
213 1290 86 34 Ark.
311 1291 155 40 346, 525
477 1290 144 34 S.W.2d
631 1291 44 33 76
688 1290 137 43 (1975),
835 1291 114 34 unless
959 1291 26 34 it
994 1291 28 34 is
1032 1291 141 34 waived.
1183 1291 67 34 See
1259 1291 84 34 Ark.

135 1339 43 34 R.
200 1339 109 34 Crim.
331 1340 35 34 P.
390 1341 88 33 31.2.

226 1451 179 44 Although
418 1452 26 34 it
458 1452 27 34 is
499 1457 59 29 not
571 1462 209 25 uncommon
793 1457 36 30 to
842 1463 109 24 assess
964 1452 60 35 the
1036 1458 90 29 costs
1139 1453 39 34 of
1188 1452 157 35 criminal

135 1501 224 43 proceedings
372 1502 136 42 against
518 1512 67 24 one
597 1501 108 35 found
718 1502 120 44 guilty,
850 1501 69 35 and
933 1502 18 42 §
966 1503 130 34 44-509
1109 1502 152 44 requires
1273 1502 26 35 it
1311 1502 35 34 in

135 1550 60 34 the
204 1561 80 23 case
293 1550 40 35 of
339 1562 44 23 an
393 1551 123 44 appeal
526 1550 91 35 from
627 1551 189 44 municipal
827 1556 35 30 to
871 1551 122 34 circuit
1003 1557 109 35 court,
1124 1553 15 33 I
1149 1553 98 33 know
1257 1551 39 34 of
1302 1562 44 24 no

135 1599 65 34 law
215 1600 174 43 requiring
402 1611 20 24 a
436 1600 159 35 criminal
608 1600 191 35 defendant
812 1606 35 29 to
860 1611 67 33 pay
940 1611 20 24 a
974 1601 96 43 filing
1083 1601 56 34 fee
1151 1600 98 35 other
1262 1601 84 34 than

134 1650 86 34 Ark.
236 1649 89 35 Stat.
341 1651 90 34 Ann.
449 1650 18 43 §
488 1651 187 33 12-1710.2
691 1650 123 45 (Supp.
834 1650 103 43 1985)
954 1661 38 24 as
1006 1650 210 45 interpreted
1230 1650 44 44 by
1288 1650 59 35 the

135 1699 163 44 majority
315 1700 138 44 opinion
470 1701 34 34 in
521 1700 69 35 this
606 1711 90 24 case.
716 1701 38 34 In
771 1712 58 33 my
845 1700 95 42 view,
958 1701 124 44 appeal
1099 1706 35 30 to
1150 1701 59 35 the
1225 1701 122 35 circuit

134 1755 100 29 court
249 1750 45 44 by
308 1761 20 24 a
343 1750 158 36 criminal
515 1750 191 36 defendant
720 1751 139 43 seeking
874 1762 20 24 a
905 1751 81 44 jury
1000 1751 80 35 trial
1094 1751 122 36 should
1231 1756 59 30 not
1304 1751 43 35 be

135 1800 170 43 regarded
321 1812 37 23 as
374 1801 218 35 “initiation”
609 1801 39 34 of
661 1813 44 23 an
721 1802 114 34 action
851 1801 108 41 there,
975 1802 69 34 and
1060 1802 79 34 thus
1155 1802 84 35 Ark.
1256 1802 89 34 Stat.

136 1851 93 33 Ann.
247 1850 18 43 §
287 1852 186 33 12-1710.2
489 1850 125 44 (Supp.
635 1851 105 43 1985)
757 1851 123 35 should
895 1856 61 29 not
970 1852 114 43 apply.
1100 1852 75 34 The
1190 1852 114 34 action
1319 1852 28 34 is

137 1899 159 35 initiated
308 1900 34 34 in
354 1900 58 34 the
423 1900 188 43 municipal
622 1906 99 29 court
733 1901 44 43 by
788 1901 59 34 the
857 1905 100 29 state.
969 1902 51 33 As
1031 1901 114 34 stated
1156 1900 117 41 above,
1285 1912 62 23 our

136 1949 225 33 constitution
380 1950 151 42 requires
550 1949 59 34 the
627 1955 90 28 state
734 1955 36 28 to
787 1950 76 42 give
881 1950 59 33 the
958 1950 148 33 accused
1124 1961 20 23 a
1159 1950 80 43 jury
1257 1950 89 33 trial.

137 1997 114 34 When
262 1998 60 34 the
332 1998 147 34 accused
490 2003 126 29 asserts
627 1998 77 35 that
715 1998 92 44 right
817 1998 59 35 the
886 2003 90 30 state
986 2009 66 24 can
1063 1999 79 43 only
1153 1998 112 35 afford
1276 1999 26 34 it
1313 1999 34 34 in

136 2047 124 35 circuit
284 2052 108 30 court.
418 2048 65 35 We
507 2047 134 42 should,
666 2048 183 41 therefore,
874 2048 124 43 regard
1022 2048 59 35 the
1105 2048 122 35 circuit
1250 2053 98 30 court

136 2097 116 35 action
270 2108 37 24 as
324 2097 30 35 if
367 2109 44 23 no
427 2098 157 44 previous
601 2098 79 35 trial
697 2098 69 35 had
783 2098 175 41 occurred,
976 2098 174 35 Johnston
1165 2109 30 24 v.
1215 2099 78 43 City
1310 2098 46 44 of

135 2148 86 34 Pine
236 2147 106 44 Bluff,
359 2159 119 33 supra,
496 2148 68 34 and
580 2159 51 23 we
646 2148 123 35 should
785 2153 59 30 not
860 2148 132 44 impose
1007 2159 20 23 a
1044 2149 171 43 premium
1230 2159 44 23 on
1289 2148 60 35 the

137 2197 93 42 right
249 2202 36 29 to
306 2208 20 23 a
343 2197 79 44 jury
442 2197 90 35 trial.

229 2308 15 33 I
256 2308 113 34 would
381 2308 166 44 interpret
560 2308 18 42 §
596 2309 186 34 12-1710.2
794 2320 37 23 as
843 2313 60 29 not
914 2309 174 43 requiring
1100 2320 21 23 a
1132 2309 95 42 filing
1240 2308 64 35 fee.
1318 2308 35 35 If

137 2357 27 34 it
175 2363 128 29 cannot
315 2357 43 35 be
368 2369 37 23 so
417 2358 221 44 interpreted,
652 2359 15 33 I
678 2358 157 35 consider
847 2358 26 35 it
884 2363 36 29 to
932 2358 43 35 be
986 2369 45 24 an
1042 2358 307 35 unconstitutional

137 2407 198 44 imposition
348 2419 44 24 on
405 2408 59 35 the
477 2408 92 43 right
580 2413 36 30 to
628 2408 80 35 trial
721 2408 45 45 by
775 2409 81 43 jury
868 2408 35 35 in
916 2419 20 24 a
949 2408 159 35 criminal
1120 2408 228 45 prosecution.
