1649 2702
1256 279 65 34 203

156 423 134 34 Adrian
313 423 110 34 Bruce
441 422 206 35 TISDALE
667 433 28 23 v.
718 422 85 34 A.L.
826 421 278 41 LOCKHART,
1126 420 158 35 Director

115 500 130 34 85-219

1005 499 66 33 703
1094 496 142 35 S.W.2d
1258 497 65 34 849

444 575 170 44 Supreme
634 574 111 35 Court
765 574 38 35 of
820 574 178 35 Arkansas

358 625 150 44 Opinion
529 623 172 36 delivered
723 624 174 44 February
922 624 52 40 18,
999 625 87 34 1986

213 1422 202 45 Appellant,
436 1433 61 34 pro
517 1433 47 24 se.

214 1499 104 34 Steve
334 1498 119 42 Clark,
468 1499 99 43 Att’y
582 1498 101 41 Gen.,
698 1499 55 43 by:
772 1497 180 36 Theodore
965 1498 147 41 Holder,
1127 1499 93 33 Asst.
1236 1498 98 43 Att’y

123 1548 102 41 Gen.,
247 1548 53 35 for
320 1549 164 43 appellee.

215 1625 161 34 George
386 1626 99 34 Rose
494 1624 133 41 Smith,
637 1624 141 35 Justice.

790 1624 81 34 This
882 1624 27 34 is
919 1634 20 24 a
945 1634 69 33 pro
1021 1635 40 23 se
1069 1624 143 44 petition
1223 1623 44 43 by
1276 1624 58 34 the

123 1674 188 44 appellant,
335 1685 44 23 an
401 1675 131 34 inmate
554 1674 34 34 in
611 1674 59 34 the
693 1675 229 43 Department
944 1674 39 34 of
1003 1674 212 40 Correction,
1239 1673 52 35 for
1313 1685 20 23 a

119 1724 186 44 judgment
318 1724 176 43 declaring
507 1724 78 35 that
597 1724 60 34 the
671 1723 229 45 Department
913 1723 62 35 has
989 1723 219 43 erroneously
1221 1724 112 34 calcu-

124 1774 93 35 lated
231 1773 60 36 the
305 1773 137 36 earliest
454 1774 82 35 date
549 1784 44 24 on
607 1773 113 36 which
734 1774 59 34 the
805 1773 176 44 appellant
994 1774 68 34 will
1077 1773 42 34 be
1133 1773 136 43 eligible
1282 1773 53 34 for

124 1824 128 45 parole.
265 1824 75 34 The
352 1825 154 43 appellee
518 1824 28 34 is
558 1824 60 34 the
630 1823 159 36 Director
800 1823 39 35 of
848 1823 59 35 the
919 1823 239 45 Department.
1171 1823 74 34 The
1257 1823 79 34 trial

124 1879 100 29 court
233 1873 127 43 agreed
369 1874 82 34 with
460 1874 59 34 the
528 1875 241 42 Department.
780 1873 74 34 Our
860 1871 219 45 jurisdiction
1088 1873 28 34 is
1125 1878 167 38 pursuant
1301 1878 35 29 to

125 1923 91 34 Rule
237 1922 171 44 29(l)(c).
431 1923 64 34 We
515 1922 123 35 affirm.

218 1998 39 34 In
278 1999 88 33 1970
381 1998 139 35 Tisdale
535 2008 70 24 was
622 1998 184 34 sentenced
823 2003 35 29 to
874 1998 263 43 imprisonment
1152 1997 53 34 for
1221 1997 116 43 felony

125 2048 222 34 convictions.
362 2048 115 34 While
489 2058 44 24 on
547 2047 119 44 parole
679 2047 90 35 from
782 2047 77 34 that
871 2052 162 29 sentence
1046 2047 35 34 in
1098 2047 99 40 1972,
1211 2046 44 34 he
1267 2057 70 24 was

126 2097 180 35 convicted
317 2108 20 24 a
348 2097 125 35 second
484 2098 85 34 time
580 2097 69 34 and
660 2096 154 36 received
826 2108 19 23 a
857 2098 145 42 21-year
1012 2102 161 29 sentence
1183 2096 76 34 that
1269 2097 68 33 will

127 2148 117 44 expire
254 2158 44 24 on
309 2148 192 34 December
513 2147 146 41 8,1993.
672 2147 120 35 Under
802 2147 59 34 the
871 2146 82 35 laws
964 2147 82 35 then
1057 2147 34 34 in
1102 2146 103 35 effect
1216 2146 43 34 he
1268 2157 69 24 was

127 2198 139 43 eligible
278 2197 54 35 for
344 2198 118 43 parole
473 2197 91 35 after
576 2197 127 44 having
716 2197 118 35 served
847 2207 65 24 one
924 2196 93 35 third
1030 2196 39 35 of
1079 2196 76 35 that
1168 2201 170 36 sentence,

126 2248 84 34 with
230 2247 110 35 credit
360 2247 53 35 for
432 2247 89 44 good
541 2247 95 35 time.

220 2324 39 33 In
290 2324 86 34 1977
403 2324 59 34 the
487 2323 152 34 General
665 2323 184 43 Assembly
875 2322 150 43 adopted
1051 2323 69 33 Act
1146 2323 55 39 93,
1228 2322 112 34 which

128 2373 158 44 provides
302 2373 77 34 that
395 2383 139 34 persons
551 2372 77 34 who
644 2372 143 35 commit
804 2372 142 34 felonies
963 2372 91 35 after
1070 2371 100 44 April
1190 2372 29 39 1,
1240 2372 98 39 1977,

129 2422 69 35 and
208 2423 78 33 who
297 2433 59 23 are
366 2422 170 35 classified
547 2421 109 35 under
667 2422 59 34 the
736 2427 57 29 act
803 2432 37 24 as
851 2420 93 35 third
955 2421 184 40 offenders,
1150 2420 68 34 will
1228 2426 60 29 not
1298 2421 43 33 be
