1655 2684
309 407 53 34 for
387 407 116 43 public
529 406 235 41 intoxication,
791 406 176 34 Davidson
993 406 140 35 advised
1158 406 162 43 Simpson
1346 405 99 35 “that
1470 417 50 23 we

309 456 131 34 needed
461 461 35 29 to
518 461 57 37 get
596 456 51 34 his
669 456 130 34 clothes
821 455 68 35 and
911 456 81 33 take
1014 455 127 42 (them)
1165 461 35 29 to
1221 456 59 33 the
1301 455 107 34 crime
1428 456 90 34 lab.”

309 506 161 42 Simpson
492 505 68 34 had
582 505 59 34 the
661 505 176 43 appellant
858 505 134 42 change
1012 505 131 34 clothes
1164 505 69 34 and
1254 505 82 34 then
1356 515 86 32 gave
1462 505 59 34 the

308 555 205 43 appellant’s
533 554 130 34 clothes
683 560 35 28 to
739 554 174 34 Davidson
934 554 76 33 who
1030 554 68 34 had
1119 554 95 34 them
1234 553 191 35 examined.
1446 554 74 34 The

308 604 198 43 laboratory
523 603 234 35 examination
774 603 157 35 revealed
949 603 97 35 there
1062 615 70 23 was
1150 603 101 35 blood
1268 614 44 23 on
1329 603 58 34 the
1404 604 114 43 appel-

309 654 101 34 lant’s
420 654 98 34 boots
529 653 68 35 and
607 653 96 35 shirt.
714 654 75 34 The
798 653 102 35 blood
910 664 44 23 on
965 653 59 34 the
1033 654 98 34 boots
1142 664 69 24 was
1221 653 39 34 of
1266 653 59 34 the
1335 664 95 23 same
1439 659 81 38 type

308 715 38 23 as
363 704 76 34 that
455 703 39 34 of
507 703 58 34 the
581 703 168 35 decedent
765 703 185 42 according
966 708 35 28 to
1018 714 20 24 a
1054 703 208 43 serologist’s
1278 707 115 39 report
1409 703 110 34 which

308 764 70 24 was
399 752 203 35 introduced
623 752 34 35 in
678 753 171 34 evidence.

308 268 68 33 410

399 835 74 34 The
489 834 176 44 appellant
681 834 122 35 moved
819 839 35 30 to
869 834 87 34 have
972 834 45 34 all
1033 835 59 34 the
1107 835 101 34 items
1224 833 163 35 obtained
1403 834 34 35 in
1453 834 67 35 this

309 885 120 35 search
439 885 204 43 suppressed
653 896 44 23 on
706 885 59 34 the
774 884 91 35 basis
875 884 77 35 that
961 884 97 36 there
1067 895 69 24 was
1146 895 44 24 no
1199 884 166 45 probable
1374 895 103 24 cause
1486 889 35 30 to

308 940 109 30 arrest
445 935 71 34 him
544 934 52 35 for
623 935 117 44 public
765 934 225 35 intoxication
1017 935 68 34 and
1112 935 59 34 the
1197 934 121 35 search
1346 945 68 23 was
1442 935 78 34 thus

309 984 186 35 incidental
520 990 36 29 to
581 995 44 23 an
651 985 115 42 illegal
790 990 120 29 arrest.
936 984 75 34 The
1035 990 98 29 court
1157 984 124 35 denied
1306 984 59 34 the
1390 985 130 34 motion

308 1034 139 42 stating:

432 1114 74 34 The
520 1119 99 29 court
633 1114 68 34 will
717 1114 102 34 make
833 1125 20 23 a
868 1114 139 43 specific
1021 1114 131 43 finding
1167 1114 76 34 that
1258 1114 60 34 the
1331 1113 190 35 defendant

432 1175 70 23 was
512 1169 59 28 not
580 1163 210 35 intoxicated
800 1169 36 29 at
845 1163 59 35 the
913 1163 84 34 time
1006 1164 76 34 that
1091 1164 44 34 he
1143 1174 70 24 was
1223 1163 149 43 brought
1381 1163 72 35 into
1462 1163 59 35 the

432 1213 148 34 sheriffs
595 1213 109 41 office,
719 1213 76 34 that
810 1213 43 34 he
867 1213 144 34 became
1025 1212 210 35 intoxicated
1250 1218 36 28 at
1300 1213 59 33 the
1372 1212 148 35 sheriffs

432 1262 116 34 office.
577 1289 6 7 .
612 1289 5 7 .
629 1273 37 24 or
677 1268 36 29 at
723 1263 86 33 least
818 1262 98 34 there
925 1262 27 34 is
963 1262 165 43 probable
1137 1273 104 23 cause
1251 1262 53 34 for
1314 1262 76 34 that
1400 1267 119 29 arrest.

432 1312 91 34 That
536 1312 112 35 would
663 1312 186 35 constitute
861 1322 44 24 an
918 1311 214 44 intervening
1146 1312 131 34 offense
1290 1311 68 35 and
1371 1322 51 23 we
1434 1312 88 34 have

432 1362 185 43 testimony
631 1367 36 29 to
681 1367 142 38 support
837 1361 99 35 that.
964 1389 6 6 .
998 1389 6 6 .
1021 1367 117 38 strong
1153 1362 162 34 evidence
1328 1366 36 29 to
1378 1367 142 39 support

432 1411 76 34 that
526 1411 91 34 from
635 1412 59 34 the
710 1417 90 29 state
818 1411 110 44 police
945 1411 223 43 investigator
1186 1411 68 35 and
1272 1411 91 34 from
1381 1412 139 43 Deputy

433 1461 116 34 Rowe.

433 1592 14 34 I
458 1592 70 34 find
539 1592 76 34 that
625 1593 59 34 the
693 1597 109 30 arrest
811 1603 70 24 was
891 1591 102 35 made
1003 1593 82 34 with
1095 1592 166 44 probable
1270 1602 104 24 cause
1384 1592 68 35 and
1462 1592 59 35 the

432 1642 121 35 search
573 1653 70 24 was
663 1642 173 35 therefore
856 1647 168 39 pursuant
1044 1647 35 30 to
1099 1642 60 35 the
1179 1647 119 30 arrest.

531 1724 74 33 The
625 1723 155 45 problem
800 1724 82 34 here
901 1724 28 33 is
950 1723 154 35 whether
1124 1724 58 34 the
1201 1728 110 29 arrest
1331 1723 54 34 for
1404 1724 117 42 public

308 1773 224 34 intoxication
546 1783 70 23 was
631 1784 20 23 a
666 1778 133 38 pretext
813 1773 54 34 for
881 1772 209 44 conducting
1104 1773 59 34 the
1177 1773 121 34 search
1312 1772 39 34 of
1363 1783 20 23 a
1397 1783 122 32 person

307 1822 77 34 who
406 1833 70 23 was
500 1833 20 23 a
543 1827 138 38 suspect
704 1822 35 34 in
762 1833 20 23 a
806 1822 139 34 murder
969 1822 68 34 and
1061 1833 101 24 arson
1186 1822 250 42 investigation.
1461 1822 58 34 No

307 1871 141 34 distinct
465 1871 90 34 rules
572 1871 54 34 for
642 1871 152 43 defining
811 1882 20 23 a
849 1872 194 43 pretextual
1060 1877 109 29 arrest
1186 1872 87 33 have
1289 1871 87 34 been
1392 1872 126 34 articu­

308 1920 103 34 lated.
428 1921 139 33 Pretext
582 1926 93 29 must
690 1921 44 34 be
749 1932 20 23 a
785 1925 127 30 matter
928 1920 39 34 of
979 1921 59 34 the
1053 1921 170 42 arresting
1238 1921 144 34 officer’s
1398 1920 120 42 intent,

308 1970 68 34 and
389 1970 77 34 that
479 1974 93 30 must
585 1970 43 34 be
640 1970 215 34 determined
868 1970 45 43 by
926 1970 59 34 the
997 1970 269 35 circumstances
1279 1969 39 35 of
1327 1970 59 34 the
1399 1975 119 30 arrest.

307 2020 51 34 As
377 2020 59 34 the
455 2019 145 35 District
619 2019 39 35 of
674 2020 187 34 Columbia
881 2019 135 35 Circuit
1035 2020 111 35 Court
1164 2020 40 34 of
1219 2019 153 44 Appeals
1391 2020 75 35 said
1485 2020 35 34 in

308 2069 195 44 McKnight
521 2080 31 23 v.
576 2069 128 35 United
720 2070 132 40 States,
878 2070 62 33 183
964 2070 85 34 F.2d
1070 2071 67 33 977
1161 2069 103 43 (D.C.
1287 2069 70 34 Cir.
1383 2067 117 45 1950):

430 2150 75 35 The
520 2150 170 44 Supreme
707 2151 110 34 Court
833 2151 63 34 has
912 2150 209 45 specifically
1138 2151 79 34 held
1233 2151 77 34 that
1326 2151 67 34 “an
1410 2156 109 30 arrest

431 2211 81 33 may
534 2205 60 29 not
616 2200 43 35 be
680 2200 85 35 used
787 2211 37 24 as
848 2212 20 23 a
890 2205 135 39 pretext
1047 2206 35 29 to
1104 2201 121 34 search
1247 2200 54 35 for
1323 2200 195 35 evidence.”

434 2250 128 35 United
581 2251 122 34 States
725 2262 31 23 v.
780 2250 204 44 Lefkowitz,
1010 2251 66 34 285
1102 2251 84 34 U.S.
1211 2252 80 39 452,
1317 2249 136 44 (1932).
1479 2251 40 34 In

431 2300 189 44 upholding
633 2301 59 34 the
704 2301 121 34 search
839 2301 34 34 in
886 2300 59 35 the
958 2301 123 34 Harris
1093 2311 80 24 case
1186 2301 59 34 the
1257 2300 110 35 Court
1379 2300 140 44 pointed

431 2355 60 29 out
514 2350 77 34 that
613 2350 27 35 it
663 2362 70 23 was
756 2356 59 29 not
839 2350 44 34 “a
906 2361 80 23 case
1008 2350 35 35 in
1066 2351 112 34 which
1202 2350 318 35 law-enforcement

431 2400 133 33 officers
575 2399 87 35 have
672 2399 140 35 entered
823 2400 164 43 premises
998 2400 187 43 ostensibly
1195 2400 54 34 for
1259 2400 59 33 the
1328 2410 147 33 purpose
1484 2399 39 35 of
