1632 2696
98 427 89 34 have
207 432 59 29 not
287 426 199 34 considered
508 426 59 34 the
587 425 165 35 situation
773 436 74 23 now
868 424 193 44 presented.

1269 282 43 34 99

191 504 204 40 Elsewhere,
410 514 19 24 a
444 503 65 35 few
522 514 97 23 cases
633 503 87 34 have
733 502 112 35 arisen
858 502 35 34 in
906 502 123 40 which,
1044 513 37 23 as
1095 502 92 40 here,
1200 512 65 24 one
1277 512 38 23 or

99 565 97 23 more
215 559 146 29 trustees
382 554 86 33 have
488 553 86 34 been
595 553 100 42 given
714 552 59 34 the
792 552 249 43 discretionary
1061 562 113 33 power
1193 557 35 28 to
1248 551 66 34 dis­

99 604 131 34 tribute
256 609 89 29 trust
371 608 160 39 property
558 613 127 32 among
712 602 59 34 the
797 602 172 34 members
995 601 40 34 of
1058 612 20 23 a
1105 612 108 32 group
1239 601 77 34 that

100 653 155 34 includes
271 654 59 33 the
345 658 156 29 trustees.
518 653 75 33 The
607 657 116 29 courts
739 652 87 34 have
841 652 125 33 almost
981 651 192 43 invariably
1188 650 127 44 upheld

100 704 85 33 such
204 709 117 34 trusts,
341 703 61 34 but
421 703 87 33 have
526 702 104 34 taken
649 707 92 38 steps
759 701 221 44 appropriate
998 706 35 29 to
1051 701 60 34 the
1129 700 187 44 particular

100 764 81 23 case
192 758 35 29 to
239 752 100 35 avoid
350 752 142 34 adverse
503 752 123 34 results
639 751 90 34 from
740 751 59 34 the
809 751 139 34 conflict
959 750 39 34 of
1006 751 152 33 interest.
1172 751 39 33 In
1222 761 95 23 some

101 803 174 33 instances
286 802 59 34 the
355 801 283 44 superintending
648 806 99 29 court
758 801 62 34 has
831 800 210 35 substituted
1052 800 42 34 its
1105 810 76 24 own
1191 800 125 34 discre­

101 852 73 34 tion
188 852 53 34 for
255 852 76 34 that
344 851 38 35 of
392 852 59 34 the
463 856 140 29 trustee.
617 852 41 33 In
670 852 54 33 Re
736 850 195 43 Peabody’s
948 849 90 41 Will,
1053 851 67 32 277
1134 851 90 42 App.
1239 849 76 34 Div.

103 903 134 39 905,
249 902 47 34 98
300 901 130 35 N.Y.S.2d
441 902 69 33 614
522 900 139 43 (1950);
670 902 209 41 Armington
887 911 31 23 v.
929 901 135 42 Meyer,
1079 900 62 33 103
1154 900 163 39 R.I.211,

103 952 68 34 236
183 951 93 35 A.2d
288 952 68 34 450
370 950 137 44 (1967).
521 951 39 34 In
571 951 99 34 other
682 950 268 35 circumstances
962 950 59 34 the
1032 949 239 44 appointment
1282 949 39 34 of

103 1013 20 23 a
133 1007 173 29 cotrustee
316 1012 37 23 or
363 1012 19 24 a
393 1012 73 23 new
475 1006 131 29 trustee
616 1001 62 34 has
689 1001 86 34 been
785 1000 107 35 found
902 1005 35 29 to
947 1000 43 34 be
999 1010 134 34 proper.
1143 1001 135 42 Rogers
1286 1011 30 22 v.

103 1054 147 41 Rogers,
266 1053 60 33 111
340 1052 94 34 N.Y.
447 1052 133 40 228, 18
592 1052 90 33 N.E.
695 1051 67 34 636
775 1050 137 43 (1888);
922 1052 125 32 Estate
1057 1049 46 44 of
1104 1051 135 42 Kagan,
1254 1050 62 34 118

104 1102 153 34 Misc.2d
283 1102 98 40 1084,
402 1102 68 34 462
491 1101 184 34 N.Y.S.2d
700 1102 62 33 128
787 1100 136 43 (1983).

336 1180 49 33 As
395 1179 28 34 is
432 1179 129 43 always
570 1178 60 35 the
639 1178 74 35 rule
722 1178 34 34 in
765 1178 59 34 the
833 1177 264 44 interpretation
1106 1177 39 35 of
1151 1188 20 24 a
1181 1177 78 41 will,
1269 1188 51 23 we

104 1234 94 29 must
210 1229 30 34 if
248 1229 149 43 possible
407 1229 76 43 give
494 1229 105 34 effect
610 1234 36 29 to
658 1228 59 35 the
729 1228 167 34 intention
909 1228 39 34 of
956 1228 60 34 the
1027 1228 169 34 testatrix.
1209 1228 31 33 It
1251 1227 68 34 will

105 1284 59 29 not
180 1279 45 34 do
242 1279 52 34 for
311 1290 39 23 us
366 1284 35 29 to
417 1278 106 44 adopt
539 1278 110 34 either
665 1278 39 34 of
717 1278 59 34 the
791 1289 137 23 courses
944 1278 127 34 chosen
1088 1278 35 33 in
1138 1278 59 33 the
1213 1277 108 34 above

104 1339 109 29 cases,
225 1328 192 43 displacing
429 1328 59 34 the
499 1333 159 35 trustees,
671 1328 54 34 for
736 1328 82 34 here
830 1328 87 34 Mrs.
931 1328 89 33 Deal
1032 1327 289 44 unquestionably

105 1384 119 28 meant
237 1383 36 29 to
286 1378 86 34 have
385 1378 59 34 the
456 1378 128 34 benefit
597 1377 39 35 of
646 1378 61 34 her
720 1377 198 44 daughters’
933 1377 75 35 best
1017 1377 186 43 judgment
1215 1377 34 34 in
1262 1377 59 34 the

105 1433 139 29 matter.
261 1429 65 33 For
339 1428 58 34 the
411 1439 96 23 same
521 1438 122 24 reason
657 1439 52 23 we
722 1428 106 43 reject
842 1438 19 24 a
876 1427 198 43 suggestion
1088 1427 103 34 made
1205 1427 44 43 by
1263 1427 59 34 the

105 1478 206 43 appellants,
332 1478 76 34 that
428 1478 59 34 the
507 1478 138 34 articles
665 1478 43 34 be
728 1477 73 35 sold
821 1477 69 35 and
910 1477 59 34 the
989 1477 164 44 proceeds
1173 1476 147 35 divided.

105 1528 93 34 That
215 1533 71 28 sort
303 1527 39 34 of
355 1527 202 44 disposition
575 1527 27 34 is
620 1527 136 43 exactly
772 1527 93 34 what
882 1527 59 34 the
957 1527 160 34 testatrix
1133 1526 136 34 wanted
1286 1531 36 29 to

105 1577 112 34 avoid.

292 1654 57 34 On
368 1654 59 34 the
446 1654 99 34 other
565 1653 105 41 hand,
691 1654 88 34 Mrs.
800 1653 88 35 Deal
908 1653 59 34 did
987 1658 60 29 not
1067 1664 102 23 mean
1189 1652 53 35 for
1262 1653 61 34 her

106 1704 190 44 daughters
321 1710 35 29 to
380 1704 81 35 take
485 1704 46 35 all
555 1704 60 35 the
639 1704 137 35 articles
801 1704 204 34 themselves
1030 1714 38 24 or
1092 1708 36 30 to
1152 1703 102 35 make
1278 1714 45 23 an

107 1755 173 43 arbitrary
292 1754 231 41 distribution,
536 1754 53 35 for
601 1755 61 34 she
673 1754 165 44 expected
850 1754 59 35 the
919 1753 145 35 division
1076 1759 36 29 to
1123 1754 43 34 be
1177 1754 145 43 “appro­

107 1805 123 44 priate,
255 1805 77 41 fair,
352 1805 72 43 just
447 1804 69 35 and
539 1805 210 43 equitable.”
774 1805 65 34 We
860 1804 100 34 think
982 1804 60 34 the
1064 1809 90 29 most
1176 1804 148 34 sensible

108 1855 149 34 solution
279 1855 27 34 is
329 1855 52 34 for
402 1855 59 34 the
482 1855 173 43 appellees
676 1860 36 29 to
733 1860 62 38 put
815 1854 100 35 down
937 1854 34 34 in
993 1854 147 43 writing,
1162 1854 119 34 within
1303 1865 20 23 a

108 1905 204 34 reasonable
328 1905 84 34 time
428 1910 36 29 to
480 1905 44 34 be
540 1904 90 35 fixed
648 1905 45 43 by
709 1904 60 34 the
784 1904 79 34 trial
876 1904 109 43 judge
1001 1904 31 34 if
1045 1914 192 33 necessary,
1251 1904 72 42 just

107 1954 95 33 what
213 1954 137 33 articles
362 1954 81 42 they
454 1964 146 32 propose
610 1959 36 28 to
658 1953 117 34 award
786 1959 35 28 to
832 1954 86 33 each
930 1953 39 34 of
977 1953 59 34 the
1047 1953 79 33 four
1137 1953 100 33 heirs.
1249 1953 75 33 The

107 2003 195 42 appellants
323 2007 91 29 must
434 2003 83 33 then
537 2002 42 34 be
598 2002 100 42 given
719 2013 44 23 an
782 2002 223 43 opportunity
1023 2007 36 28 to
1079 2007 137 38 present
1235 2001 89 34 their

107 2051 141 44 specific
259 2051 201 44 objections,
472 2051 83 35 with
568 2051 59 35 the
638 2051 113 44 points
764 2051 39 34 of
811 2051 255 43 disagreement
1078 2056 35 29 to
1125 2051 43 34 be
1179 2050 143 35 submit­

108 2101 58 35 ted
179 2107 36 29 to
227 2102 60 34 the
299 2102 144 44 probate
454 2107 99 29 court
566 2101 29 35 if
604 2102 60 34 the
676 2101 157 35 brothers
845 2101 69 35 and
926 2101 117 35 sisters
1056 2112 59 24 are
1127 2106 60 29 not
1199 2101 78 34 able
1289 2105 35 30 to

108 2152 105 35 reach
231 2163 44 23 an
293 2157 209 38 agreement.
522 2153 65 33 We
604 2152 127 34 realize
747 2152 77 34 that
841 2152 46 34 all
904 2151 78 35 four
1000 2163 59 23 are
1076 2151 248 41 nonresidents,

109 2202 105 43 living
237 2202 35 34 in
295 2202 78 34 four
395 2202 98 34 other
517 2207 117 35 states,
659 2202 62 34 but
743 2202 77 34 that
843 2202 27 34 is
894 2213 20 23 a
937 2202 169 43 difficulty
1129 2201 81 43 they
1233 2206 92 29 must

108 2262 192 24 overcome.

341 2328 74 35 The
425 2328 68 34 will
504 2328 127 35 directs
641 2328 60 34 the
711 2333 146 29 trustees
868 2333 36 29 to
914 2328 88 34 have
1013 2327 91 35 “due
1114 2327 146 43 regard”
1272 2327 53 34 for

110 2390 68 32 any
196 2378 226 35 memoranda
440 2379 59 34 the
517 2378 159 35 testatrix
693 2389 81 33 may
792 2378 96 34 leave
905 2378 190 43 indicating
1114 2378 60 34 her
1192 2377 132 34 wishes.

109 2429 93 34 That
223 2429 173 43 language
416 2429 28 34 is
466 2434 59 29 not
546 2428 219 44 mandatory,
787 2428 62 35 but
870 2428 61 34 her
952 2428 122 34 wishes
1096 2427 123 35 should
1240 2427 87 34 have
