1640 2688
300 405 192 43 attorney.”
513 405 73 34 The
607 404 173 43 following
800 404 82 34 then
903 404 81 34 took
1004 404 108 43 place:

301 268 67 33 242

425 483 120 34 Court:
561 482 101 41 Now,
678 482 70 34 Mr.
764 481 163 44 Philyaw,
942 481 153 34 whether
1110 491 66 33 you
1189 500 49 4 —
1252 480 14 34 I
1281 491 138 23 assume
1433 480 76 34 that

423 543 66 33 you
501 532 97 35 knew
609 543 38 24 or
658 532 98 35 know
767 532 76 35 that
854 531 30 35 if
891 542 44 24 an
947 536 157 39 attorney
1116 531 27 34 is
1153 541 86 24 once
1250 530 34 35 in
1295 541 20 24 a
1326 541 90 30 case,
1428 530 81 44 they

423 588 126 29 cannot
560 582 42 35 be
612 582 146 35 relieved
769 582 113 35 unless
892 582 89 34 done
991 592 36 24 so
1037 581 45 44 by
1092 581 59 35 the
1156 581 118 43 judge,
1286 580 68 35 and
1365 580 30 35 if
1402 581 51 34 his
1462 601 48 4 —

423 644 69 23 was
503 643 44 24 on
559 632 58 35 the
628 632 155 43 strength
794 632 40 34 of
841 632 93 34 what
945 642 67 33 you
1023 631 74 35 said
1109 637 35 28 to
1155 642 66 30 me,
1235 632 14 33 I
1261 631 167 43 certainly
1439 642 69 23 was

423 687 59 29 not
498 682 95 43 privy
608 682 68 34 and
693 682 86 34 have
794 692 44 23 no
854 681 154 34 business
1024 681 39 34 of
1075 681 159 42 knowing
1250 681 92 34 what
1357 691 67 32 you
1440 680 68 34 and

422 742 85 33 your
525 731 187 44 attorney’s
731 731 253 34 conversations
1003 742 98 23 were.
1122 731 70 33 Mr.
1213 730 217 35 Harrelson’s
1449 735 60 29 not

423 781 81 34 here
523 786 35 29 to
578 781 76 43 give
674 781 52 34 his
745 781 133 34 version
899 780 39 35 of
955 780 59 35 the
1034 785 126 29 matter
1180 791 86 23 now.

422 935 208 44 Defendant:
653 935 92 35 —he
767 935 85 44 quit.
878 936 14 33 I
916 934 58 35 did
998 940 59 29 not
1080 935 123 34 relieve
1226 934 72 34 him
1322 934 148 34 because
1494 934 14 34 I

422 985 136 36 wanted
570 996 20 23 a
602 985 161 34 different
774 996 65 23 one
850 996 38 23 or
899 990 36 29 to
946 985 102 34 make
1059 984 165 44 hardship
1235 995 44 23 on
1291 984 59 34 the
1361 989 98 29 court
1471 995 37 23 or

422 1035 177 42 anything.

421 1187 208 44 Defendant:
653 1189 55 33 He
727 1198 69 24 was
817 1187 146 35 relieved
984 1186 68 35 and
1074 1188 14 33 I
1109 1186 126 44 agreed
1255 1192 36 29 to
1311 1187 36 34 it.

424 1266 120 34 Court:
553 1266 64 33 —I
627 1265 95 34 don’t
732 1265 109 40 know,
852 1264 69 35 and
931 1275 67 33 you
1008 1276 81 32 may
1098 1265 102 34 make
1209 1275 85 33 your
1304 1264 131 41 record,
1446 1264 62 34 but

423 1316 14 33 I
459 1315 80 43 plan
559 1326 44 23 on
624 1315 113 43 trying
758 1315 68 34 this
846 1325 80 24 case
947 1314 229 44 Wednesday.
1199 1315 15 33 I
1235 1314 68 34 will
1325 1314 141 43 appoint
1487 1325 20 23 a

422 1365 126 42 lawyer
562 1370 35 29 to
611 1364 43 34 sit
669 1364 82 34 with
765 1375 67 33 you
847 1369 36 29 to
897 1375 132 23 answer
1043 1375 68 32 any
1125 1364 174 43 questions
1314 1364 112 34 which
1440 1374 67 33 you

422 1425 80 32 may
523 1414 72 40 ask,
617 1414 61 34 but
699 1419 60 29 not
779 1419 35 29 to
835 1419 176 38 represent
1031 1424 77 33 you.
1131 1414 79 33 You
1231 1424 81 33 may
1332 1418 176 39 represent

421 1463 161 44 yourself,
603 1463 56 35 sir.

421 1540 208 44 Defendant:
649 1540 66 41 Sir,
736 1541 14 34 I
769 1540 95 35 don’t
883 1540 99 34 know
1001 1540 167 43 anything
1186 1540 107 34 about
1311 1545 196 29 courtroom

421 1590 205 43 procedures
647 1600 37 24 or
704 1590 177 43 anything.

424 1668 119 34 Court:
559 1667 100 40 Well,
673 1667 68 34 this
754 1677 79 24 case
845 1678 70 23 was
929 1672 51 29 set
993 1666 54 35 for
1060 1667 67 34 last
1139 1667 96 33 week
1247 1672 35 28 to
1296 1671 64 38 try,
1375 1666 68 34 and
1456 1677 52 23 we

422 1716 69 34 had
511 1727 20 23 a
548 1716 80 43 jury
648 1717 81 33 here
749 1716 67 34 and
836 1727 52 23 we
907 1727 89 23 were
1016 1716 106 43 ready
1142 1721 35 29 to
1197 1716 44 34 do
1261 1716 36 34 it.

420 1868 81 34 And
513 1873 36 30 at
560 1868 76 35 that
647 1868 94 41 time,
753 1879 67 33 you
831 1868 72 35 told
915 1880 57 23 me
982 1879 67 33 you
1060 1868 101 35 could
1172 1868 87 35 have
1270 1879 20 24 a
1301 1869 126 43 lawyer
1438 1868 34 34 in
1485 1879 20 24 a

420 1918 104 35 week.
534 1918 120 44 Today
663 1918 28 34 is
700 1918 59 35 the
767 1918 66 35 end
842 1918 40 35 of
887 1918 77 35 that
972 1919 105 34 week.
1088 1919 26 40 I,
1124 1923 36 30 at
1169 1918 75 35 that
1253 1918 94 41 time,
1357 1918 72 34 told
1438 1929 67 33 you

420 1968 76 34 that
512 1968 67 34 this
595 1979 80 24 case
690 1968 112 34 would
819 1968 43 34 be
877 1968 89 34 tried
982 1979 44 23 on
1042 1968 59 34 the
1121 1968 90 34 13th.
1229 1969 15 33 I
1261 1968 80 44 plan
1357 1973 36 30 to
1409 1968 43 34 be
1467 1979 38 23 as

419 2017 89 43 good
525 2028 37 24 as
579 2029 58 32 my
652 2017 104 35 word.
774 2018 79 34 You
869 2028 66 24 can
951 2023 175 38 represent
1142 2017 153 44 yourself
1310 2045 6 7 .
1344 2045 7 7 .
1379 2045 6 7 .
1403 2018 101 40 Now,

420 2077 84 33 your
521 2067 120 35 cohort
657 2067 89 35 tried
762 2067 67 35 this
847 2078 79 24 over
945 2095 75 7 ...
1039 2068 34 34 in
1091 2068 118 34 Miller
1226 2067 149 44 County,
1393 2067 69 35 and
1479 2067 26 34 it

419 2116 111 35 didn’t
549 2117 94 34 work
662 2117 107 41 there;
791 2117 55 35 it’s
866 2122 60 29 not
945 2117 103 43 going
1068 2122 36 29 to
1123 2118 94 34 work
1236 2117 91 34 here.

419 2194 209 44 Defendant:
645 2195 14 34 I
675 2194 130 35 believe
819 2205 85 33 your
919 2195 121 33 Honor
1054 2194 27 34 is
1096 2205 116 32 wrong
1227 2194 106 35 there:
1350 2195 56 33 He
1420 2194 85 34 fired

420 2244 52 34 his
493 2249 168 39 attorney;
683 2245 15 33 I
718 2244 59 35 did
797 2249 70 30 not.

420 2398 112 35 When
548 2409 44 24 an
607 2404 159 38 attorney
781 2399 76 34 tells
872 2410 56 23 me
943 2399 103 34 “You
1061 2410 73 23 owe
1147 2410 57 23 me
1218 2409 134 33 money.
1369 2399 54 34 Do
1438 2409 68 33 you
