1676 2703
155 403 59 35 the
235 404 155 43 problem
410 409 36 29 at
466 404 100 35 issue:

1300 264 66 33 309

280 479 89 34 “We
382 487 59 26 are
455 484 58 29 not
527 479 219 44 overlooking
761 480 58 34 the
833 485 183 37 argument
1030 480 77 34 that
1120 480 59 34 the
1192 479 175 35 Adminis-

279 528 137 35 trator’s
446 529 115 34 action
591 529 53 34 for
673 529 169 43 wrongful
872 528 105 35 death
1007 529 28 35 is
1064 534 35 29 to
1129 540 95 24 some
1252 535 116 29 extent

280 578 196 41 derivative,
492 578 34 35 in
542 579 77 34 that
634 578 26 35 it
674 590 81 32 may
770 579 43 35 be
827 578 240 44 extinguished
1083 579 109 34 either
1207 580 45 43 by
1266 591 20 23 a
1301 579 68 34 suit

280 628 54 34 for
347 628 157 44 personal
517 628 141 43 injuries
672 628 203 44 prosecuted
888 629 45 43 by
946 629 59 34 the
1017 628 135 44 injured
1165 640 122 33 person
1300 634 36 29 to
1349 640 19 23 a

280 678 81 34 final
368 677 185 45 judgment
563 678 124 43 during
698 679 52 34 his
761 678 162 36 lifetime.
952 706 6 7 .
986 706 7 7 .
1004 689 38 24 or
1052 678 45 44 by
1107 678 59 35 the
1176 679 147 42 running
1333 678 39 35 of

280 728 193 44 applicable
492 733 131 30 statute
641 728 40 35 of
697 729 202 35 limitations
918 728 125 44 during
1062 728 59 35 the
1140 729 134 43 injured
1294 739 74 33 per-

280 779 91 33 son’s
390 777 147 35 lifetime
563 806 7 7 .
598 806 6 7 .

341 853 65 33 We
421 852 81 34 hold
518 853 78 34 that
611 853 60 34 the
687 853 178 35 reduction
882 858 35 29 to
933 853 83 35 final
1028 853 185 44 judgment
1229 854 39 34 of
1281 854 88 34 Mrs.

157 902 256 43 Huchingson’s
424 902 104 34 claim
538 902 54 35 for
602 902 117 44 bodily
728 903 140 43 injuries
879 903 234 43 extinguishes
1123 914 68 33 any
1200 903 170 43 wrongful

156 951 106 35 death
281 952 104 35 claim
404 952 45 43 by
468 952 61 34 her
548 957 81 30 next
648 952 40 34 of
704 953 58 34 kin
782 953 76 35 that
877 953 61 34 her
957 953 117 44 bodily
1093 953 141 43 injuries
1253 953 115 35 subse­

156 1002 143 43 quently
319 1001 127 36 caused
466 1002 61 34 her
548 1002 117 41 death,
686 1002 69 35 and
774 1003 60 35 the
854 1003 115 34 action
990 1003 38 35 of
1045 1003 60 35 the
1125 1004 79 34 trial
1224 1008 98 30 court
1342 1003 28 35 is

157 1051 168 35 affirmed.

248 1126 179 35 Affirmed.

249 1202 119 41 Holt,
390 1201 86 41 C.J.,
497 1201 69 35 and
587 1203 160 40 Purtle,
768 1203 42 40 J.,
831 1207 60 30 not
911 1202 256 45 participating.

277 1476 116 35 Willie
413 1476 81 35 Earl
515 1477 261 35 CAMPBELL
796 1489 28 23 v.
846 1477 153 35 STATE
1018 1478 40 35 of
1074 1478 179 35 Arkansas

157 1550 66 35 CR
245 1552 130 33 85-172

1051 1554 66 33 705
1139 1553 143 35 S.W.2d
1302 1553 69 34 422

486 1626 171 43 Supreme
677 1626 110 35 Court
807 1626 39 35 of
862 1627 179 34 Arkansas

434 1675 153 43 Opinion
607 1675 172 35 delivered
800 1676 127 34 March
949 1678 31 38 3,
1005 1677 89 33 1986
