1640 2688
303 417 86 34 until
412 417 64 34 five
498 428 98 32 years
619 417 90 34 after
732 417 30 34 C
785 418 41 33 M
849 417 69 34 had
941 417 80 43 paid
1045 417 102 43 Hyde
1169 417 34 34 in
1225 417 74 34 full.
1323 417 110 34 Given
1455 417 60 34 the

302 466 185 35 contract’s
505 466 169 44 provision
692 466 77 34 that
786 466 30 34 C
835 467 40 33 M
893 466 112 34 would
1023 471 60 29 not
1100 466 43 34 be
1159 466 144 35 allowed
1320 472 35 28 to
1373 476 66 34 pay
1456 466 59 35 the

302 516 82 35 debt
405 516 206 44 completely
633 516 86 34 until
742 516 93 43 eight
857 526 98 33 years
977 516 90 34 after
1088 516 141 43 closing,
1251 516 59 34 the
1331 516 183 34 minimum

302 566 161 35 duration
475 566 38 35 of
521 566 59 35 the
591 571 168 30 covenant
770 577 70 23 was
851 566 149 35 thirteen
1011 576 109 34 years.
1133 567 50 33 As
1194 565 64 35 full
1269 571 164 39 payment
1445 577 69 23 was

303 616 158 45 required
473 616 118 35 within
602 622 57 29 ten
671 627 109 33 years,
792 616 59 35 the
861 621 168 30 covenant
1040 616 68 35 had
1120 627 20 24 a
1151 616 192 35 maximum
1353 616 161 35 duration

302 667 39 35 of
348 667 119 35 fifteen
478 678 109 33 years.
600 668 31 34 It
641 667 80 35 thus
731 678 69 24 was
812 667 119 35 within
942 666 58 36 the
1011 678 113 33 power
1134 667 39 35 of
1181 667 30 34 C
1223 668 40 33 M
1275 672 35 30 to
1321 666 124 36 extend
1456 667 59 35 the

302 717 161 35 duration
477 717 39 35 of
526 718 59 34 the
597 723 179 36 covenant,
791 728 37 24 as
843 718 25 34 it
881 717 59 35 did
954 718 34 34 in
1002 718 67 34 this
1083 728 90 31 case,
1187 718 45 43 by
1245 723 67 29 two
1325 729 109 32 years.
1450 718 65 34 We

303 773 79 29 note
393 768 76 34 that
481 778 37 24 as
530 768 58 34 the
599 773 169 29 covenant
778 778 70 24 was
860 768 134 34 mutual
1006 768 34 33 in
1052 773 133 35 nature,
1198 768 59 34 the
1268 768 176 34 extension
1456 773 59 29 not

302 817 80 42 only
400 827 86 32 gave
505 817 31 33 C
556 817 41 34 M
617 816 190 35 additional
827 817 191 43 protection
1037 817 83 34 with
1139 822 133 38 respect
1291 822 35 29 to
1345 817 81 34 food
1446 817 68 34 and

303 866 168 42 beverage
479 866 159 42 vending,
648 866 62 34 but
719 866 26 34 it
754 866 169 34 extended
933 866 59 34 the
1001 866 190 43 protection
1201 866 157 34 afforded
1367 871 35 29 to
1413 866 102 43 Hyde

302 915 82 34 with
406 920 132 39 respect
559 921 35 28 to
614 915 111 34 music
745 915 68 34 and
833 915 168 43 cigarette
1019 915 159 43 vending.

303 279 67 33 222

526 1002 33 33 A
575 1006 156 29 contract
748 1001 34 34 in
799 1001 162 34 restraint
976 1000 39 35 of
1029 1000 109 42 trade,
1155 1000 84 35 such
1256 1012 37 23 as
1310 1012 20 23 a
1347 1006 168 29 covenant

303 1056 58 29 not
370 1056 36 29 to
414 1056 168 38 compete,
593 1051 27 34 is
630 1056 59 29 not
698 1050 128 35 invalid
835 1050 30 34 if
870 1051 27 33 it
905 1050 28 34 is
942 1051 203 34 reasonable
1153 1051 82 34 with
1244 1056 134 38 respect
1386 1056 36 29 to
1430 1051 85 34 time

302 1100 68 34 and
386 1101 107 42 place.
509 1100 126 35 Bloom
648 1111 30 23 v.
693 1102 117 32 Home
823 1102 189 32 Insurance
1025 1102 151 41 Agency,
1191 1101 40 33 91
1250 1101 85 33 Ark.
1352 1101 78 40 367,
1450 1102 60 32 121

302 1149 94 34 S.W.
409 1150 65 34 293
489 1149 137 43 (1909);
641 1149 191 35 Webster v.
848 1149 183 41 Williams,
1043 1150 45 33 62
1097 1150 85 33 Ark.
1198 1149 236 41 101, 34 S.W.
1447 1151 66 33 537

304 1198 137 43 (1896).
465 1199 74 34 The
561 1199 280 34 reasonableness
864 1198 40 35 of
922 1199 161 34 duration
1105 1199 40 34 of
1164 1210 20 24 a
1207 1204 168 29 covenant
1397 1204 60 29 not
1479 1205 36 28 to

301 1254 159 38 compete
477 1248 90 35 after
585 1249 72 34 sale
674 1248 40 35 of
729 1260 19 23 a
767 1249 155 34 business
940 1248 27 35 is
986 1254 35 29 to
1039 1249 43 34 be
1095 1249 132 43 judged
1245 1249 35 34 in
1298 1249 59 34 the
1374 1249 87 43 light
1478 1249 40 34 of

302 1299 273 43 accompanying
593 1299 279 34 circumstances.
891 1298 170 35 Madison
1077 1298 102 35 Bank
1198 1300 31 33 &
1253 1301 104 32 Trust
1372 1310 31 23 v.
1421 1300 93 33 First

301 1348 173 35 National
492 1349 100 34 Bank
611 1349 46 44 of
668 1349 212 41 Huntsville,
901 1350 68 33 276
989 1349 85 34 Ark.
1095 1350 79 40 405,
1195 1350 66 34 635
1282 1349 143 35 S.W.2d
1446 1350 66 34 268

304 1398 137 44 (1982).
456 1400 83 34 This
554 1405 98 29 court
666 1400 62 34 has
743 1399 128 45 upheld
886 1400 84 34 such
984 1405 186 29 covenants
1184 1400 126 43 lasting
1324 1400 65 34 five
1403 1411 110 33 years,

301 1449 151 35 Bledsoe
465 1461 31 23 v.
515 1451 201 42 Carpenter,
737 1451 65 33 160
818 1450 85 34 Ark.
922 1451 78 39 349,
1018 1451 68 33 254
1102 1450 95 34 S.W.
1215 1451 67 33 677
1301 1450 138 42 (1923);
1456 1455 58 29 ten

301 1509 110 33 years,
440 1499 170 34 Madison
638 1499 101 34 Bank
770 1501 30 32 &
836 1501 104 32 Trust
966 1510 31 23 v.
1026 1501 94 32 First
1147 1499 174 34 National
1347 1499 102 34 Bank
1476 1499 46 43 of

301 1548 210 39 Huntsville,
527 1559 120 32 supra;
662 1553 128 38 twenty
803 1559 111 32 years,
927 1548 136 34 Robins
1075 1559 31 23 v.
1120 1548 115 40 Plant,
1255 1549 64 33 174
1333 1549 84 33 Ark.
1434 1549 79 39 639,

302 1598 66 33 297
398 1597 94 34 S.W.
526 1598 86 33 1027
644 1596 137 43 (1927);
810 1597 69 34 and
907 1597 144 34 without
1079 1597 85 34 time
1191 1597 100 41 limit,
1324 1597 131 43 Wright
1481 1608 31 23 v.

301 1646 191 40 Marshall,
519 1647 63 33 182
603 1646 84 34 Ark.
711 1647 78 40 890,
813 1647 42 33 33
877 1646 144 34 S.W.2d
1041 1647 43 33 43
1109 1646 138 43 (1930);
1268 1646 194 35 Hultsman
1481 1657 30 23 v.

303 1695 150 41 Carroll,
473 1697 62 33 177
550 1696 85 34 Ark.
651 1696 79 41 432,
745 1696 20 34 6
779 1695 145 35 S.W.2d
939 1697 62 33 551
1021 1695 138 44 (1928).
1175 1696 115 34 While
1303 1696 59 34 the
1375 1696 90 34 issue
1479 1696 34 34 in

306 1745 131 43 Wright
452 1757 30 23 v.
500 1745 189 40 Marshall,
707 1756 120 33 supra,
844 1756 69 24 was
931 1746 204 43 apparently
1150 1751 60 29 not
1226 1746 59 34 the
1300 1745 160 35 duration
1477 1746 40 34 of

301 1795 59 34 the
379 1800 179 35 covenant,
579 1806 51 23 we
650 1795 128 34 recited
798 1795 60 34 the
878 1795 152 35 familiar
1051 1795 74 35 rule
1144 1795 87 35 that:

429 1880 116 43 [s]uch
562 1886 173 29 contracts
753 1891 59 24 are
829 1881 163 34 intended
1010 1886 35 29 to
1062 1889 120 26 secure
1198 1886 36 30 to
1251 1881 59 34 the
1326 1881 187 44 purchaser

424 1930 59 35 the
492 1930 88 44 good
590 1930 67 35 will
667 1930 39 35 of
712 1930 59 35 the
781 1931 167 40 business;
958 1930 79 42 and,
1048 1942 37 23 as
1096 1942 20 23 a
1125 1936 182 39 guaranty,
1318 1931 59 34 the
1384 1931 129 35 vendor

424 1991 119 33 agrees
563 1986 59 29 not
640 1986 36 29 to
695 1991 133 33 engage
845 1981 35 34 in
900 1981 68 34 like
986 1981 156 34 business
1161 1986 36 30 at
1216 1981 76 34 that
1310 1981 108 44 place.
1438 1981 74 35 The

424 2036 115 29 courts
551 2031 179 43 recognize
741 2031 76 34 that
828 2031 35 34 in
874 2031 85 34 such
969 2041 96 24 cases
1077 2031 59 34 the
1145 2031 128 34 vendor
1283 2031 62 35 has
1356 2031 156 35 received

424 2091 44 24 an
479 2080 195 45 equivalent
683 2086 36 29 to
729 2080 137 35 abstain
876 2081 91 34 from
977 2081 155 35 business
1142 2086 37 30 at
1188 2081 59 34 the
1255 2081 99 44 place
1362 2081 114 35 where
1485 2081 27 35 it

424 2141 69 24 was
505 2130 164 45 formerly
679 2130 204 35 conducted.
899 2131 83 43 [182
992 2131 85 34 Ark.
1089 2136 37 30 at
1137 2132 218 40 891-892, 33
1368 2131 143 35 S.W.2d

424 2186 36 29 at
480 2181 71 43 44.]

483 2266 75 34 The
569 2266 80 44 only
661 2277 97 23 cases
770 2266 91 34 cited
874 2266 46 43 by
931 2266 60 34 the
1003 2266 176 44 appellant
1191 2266 34 34 in
1237 2266 112 35 which
1362 2277 51 23 we
1425 2266 88 35 have

300 2315 138 35 refused
454 2321 36 29 to
506 2315 129 45 uphold
651 2321 185 29 covenants
854 2321 59 29 not
929 2321 36 29 to
980 2321 158 39 compete
1154 2316 87 34 have
1256 2316 87 34 been
1360 2316 151 44 employ­

300 2370 95 30 ment
422 2371 173 29 contracts
622 2371 36 29 to
685 2366 112 34 which
823 2377 51 23 we
901 2366 104 44 apply
1031 2377 21 23 a
1079 2366 135 34 stricter
1240 2365 176 35 standard.
1443 2366 69 34 See

300 2415 169 35 Madison
485 2415 102 35 Bank
607 2417 30 33 &
661 2417 103 33 Trust
780 2426 31 24 v.
829 2417 93 33 First
938 2415 173 35 National
1126 2415 102 35 Bank
1244 2415 46 44 of
1298 2415 212 40 Hunstville,
