1664 2697
264 399 38 24 or
322 388 189 35 additional
533 389 234 43 punishment;
788 388 68 35 and

1285 248 63 34 631

357 464 49 42 (e)
432 465 75 34 that
530 464 30 34 if
580 464 43 35 he
646 464 119 44 pleads
787 464 110 44 guilty
919 475 38 24 or
980 464 79 35 nolo
1081 464 207 35 contendere
1311 465 43 35 he

263 514 124 35 waives
410 514 51 34 his
484 514 92 43 right
599 519 35 30 to
656 525 21 23 a
700 514 78 34 trial
802 515 44 43 by
864 514 81 44 jury
967 514 69 35 and
1059 515 59 34 the
1140 514 92 44 right
1253 520 35 29 to
1311 515 43 35 be

264 563 203 35 confronted
495 564 82 34 with
606 565 59 34 the
692 564 174 35 witnesses
895 565 137 42 against
1059 565 84 40 him,
1172 570 120 38 except
1320 565 33 34 in

264 614 128 43 capital
413 624 95 24 cases
529 613 114 35 where
663 614 59 34 the
742 613 105 35 death
867 614 140 43 penalty
1028 614 27 34 is
1076 615 135 42 sought.

694 689 130 35 RULE
844 690 79 34 24.6

509 764 241 44 Determining
771 766 182 43 Accuracy
973 764 39 36 of
1029 765 82 35 Plea

355 839 74 35 The
444 844 98 30 court
558 840 88 34 shall
663 845 58 29 not
738 845 95 30 enter
849 851 20 23 a
881 840 186 44 judgment
1082 851 92 33 upon
1190 851 20 23 a
1226 841 76 43 plea
1318 840 39 35 of

265 888 109 44 guilty
387 899 38 23 or
440 888 78 35 nolo
531 888 209 35 contendere
753 889 146 34 without
912 889 142 43 making
1068 889 86 35 such
1167 889 135 44 inquiry
1317 900 37 24 as

265 938 68 34 will
354 938 164 35 establish
539 939 76 34 that
636 939 97 34 there
753 939 28 34 is
802 950 19 23 a
842 938 133 36 factual
995 939 92 34 basis
1108 939 53 35 for
1181 939 59 34 the
1260 940 87 43 plea.

232 1015 49 33 At
291 1015 59 34 the
360 1014 286 43 post-conviction
656 1014 102 35 relief
765 1014 142 44 hearing
918 1015 59 35 the
987 1015 177 44 appellant
1174 1015 180 44 presented

140 1074 38 24 as
192 1075 46 23 an
251 1064 132 34 exhibit
396 1075 20 24 a
430 1064 135 44 portion
578 1064 39 35 of
628 1065 61 34 the
700 1065 187 44 transcript
899 1065 40 34 of
949 1066 53 34 his
1015 1065 81 35 trial
1108 1065 175 45 depicting
1296 1066 60 34 the

140 1114 160 44 colloquy
312 1124 126 33 among
449 1115 59 34 the
519 1120 109 36 court,
641 1114 59 35 the
711 1115 175 44 appellant
897 1115 69 35 and
978 1116 139 34 counsel
1129 1115 82 35 with
1223 1122 132 38 respect

140 1169 36 29 to
191 1164 52 34 his
259 1165 87 43 plea.
362 1164 74 35 The
450 1165 177 44 appellant
641 1176 70 23 was
727 1165 219 44 represented
961 1166 45 43 by
1021 1166 70 34 Mr.
1108 1166 163 41 Dickson,
1287 1165 68 36 and

140 1214 60 33 the
219 1219 91 29 state
330 1214 45 43 by
396 1215 69 33 Mr.
488 1215 132 34 Bunch.
641 1214 75 35 The
736 1215 158 45 colloquy
915 1216 112 42 began
1048 1226 37 23 as
1106 1215 142 35 follows:

356 1290 97 33 THE
471 1289 178 35 COURT:
670 1290 32 33 Is
720 1290 68 34 this
805 1300 44 24 on
867 1301 20 22 a
905 1290 135 43 change
1056 1290 40 34 of
1111 1291 98 43 plea?
1230 1291 32 33 Is
1280 1291 76 34 that

266 1339 153 33 correct?

357 1414 87 34 MR.
466 1413 232 35 DICKSON:
718 1414 93 35 That
831 1414 27 34 is
879 1419 144 36 correct,
1043 1425 85 33 your
1149 1415 118 34 honor.

356 1489 97 34 THE
473 1488 178 36 COURT:
673 1490 51 34 As
744 1495 36 29 to
800 1490 83 35 both
904 1490 117 35 cases?

357 1564 86 35 MR.
465 1564 232 36 DICKSON:
718 1565 92 35 That
830 1565 27 35 is
878 1572 143 29 correct.

357 1640 96 34 THE
462 1639 178 36 COURT:
652 1641 100 34 Have
760 1652 67 32 you
836 1640 177 36 discussed
1022 1641 83 35 with
1115 1642 70 34 Mr.
1197 1642 158 35 McDan-

266 1689 43 34 iel
322 1689 59 34 the
393 1695 122 29 nature
527 1690 40 34 of
576 1690 59 35 the
647 1690 166 43 charges?
829 1691 106 34 What
948 1691 59 35 the
1019 1691 100 35 State
1131 1691 62 35 has
1206 1696 35 30 to
1253 1702 103 33 prove

265 1744 36 29 to
316 1739 134 35 convict
466 1739 72 35 him
553 1740 40 34 of
605 1740 70 41 the,
692 1740 59 35 the
765 1740 147 42 various,
928 1741 60 35 the
1003 1741 120 35 effects
1140 1742 39 34 of
1191 1752 20 23 a
1227 1742 76 43 plea
1319 1741 39 36 of

266 1788 110 44 guilty
392 1794 35 30 to
443 1790 97 34 these
556 1790 145 44 charges
717 1790 69 35 and
803 1791 59 34 the
878 1791 193 35 maximum
1087 1792 69 34 and
1173 1791 183 36 minimum

266 1839 166 44 penalties
453 1840 171 35 available
644 1841 45 43 by
709 1841 87 34 law?

357 1915 86 34 MR.
456 1915 232 35 DICKSON:
701 1917 82 40 Yes,
795 1917 56 39 sir,
863 1916 136 42 indeed,
1011 1917 34 34 in
1057 1917 83 35 both
1152 1928 107 30 cases,
1271 1929 84 32 your

266 1964 118 34 honor.

355 2038 97 33 THE
472 2037 178 35 COURT:
671 2038 59 33 All
750 2039 102 42 right,
873 2049 75 23 now
969 2039 70 34 Mr.
1061 2040 201 39 McDaniel,
1284 2041 70 32 Mr.

265 2086 152 34 Dickson
433 2097 65 24 can
514 2086 128 35 defend
658 2097 68 32 you
742 2087 35 34 in
793 2088 111 34 Court
919 2088 69 34 and
1004 2087 44 34 he
1063 2098 65 24 can
1145 2088 116 35 advise
1276 2099 78 33 you,

266 2135 62 35 but
343 2136 99 35 when
458 2136 26 35 it
499 2146 115 25 comes
630 2137 101 34 down
747 2142 35 30 to
798 2137 58 35 the
872 2143 127 30 matter
1014 2137 39 35 of
1066 2149 20 24 a
1102 2138 78 44 plea
1196 2137 39 35 of
1246 2139 110 44 guilty

265 2186 77 35 that
356 2186 27 35 is
398 2197 45 34 up
457 2192 36 30 to
507 2198 67 32 you
589 2187 68 35 and
672 2198 67 33 you
754 2188 109 35 alone.
879 2189 55 34 Do
948 2200 67 33 you
1029 2188 213 36 understand
1256 2189 97 35 that?

357 2263 86 34 MR.
466 2263 275 35 MCDANIEL:
763 2264 82 40 Yes,
866 2264 55 34 sir.

356 2338 97 34 THE
464 2338 177 35 COURT:
653 2339 72 34 Are
735 2350 67 32 you
812 2338 146 44 offering
969 2350 20 24 a
1000 2339 77 44 plea
1088 2339 39 34 of
1133 2339 110 44 guilty
1253 2345 35 29 to
1298 2340 59 34 the

265 2387 128 42 charge
413 2387 38 34 of
468 2387 212 43 aggravated
701 2388 147 44 robbery
933 2389 88 34 class
1042 2389 79 34 A
1142 2389 126 43 felony,
1289 2395 67 29 two
