1641 2701
232 418 180 35 homicide.
429 418 253 41 Furthermore,
698 418 59 34 the
770 417 188 36 defendant
971 429 70 23 was
1054 418 167 43 perfectly
1234 417 82 35 will-

231 469 58 43 ing
300 474 35 29 to
346 469 86 34 have
443 469 86 34 Mrs.
541 468 206 43 Ensminger
757 479 37 23 as
806 479 19 23 a
832 468 108 44 juror,
951 467 68 35 and
1030 478 37 24 so
1078 467 170 35 informed
1259 467 58 35 the

232 519 120 34 Court.
368 519 64 33 We
444 529 64 23 can
522 530 56 23 see
591 529 44 24 no
648 518 89 43 good
750 529 121 24 reason
884 518 53 34 for
950 518 176 42 declaring
1139 529 20 23 a
1172 517 145 35 mistrial

233 569 90 34 after
338 569 59 34 the
411 568 154 35 mention
580 568 39 35 of
628 567 179 45 jeopardy,
824 568 68 35 and
908 568 89 35 after
1013 568 59 34 the
1087 567 147 35 accused
1249 567 69 34 had

233 619 108 43 urged
355 619 58 34 the
427 618 110 35 Court
550 624 36 29 to
599 618 163 35 continue
775 618 58 35 the
846 618 90 34 trial.
951 618 57 40 So,
1023 618 60 34 the
1095 618 104 34 effect
1212 617 38 35 of
1261 617 58 34 the

234 669 79 34 trial
323 668 39 34 of
368 668 152 34 October
531 670 18 33 8
554 669 37 33 th
601 679 70 23 was
681 673 36 29 to
726 673 61 38 put
796 668 59 34 the
865 667 147 35 accused
1022 668 34 33 in
1062 667 179 44 jeopardy;
1252 666 67 35 and

234 719 53 33 his
304 718 128 34 motion
450 717 39 34 of
501 718 100 43 April
624 719 28 39 1,
673 718 100 39 1958,
790 722 35 29 to
841 718 43 34 be
900 716 205 43 discharged
1121 717 148 34 because
1284 716 39 34 of

235 768 128 34 former
374 767 179 44 jeopardy,
569 767 123 35 should
708 767 86 34 have
808 767 87 34 been
910 766 156 44 granted.
1087 766 82 43 [230
1184 767 84 33 Ark.
1284 771 36 29 at

236 819 55 39 23;
314 819 66 33 320
400 817 143 34 S.W.2d
565 823 35 29 at
621 817 94 42 648.]

1252 276 62 33 167

110 894 76 34 The
201 894 96 43 point
313 894 27 34 is
356 894 76 34 that
447 893 26 34 it
488 904 70 24 was
575 899 60 29 not
651 893 117 34 shown
783 893 76 35 that
874 893 59 34 the
949 893 79 34 trial
1043 892 102 35 could
1161 897 59 30 not
1235 893 86 34 have

112 943 192 44 proceeded
316 943 190 43 regardless
519 943 39 35 of
567 944 60 34 the
635 943 126 43 juror’s
774 943 223 43 relationship
1008 942 83 34 with
1104 943 59 34 the
1174 942 146 34 witness.

111 994 76 33 The
207 999 90 29 state
316 1004 69 23 was
406 993 79 34 held
505 999 60 28 not
585 998 36 29 to
641 993 87 34 have
748 992 106 35 borne
873 993 43 34 its
936 992 144 34 burden.

205 1070 39 34 In
262 1069 98 44 Cody
375 1068 71 36 and
459 1071 107 33 Muse
580 1081 30 22 v.
626 1070 113 39 State,
756 1070 66 33 237
839 1069 84 34 Ark.
944 1070 52 39 15,
1014 1070 62 33 371
1097 1068 142 35 S.W.2d
1258 1069 62 33 143

114 1120 140 43 (1963),
268 1120 60 34 the
337 1119 107 44 judge
457 1119 226 41 determined,
699 1118 179 42 mid-trial,
892 1119 76 35 that
982 1130 65 23 one
1060 1118 39 35 of
1109 1119 60 34 the
1181 1118 141 35 defend-

113 1175 78 29 ants
205 1170 123 34 should
341 1170 43 34 be
396 1170 99 42 given
508 1170 60 34 the
580 1169 129 35 benefit
721 1168 39 35 of
770 1180 20 23 a
803 1169 148 43 possible
964 1169 150 43 insanity
1126 1168 150 35 defense.
1291 1169 33 33 A

114 1219 148 35 mistrial
271 1230 69 24 was
350 1219 160 34 declared
519 1225 36 29 to
564 1219 84 35 send
657 1219 84 34 both
751 1218 206 36 defendants
966 1224 36 29 to
1010 1218 60 34 the
1078 1223 90 30 state
1177 1218 148 44 hospital

115 1268 54 35 for
182 1269 244 35 examination.
442 1269 65 33 We
520 1269 103 43 again
636 1268 80 35 held
729 1268 97 34 there
838 1280 70 23 was
921 1273 60 29 not
994 1268 170 34 sufficient
1176 1268 148 34 overrul-

115 1319 59 42 ing
194 1319 170 43 necessity
383 1318 54 35 for
457 1329 21 23 a
498 1319 147 34 mistrial
667 1324 35 29 to
723 1328 178 25 overcome
921 1329 21 23 a
962 1318 211 43 subsequent
1192 1318 77 43 plea
1290 1317 39 34 of

115 1368 130 35 former
260 1368 177 44 jeopardy.
457 1368 123 41 There,
600 1368 204 44 apparently
822 1368 165 44 adopting
1006 1368 172 43 language
1196 1367 90 34 from
1305 1378 20 23 a

115 1418 90 43 legal
226 1418 254 44 encyclopedia,
501 1429 51 24 we
572 1418 85 35 said:

243 1523 6 7 .
278 1523 6 7 .
312 1495 69 43 .[T]
388 1495 43 35 he
445 1500 98 30 court
558 1506 81 33 may
654 1494 137 35 declare
805 1505 19 24 a
840 1494 146 35 mistrial
1000 1494 99 34 when
1114 1494 59 35 the
1187 1494 90 35 issue
1290 1493 39 35 of

241 1546 150 44 insanity
408 1545 168 45 suddenly
594 1551 113 30 enters
725 1545 59 35 the
801 1555 89 32 case,
905 1543 174 46 provided
1094 1544 77 36 that
1187 1544 59 35 the
1263 1544 62 35 cir-

241 1601 217 30 cumstances
476 1607 60 23 are
553 1596 207 43 compelling
778 1606 37 23 or
833 1596 75 42 give
925 1596 67 33 rise
1009 1600 36 29 to
1062 1606 44 23 an
1124 1605 203 33 emergency

241 1657 79 23 over
343 1645 112 34 which
478 1646 134 34 neither
636 1650 99 29 court
759 1655 61 23 nor
844 1650 158 37 attorney
1025 1644 102 34 could
1151 1645 86 33 have
1260 1655 67 31 any

241 1695 132 34 control
386 1705 37 23 or
435 1694 113 34 which
561 1693 108 35 could
680 1700 60 27 not
754 1693 86 35 have
852 1693 84 34 been
949 1692 143 35 averted
1102 1692 44 44 by
1159 1693 169 43 diligence

242 1743 72 35 and
323 1755 89 23 care.
429 1743 81 43 [237
522 1744 86 34 Ark.
621 1748 36 30 at
669 1744 56 39 21;
738 1744 63 33 371
817 1742 142 36 S.W.2d
971 1748 36 29 at
1022 1743 76 40 147,
1110 1742 172 44 emphasis
1293 1742 35 34 in

242 1795 59 34 the
321 1793 170 44 original.]

118 1869 93 34 That
226 1871 173 41 language
414 1880 118 24 means
549 1870 77 34 that
641 1869 98 34 there
754 1869 27 34 is
798 1869 193 42 overruling
1007 1869 168 43 necessity
1191 1868 30 34 if
1233 1868 97 34 there

119 1930 60 23 are
189 1919 207 43 compelling
407 1919 269 34 circumstances
686 1918 113 34 which
809 1918 101 35 could
921 1923 60 29 not
989 1918 90 37 have
1088 1918 87 34 been
1186 1917 143 35 avoided

118 1968 46 43 by
177 1968 170 43 diligence
360 1979 43 23 on
417 1968 59 34 the
489 1973 78 38 part
580 1968 39 34 of
629 1968 59 34 the
697 1967 108 43 judge
818 1979 37 23 or
869 1968 58 34 the
940 1972 101 39 party
1054 1968 138 41 moving
1205 1967 53 34 for
1271 1967 59 33 the

119 2017 158 35 mistrial.
289 2018 31 33 It
329 2018 146 43 imposes
485 2022 67 30 two
561 2017 151 35 burdens
721 2027 44 24 on
774 2017 58 34 the
841 2022 89 29 state
938 2017 35 33 in
982 2016 68 35 this
1060 2027 89 24 case.
1159 2016 74 34 The
1241 2021 89 29 state

120 2072 94 29 must
222 2067 94 34 show
325 2067 76 34 that
409 2067 97 34 there
514 2078 90 23 were
612 2072 118 37 strong
740 2077 137 24 reasons
887 2066 53 35 for
950 2071 60 29 not
1017 2066 103 42 going
1129 2071 36 29 to
1174 2066 79 34 trial
1262 2065 68 34 and

120 2117 77 34 that
217 2117 27 35 it
263 2128 71 23 was
354 2122 59 29 not
433 2121 36 30 at
489 2116 99 35 fault.
609 2116 76 35 The
704 2121 90 29 state
813 2117 62 34 has
896 2115 106 35 failed
1022 2120 36 30 to
1077 2126 103 33 prove
1200 2115 118 34 either.

211 2194 76 34 The
301 2193 204 45 appellant’s
520 2198 185 39 argument
720 2193 27 34 is
762 2193 76 35 that
852 2193 60 35 the
926 2192 146 35 mistrial
1087 2203 70 24 was
1171 2191 160 35 declared

120 2244 83 34 with
214 2255 44 24 no
268 2244 152 43 showing
430 2244 77 34 that
517 2244 59 35 the
586 2244 122 34 absent
718 2243 148 35 witness’
876 2243 186 43 testimony
1071 2253 70 24 was
1151 2253 181 32 necessary

120 2300 37 28 to
176 2294 60 35 the
256 2294 118 35 state’s
394 2305 88 23 case.
505 2295 56 33 He
580 2305 70 23 was
671 2298 142 30 correct.
836 2295 93 32 Here
949 2293 28 34 is
997 2293 59 34 the
1076 2292 130 35 record:

338 2371 86 32 MR.
441 2369 175 35 ISBELL:
632 2370 98 33 Your
745 2370 131 39 Honor,
891 2379 115 24 comes
1021 2379 75 23 now
1111 2369 59 34 the
1184 2368 99 34 State
1297 2367 39 34 of

247 2420 177 33 Arkansas
435 2418 68 35 and
513 2430 116 23 moves
639 2418 68 34 this
718 2418 110 35 Court
838 2418 53 34 for
900 2418 60 34 the
969 2417 129 43 unique
1107 2417 69 35 and
1185 2416 148 35 unusual
