1669 2701
147 405 160 33 Western
323 404 278 44 Waterproofing
617 405 34 34 in
669 405 105 34 Little
790 405 98 34 Rock
903 405 91 35 from
1014 406 86 33 1978
1119 406 87 33 until
1222 406 89 34 June
1331 406 27 40 1,

151 454 99 34 1982.
262 454 76 34 The
348 454 210 43 application
569 465 71 23 was
651 454 106 35 dated
768 454 99 44 April
883 455 168 40 18,1983.
1063 454 76 35 The
1150 455 209 43 application

146 503 59 34 did
218 508 59 29 not
288 503 145 35 disclose
444 514 67 33 any
523 504 235 43 employment
769 504 224 35 information
1005 504 54 34 for
1070 504 59 35 the
1140 504 117 44 period
1269 505 90 34 from

146 553 90 34 June
268 554 28 40 1,
329 554 86 33 1982
443 559 36 29 to
506 553 100 44 April
639 555 51 40 18,
724 554 97 34 1983.
850 553 74 35 The
951 554 190 44 Appellant
1168 554 105 34 asked
1301 555 59 34 the

146 602 288 36 Administrative
450 604 82 34 Law
549 603 113 44 Judge
678 603 68 35 and
763 604 59 34 the
838 603 232 35 Commission
1087 609 36 29 to
1139 604 129 35 believe
1284 605 76 34 that

147 652 149 35 Roberts
318 652 163 45 accepted
502 653 68 35 this
588 653 61 43 job
670 653 210 44 application
900 653 146 35 without
1066 654 159 42 knowing
1245 654 39 34 of
1301 654 59 34 the

146 703 92 43 prior
261 702 125 44 injury,
408 703 145 35 without
575 704 160 42 knowing
757 703 39 36 of
815 703 183 36 Williams’
1022 704 234 44 employment
1277 703 83 35 with

148 752 160 35 Western
325 752 278 45 Waterproofing
619 753 35 34 in
671 753 208 41 Oklahoma,
897 753 69 35 and
982 754 145 35 without
1143 754 217 44 questioning

146 802 115 35 where
279 802 171 35 Williams
468 803 69 34 had
555 803 87 35 been
660 802 69 36 and
748 804 92 35 what
857 803 44 35 he
917 803 70 35 had
1005 804 87 34 been
1110 803 104 44 doing
1232 803 52 35 for
1302 804 58 35 the

147 851 186 45 preceding
353 857 57 30 ten
431 853 138 35 months
590 853 69 34 and
684 854 39 34 18
745 853 94 45 days.

1292 265 66 34 589

331 938 74 34 The
421 938 91 34 issue
528 937 28 35 is
574 938 154 35 whether
745 938 172 35 Williams
934 938 69 35 and
1021 939 98 35 Scott
1136 950 89 24 were
1241 940 120 42 telling

147 987 60 35 the
217 988 96 33 truth
323 997 38 25 or
372 988 148 34 Roberts
531 998 71 24 was
612 988 120 43 telling
743 988 59 35 the
812 989 106 34 truth.
930 988 75 35 The
1015 989 233 35 Commission
1259 990 103 34 chose

147 1042 36 29 to
200 1037 131 34 believe
349 1037 171 35 Williams
538 1037 69 35 and
625 1038 110 34 Scott.
755 1038 64 35 We
836 1037 97 35 defer
950 1044 37 29 to
1004 1039 59 34 the
1080 1038 152 35 decision
1249 1039 39 34 of
1302 1040 59 33 the

148 1086 174 34 Workers’
347 1086 272 44 Compensation
643 1087 233 35 Commission
899 1098 44 24 on
966 1089 176 42 questions
1166 1088 38 34 of
1225 1089 136 34 witness

147 1135 205 44 credibility.
374 1137 89 42 May
482 1147 30 23 v.
536 1137 394 43 Crompton-Arkansas
949 1137 105 34 Mills
1073 1139 70 33 Inc.
1169 1139 30 33 &
1222 1138 139 42 Liberty

147 1185 149 35 Mutual
307 1187 189 33 Insurance
510 1187 74 40 Co.,
599 1187 67 33 253
681 1186 85 35 Ark.
785 1187 99 40 1080,
898 1188 69 33 490
981 1186 144 36 S.W.2d
1139 1188 68 33 794
1222 1186 138 43 (1973);

152 1235 170 34 Warwick
347 1235 217 35 Electronics
589 1237 70 34 Inc.
687 1247 30 23 v.
745 1237 179 40 Devazier,
953 1237 66 34 253
1048 1237 85 34 Ark.
1166 1238 99 40 1100,
1293 1238 68 34 490

147 1284 144 35 S.W.2d
307 1285 68 34 792
391 1284 137 43 (1973);
542 1287 121 33 Dacus
678 1285 132 36 Casket
826 1286 59 34 Co.
900 1298 30 22 v.
946 1286 136 44 Hardy,
1098 1288 68 33 250
1180 1287 85 34 Ark.
1282 1287 78 41 886,

148 1335 67 34 467
243 1334 144 35 S.W.2d
412 1336 66 33 713
507 1334 140 44 (1971);
672 1335 223 35 Nationwide
923 1336 214 35 Warehouse
1161 1336 145 35 Market
1330 1348 30 23 v.

152 1384 211 40 Whisenant,
389 1386 67 33 249
480 1385 85 34 Ark.
592 1386 79 40 604,
696 1386 69 34 460
790 1386 143 34 S.W.2d
958 1387 45 34 90
1029 1386 138 43 (1970);
1191 1388 116 33 Kivett
1329 1398 30 23 v.

147 1433 190 36 Redmond
357 1435 72 40 Co.,
451 1435 68 34 234
539 1435 85 35 Ark.
647 1436 79 40 855,
749 1436 65 34 355
836 1435 143 35 S.W.2d
1005 1437 64 34 172
1092 1435 136 44 (1962).

239 1519 180 35 Affirmed.

239 1603 160 41 Purtle,
420 1604 42 41 J.,
483 1609 60 29 not
563 1604 256 45 participating.

240 1688 119 41 Holt,
376 1688 86 42 C.J.,
478 1688 161 36 George
655 1690 100 34 Rose
770 1689 131 42 Smith,
916 1691 43 40 J.,
975 1690 69 35 and
1060 1691 115 41 Hays,
1190 1692 43 39 J.,
1248 1691 113 35 would

147 1748 135 25 reverse
300 1738 54 35 for
372 1738 58 35 the
448 1749 139 25 reasons
606 1739 99 44 given
725 1739 45 45 by
788 1739 112 44 Judge
918 1740 131 36 Corbin
1068 1741 34 35 in
1121 1741 59 35 the
1199 1741 109 36 Court
1325 1741 40 36 of

146 1789 166 43 Appeals.

370 1981 169 35 Clarence
559 1982 104 34 GAY
684 1992 28 24 v.
735 1981 151 35 STATE
906 1982 39 34 of
962 1982 179 35 Arkansas

1040 2051 67 33 707
1129 2050 143 34 S.W.2d
1294 2051 66 33 320

476 2114 171 45 Supreme
667 2116 111 35 Court
798 2116 39 35 of
853 2117 179 34 Arkansas

427 2165 151 44 Opinion
599 2165 172 36 delivered
791 2166 100 45 April
912 2168 55 40 21,
993 2168 88 34 1986
