1632 2696
244 416 64 34 law
325 415 250 44 contemplates
591 415 26 34 it
633 415 123 34 should
773 415 53 41 be,
844 415 27 34 is
888 416 34 33 in
939 415 97 35 favor
1052 415 40 35 of
1105 415 229 44 maintaining

243 466 60 33 the
319 465 136 34 natural
472 465 156 34 relation.
657 493 6 6 .
692 493 6 6 .
726 493 6 6 .
751 466 109 42 Every
876 465 217 34 intendment
1109 465 122 34 should
1248 465 87 34 have

244 515 87 34 been
341 515 34 34 in
385 515 96 34 favor
490 514 40 35 of
536 515 59 34 the
604 515 104 34 claim
717 514 39 35 of
762 515 59 34 the
830 515 136 34 mother
975 515 109 34 under
1093 515 59 34 the
1162 514 171 42 evidence,

244 565 69 34 and
326 565 29 34 if
364 565 58 34 the
433 570 130 29 statute
575 576 69 23 was
656 575 89 33 open
757 570 35 29 to
804 565 234 34 construction
1050 564 69 35 and
1132 565 201 44 interpreta-

244 615 72 34 tion
334 615 26 34 it
376 614 122 35 should
516 615 43 34 be
575 614 185 35 construed
777 615 34 34 in
828 620 143 39 support
988 614 39 35 of
1041 615 59 34 the
1116 615 92 43 right
1224 615 39 34 of
1276 615 59 34 the

245 665 137 34 natural
403 665 144 43 parent.’
563 665 19 13 ”

1289 274 42 34 63

213 744 65 33 For
298 744 97 34 these
415 755 150 29 reasons,
586 755 51 23 we
657 744 114 34 affirm
791 744 58 34 the
869 744 79 34 trial
969 749 109 29 court.

212 823 160 40 Purtle,
393 823 42 40 J.,
456 827 60 29 not
536 822 257 44 participating.

154 1029 282 34 PROVIDENT
456 1030 107 33 LIFE
586 1030 33 34 &
642 1029 253 35 ACCIDENT
915 1030 291 35 INSURANCE
1226 1030 76 35 CO.

523 1090 27 23 v.
574 1079 171 35 Clarence
764 1079 171 35 TORAN

122 1158 130 34 85-198

1040 1160 68 33 702
1128 1159 143 34 S.W.2d
1296 1160 40 33 10

451 1237 171 43 Supreme
642 1237 111 34 Court
773 1237 39 34 of
829 1238 178 34 Arkansas

375 1286 151 44 Opinion
547 1286 172 35 delivered
740 1287 154 44 January
915 1288 56 40 21,
996 1288 88 34 1986

214 1864 116 43 Daily,
358 1866 99 37 West,
484 1865 98 38 Core,
609 1864 164 43 Coffman
796 1866 31 33 &
853 1865 171 43 Canfield,
1047 1865 55 43 by:
1130 1867 144 41 Wyman
1293 1867 43 33 R.

127 1913 115 38 Wade,
265 1915 63 38 Jr.,
349 1913 53 34 for
422 1914 187 42 appellant.

214 1990 160 39 Kincaid,
395 1993 122 32 Horne
539 1992 31 33 &
597 1991 164 41 Trumbo,
782 1991 54 34 for
856 1992 165 43 appellee.

214 2069 100 33 Jack
339 2070 118 39 Holt,
482 2070 69 39 Jr.,
576 2069 108 34 Chief
704 2069 140 35 Justice.

869 2070 75 34 The
966 2070 71 34 sole
1060 2070 91 34 issue
1172 2081 52 23 we
1246 2076 93 29 must

122 2117 143 35 address
278 2118 34 34 in
324 2118 67 35 this
404 2119 123 43 appeal
540 2119 27 34 is
579 2119 155 35 whether
745 2119 59 35 the
815 2120 187 44 appellant,
1016 2120 183 35 Provident
1211 2120 78 35 Life
1304 2121 33 34 &

122 2168 173 35 Accident
316 2169 187 35 Insurance
523 2169 75 41 Co.,
620 2181 81 32 may
721 2169 139 36 enforce
880 2181 20 24 a
920 2170 172 44 provision
1112 2170 35 35 in
1167 2170 43 35 its
1230 2181 109 34 group

122 2218 178 45 disability
323 2219 183 35 insurance
529 2220 113 44 policy
666 2220 113 35 which
803 2220 142 35 reduces
969 2221 60 34 the
1052 2221 145 34 benefits
1221 2226 35 30 to
1280 2221 60 35 the

123 2269 167 43 appellee,
307 2269 169 35 Clarence
489 2271 127 39 Toran,
632 2270 45 43 by
692 2270 60 34 the
766 2276 144 29 amount
924 2271 40 34 of
975 2271 59 34 the
1049 2271 116 34 Social
1179 2271 160 44 Security

123 2324 183 37 payments
322 2319 43 34 he
380 2319 27 34 is
422 2319 144 34 entitled
581 2325 35 28 to
632 2320 133 34 receive
779 2320 149 34 because
942 2320 40 34 of
994 2320 52 34 his
1061 2320 186 43 disability.
1264 2321 75 34 Our

119 2367 221 43 jurisdiction
351 2368 27 34 is
390 2374 168 37 pursuant
568 2374 35 28 to
614 2369 85 43 Sup.
712 2369 56 34 Ct.
781 2370 42 33 R.
837 2370 43 33 29
894 2369 124 43 (1)(c),
1030 2374 36 29 to
1076 2370 166 43 interpret
1252 2370 85 34 Ark.

123 2417 90 34 Stat.
235 2418 92 33 Ann.
351 2417 17 43 §
391 2418 153 34 66-3709
566 2429 37 23 as
625 2418 171 34 amended
816 2418 35 34 in
876 2420 98 33 1979.
