1667 2703
262 409 53 43 (1)
328 419 38 23 or
377 419 95 24 more
482 408 155 35 counties
653 408 129 43 [school
794 408 162 41 districts,
968 419 38 24 or
1016 408 281 44 municipalities]
1313 408 39 35 of

259 459 59 34 the
333 458 99 35 State
446 459 39 34 of
497 460 179 33 Arkansas
691 469 44 24 on
751 459 109 34 either
874 459 72 34 real
961 470 38 23 or
1014 459 158 44 personal
1188 464 161 38 property

259 508 84 35 used
369 519 38 23 or
433 508 163 35 intended
622 513 35 30 to
684 509 43 34 be
752 508 83 35 used
862 508 34 34 in
922 509 242 43 performance
1189 508 39 35 of
1250 519 38 24 or
1314 509 34 34 in

259 559 203 34 connection
474 559 84 34 with
570 559 235 34 construction
816 563 186 36 contracts,
1015 558 89 35 shall
1116 558 43 35 be
1171 558 145 35 deemed
1328 569 21 24 a

261 609 111 34 better
385 608 58 34 bid
456 609 85 34 than
553 609 60 34 the
626 608 59 35 bid
698 608 39 35 of
747 620 20 23 a
780 608 197 44 competing
990 614 196 29 contractor
1198 609 76 34 who
1287 609 62 34 has

261 664 59 29 not
339 658 80 43 paid
438 659 84 34 such
542 664 107 35 taxes,
670 659 178 34 whenever
866 658 59 34 the
944 658 59 34 bid
1022 658 39 35 of
1076 658 59 35 the
1153 659 196 43 competing

261 713 195 29 contractor
472 708 27 34 is
516 709 65 34 less
598 708 84 34 than
699 709 97 34 three
811 713 140 39 percent
969 708 89 43 (3%)
1077 709 113 39 lower,
1207 708 68 34 and
1291 709 59 33 the

261 762 195 30 contractor
471 758 141 42 making
628 768 20 24 a
664 758 59 34 bid
738 769 37 23 as
791 757 163 45 provided
969 758 45 43 by
1029 758 67 34 this
1111 758 70 33 Act
1195 758 112 34 which
1322 758 27 34 is

260 807 144 35 deemed
425 807 59 34 the
504 807 112 35 better
637 807 69 41 bid,
727 808 88 34 shall
835 807 43 34 be
898 807 162 35 awarded
1080 807 60 34 the
1159 812 166 29 contract.

1280 267 63 33 281

228 883 189 44 Appellant
438 894 124 32 argues
585 883 77 35 that
684 885 69 33 Act
779 885 64 34 102
865 884 80 43 only
967 884 131 44 applies
1120 888 36 30 to
1177 889 173 29 contracts

136 933 145 34 covered
293 934 44 43 by
348 933 58 34 the
417 933 187 44 provisions
615 933 40 34 of
662 934 70 34 Act
747 935 63 33 159
821 933 40 35 of
872 934 99 34 1949.
983 935 57 33 An
1051 938 100 30 exact
1162 933 142 43 reading
1314 932 40 36 of

136 984 70 33 Act
227 984 63 33 102
307 982 105 35 limits
428 983 211 44 application
655 983 39 34 of
707 983 76 35 that
798 985 69 33 Act
883 988 35 30 to
934 989 174 29 contracts
1124 983 166 35 “covered
1306 983 45 44 by

136 1034 70 33 Act
231 1034 63 33 159
315 1032 40 35 of
376 1033 98 41 1949,
496 1044 37 23 as
554 1032 183 42 amended,
758 1033 45 44 by
822 1034 70 34 Act
916 1034 63 34 183
1001 1033 40 35 of
1062 1034 86 35 1957
1172 1061 6 6 .
1207 1061 6 6 .
1241 1034 30 34 .”

322 1109 69 35 Act
412 1110 62 34 159
492 1109 157 44 provides
666 1109 59 35 the
741 1109 189 45 procedure
946 1115 36 29 to
998 1110 43 34 be
1057 1109 159 36 followed
1233 1110 44 44 by
1293 1110 59 35 the

137 1159 101 35 State
259 1159 98 35 when
380 1159 121 44 letting
523 1164 174 30 contracts
719 1159 54 35 for
795 1159 141 44 making
958 1165 205 39 permanent
1184 1160 166 44 improve­

137 1214 113 30 ments
268 1210 113 34 where
399 1209 58 35 the
474 1209 185 35 estimated
677 1215 90 29 costs
785 1210 143 35 exceeds
946 1215 59 29 ten
1022 1210 173 35 thousand
1213 1210 137 35 dollars.

136 1259 160 44 Nothing
311 1260 34 34 in
360 1260 69 34 Act
448 1261 63 33 159
526 1260 40 34 of
582 1260 87 34 1949
685 1260 107 35 refers
807 1266 35 29 to
856 1260 59 34 the
930 1260 174 44 Highway
1119 1260 232 35 Commission

137 1309 62 35 but
216 1309 96 35 deals
329 1309 82 35 with
428 1310 59 34 the
504 1310 140 43 general
662 1310 205 44 procedures
884 1315 36 29 to
937 1310 43 35 be
997 1310 159 35 followed
1173 1310 45 44 by
1236 1311 116 43 public

137 1359 161 43 agencies
319 1359 154 43 entering
494 1360 73 34 into
587 1365 184 30 contracts.

229 1435 217 44 Appellant’s
463 1440 185 38 argument
664 1436 76 34 that
756 1437 69 34 Act
845 1437 63 33 159
927 1436 161 35 excludes
1104 1436 59 34 the
1180 1436 172 44 Highway

138 1484 233 35 Commission
390 1484 90 35 from
498 1485 60 35 the
576 1485 187 44 provisions
781 1486 39 34 of
835 1485 77 35 that
929 1487 70 33 Act
1017 1492 86 29 rests
1122 1486 106 44 solely
1245 1497 43 24 on
1307 1497 44 24 an

137 1534 225 35 amendment
372 1539 35 29 to
416 1535 69 34 Act
499 1536 64 33 159
574 1535 112 34 which
696 1546 70 24 was
777 1535 145 35 enacted
931 1535 35 35 in
976 1537 70 33 Act
1056 1537 68 33 370
1134 1535 40 35 of
1184 1537 99 40 1977,
1293 1536 60 35 the

137 1595 98 23 same
246 1584 190 44 legislative
447 1585 129 34 session
587 1584 114 35 which
712 1584 145 36 enacted
869 1586 70 33 Act
954 1586 76 34 102.
1042 1586 76 34 The
1128 1586 178 43 preamble
1317 1585 38 35 of

137 1635 71 33 Act
219 1635 67 34 370
296 1633 39 36 of
346 1635 85 33 1977
442 1639 107 30 states
560 1635 80 33 “An
649 1635 70 34 Act
728 1640 36 29 to
773 1635 139 35 Amend
921 1635 141 35 Section
1072 1637 21 33 2
1103 1635 69 34 and
1181 1635 140 35 Section
1332 1637 18 33 5

137 1683 40 35 of
189 1685 70 33 Act
279 1684 63 35 159
359 1683 38 35 of
413 1685 99 40 1949,
529 1689 36 30 to
580 1684 113 34 Allow
708 1684 54 35 for
777 1685 59 35 the
851 1685 208 35 Downward
1074 1685 227 43 Negotiation
1316 1685 40 35 of

139 1733 81 34 Bids
235 1733 54 34 for
302 1733 120 35 Public
436 1734 179 42 Buildings
630 1734 69 34 and
713 1735 272 43 Improvements
999 1735 35 34 in
1048 1736 113 33 Those
1175 1736 176 33 Instances

138 1783 129 33 Where
289 1783 58 34 All
372 1782 80 35 Bids
477 1783 137 34 Exceed
638 1783 60 34 the
720 1785 156 33 Amount
899 1784 258 43 Appropriated
1180 1784 54 34 for
1257 1784 94 34 Such

137 1832 165 43 Projects,
314 1832 51 34 To
378 1832 153 35 Exclude
544 1832 146 35 Certain
702 1833 247 35 Construction
961 1834 120 40 Work;
1094 1833 69 34 and
1175 1833 53 35 for
1241 1834 111 34 Other

137 1882 205 44 Purposes.”

229 1959 140 35 Section
391 1960 20 33 2
431 1959 39 34 of
487 1960 69 35 Act
578 1960 68 34 370
666 1965 117 30 states:

263 2035 162 35 “Section
449 2037 18 33 5
492 2035 39 35 of
550 2037 70 33 Act
647 2037 64 33 159
734 2036 39 34 of
797 2037 86 34 1949
907 2036 28 34 is
957 2036 172 35 amended
1151 2041 36 30 to
1209 2037 82 34 read
1314 2048 38 24 as

263 2084 142 35 follows:

263 2160 139 35 Section
424 2162 30 33 5.
475 2161 75 35 The
570 2161 187 45 provisions
777 2162 39 35 of
832 2162 68 34 this
919 2163 70 34 Act
1009 2162 88 35 shall
1116 2167 60 30 not
1195 2163 104 44 apply
1318 2168 35 29 to

263 2215 172 30 contracts
449 2210 162 35 awarded
625 2210 45 44 by
684 2211 59 34 the
755 2212 179 34 Arkansas
947 2212 101 34 State
1061 2212 173 43 Highway
1248 2212 104 34 Com-

263 2259 140 36 mission
422 2260 53 35 for
494 2260 235 35 construction
747 2272 38 24 or
804 2261 243 35 maintenance
1065 2261 39 35 of
1119 2261 117 44 public
1254 2262 98 43 high-

263 2321 103 33 ways,
386 2310 100 35 roads
506 2321 38 24 or
563 2315 133 36 streets,
716 2311 109 34 under
844 2311 59 34 the
921 2311 171 44 provision
1111 2311 39 34 of
1165 2312 69 34 Act
1254 2312 42 34 65
1317 2311 39 35 of

267 2361 100 40 1929,
377 2371 37 23 as
424 2360 182 41 amended,
616 2360 69 35 and
694 2361 83 34 laws
786 2361 253 44 supplemental
1049 2361 68 35 and
1127 2361 227 44 amendatory

263 2410 134 34 thereto
419 2437 6 7 .
454 2437 6 7 .
488 2411 31 33 .”
