1648 2680
294 394 87 44 fully
396 393 171 45 complied
583 393 83 35 with
682 393 97 35 those
794 392 201 44 guidelines,
1012 392 63 34 but
1090 402 51 23 we
1157 402 59 24 are
1231 396 59 29 not
1306 390 149 35 inclined
1471 395 35 30 to

295 444 114 35 follow
426 443 107 35 Hurd
549 444 34 34 in
601 454 68 32 any
686 453 89 24 case.
794 442 75 34 The
886 453 96 23 cases
999 441 113 34 which
1130 441 87 34 have
1234 440 151 43 rejected
1401 439 108 35 Hurd

295 494 87 34 have
402 493 104 35 noted
528 493 76 34 that
625 503 95 24 some
740 492 39 34 of
798 492 59 34 the
877 491 147 43 dangers
1045 490 40 35 of
1103 490 234 44 hypnotically
1358 489 148 35 induced

295 543 185 43 testimony
494 553 59 23 are
567 547 59 29 not
640 541 200 34 eliminated
855 541 45 43 by
913 541 60 33 the
985 540 107 34 Hurd
1103 539 191 43 guidelines
1308 539 69 34 and
1391 539 114 34 others

295 603 59 23 are
367 597 59 29 not
439 602 83 23 even
536 590 213 35 addressed.2
763 590 66 34 See
841 589 130 44 People
982 601 31 22 v.
1026 589 153 42 Shirley,
1192 599 119 33 supra,
1327 588 136 34 Collins
1474 599 30 23 v.

294 642 86 43 Sup.
405 642 65 39 Ct.,
490 651 119 33 supra.

363 1032 71 29 First,
443 1039 15 17 a
468 1031 160 32 psychiatrist
636 1038 28 18 or
673 1031 168 31 psychologist
850 1030 163 32 experienced
1023 1030 24 25 in
1057 1030 43 25 the
1108 1037 45 18 use
1161 1029 28 25 of
1196 1029 118 32 hypnosis
1322 1033 68 21 must
1398 1029 109 25 conduct

295 1072 43 25 the
352 1072 101 25 session.
473 1092 5 5 .
498 1092 5 5 .
523 1091 5 6 .

360 1112 107 30 Second,
479 1113 43 25 the
533 1112 164 32 professional
708 1112 152 31 conducting
871 1112 43 25 the
925 1112 119 32 hypnotic
1054 1111 94 25 session
1159 1111 89 25 should
1260 1111 31 25 be
1302 1110 168 32 independent
1481 1110 29 25 of

295 1154 49 25 and
360 1157 43 21 not
418 1153 124 32 regularly
557 1153 132 32 employed
704 1153 32 31 by
751 1153 43 25 the
808 1156 152 28 prosecutor,
976 1152 162 31 investigator
1152 1159 28 18 or
1194 1151 110 25 defense.

360 1194 87 30 Third,
458 1202 49 24 any
518 1194 162 26 information
691 1194 72 31 given
774 1198 26 21 to
810 1194 43 25 the
864 1193 127 32 hypnotist
1002 1193 32 32 by
1045 1193 47 25 law
1103 1192 172 26 enforcement
1285 1192 131 32 personnel
1426 1200 28 17 or
1465 1192 43 25 the

294 1236 103 25 defense
404 1236 67 32 prior
477 1240 26 21 to
509 1236 43 25 the
559 1235 119 32 hypnotic
684 1235 93 25 session
785 1239 67 21 must
859 1235 31 25 be
897 1234 127 30 recorded,
1032 1234 79 25 either
1118 1234 24 25 in
1150 1234 98 31 writing
1255 1241 28 18 or
1290 1234 24 25 in
1321 1233 72 25 other
1399 1233 108 25 suitable

296 1277 72 26 form.
388 1298 5 4 .
414 1297 5 6 .
439 1297 5 6 .

363 1319 101 30 Fourth,
479 1318 86 26 before
579 1318 118 32 inducing
712 1318 117 32 hypnosis
843 1318 43 25 the
900 1317 127 33 hypnotist
1040 1317 90 25 should
1144 1317 86 25 obtain
1245 1316 65 26 from
1324 1316 43 25 the
1380 1316 98 31 subject
1492 1324 14 17 a

295 1359 109 27 detailed
419 1360 151 32 description
585 1359 28 25 of
626 1360 43 25 the
683 1359 65 25 facts
762 1367 28 17 as
805 1359 43 25 the
862 1359 98 31 subject
974 1358 153 26 remembers
1142 1358 77 25 them.
1239 1378 5 5 .
1264 1378 5 5 .
1289 1378 5 5 .

363 1401 75 30 Fifth,
447 1401 33 26 all
489 1405 113 22 contacts
611 1401 112 25 between
733 1400 42 26 the
784 1400 128 33 hypnotist
920 1400 50 25 and
979 1400 43 25 the
1029 1400 98 31 subject
1136 1403 67 22 must
1212 1399 31 26 be
1252 1399 127 26 recorded.
1388 1399 61 25 This
1457 1398 50 26 will

295 1443 119 26 establish
431 1451 14 17 a
462 1442 86 26 record
564 1442 29 26 of
606 1442 43 26 the
665 1442 173 33 preinduction
855 1442 134 29 interview,
1005 1441 43 26 the
1064 1441 119 32 hypnotic
1198 1441 102 30 session,
1316 1440 50 26 and
1382 1440 43 26 the
1440 1444 66 28 post-

296 1484 118 33 hypnotic
430 1484 93 32 period,
540 1484 117 31 enabling
673 1492 15 17 a
704 1488 71 21 court
791 1488 26 21 to
832 1483 140 26 determine
987 1483 67 25 what
1070 1483 163 25 information
1249 1490 28 18 or
1292 1482 156 32 suggestions
1465 1482 42 25 the

295 1526 99 26 witness
410 1534 58 24 may
483 1526 63 25 have
560 1525 120 26 received.
700 1546 5 5 .
726 1546 4 5 .
751 1546 4 5 .

360 1568 82 30 Sixth,
452 1568 58 32 only
520 1568 43 25 the
573 1567 128 33 hypnotist
711 1567 49 26 and
771 1567 43 26 the
823 1567 98 32 subject
930 1566 90 26 should
1031 1566 31 26 be
1072 1570 99 29 present
1181 1566 91 32 during
1282 1574 49 24 any
1341 1566 78 32 phase
1428 1565 29 26 of
1465 1565 43 26 the

295 1609 119 33 hypnotic
421 1610 102 29 session,
533 1609 128 32 including
669 1609 43 26 the
720 1609 164 32 prehypnotic
892 1608 91 32 testing
992 1608 50 26 and
1050 1608 43 26 the
1101 1607 188 33 post-hypnotic
1297 1607 134 26 interview.
1451 1627 5 6 .
1476 1627 5 6 .
1501 1628 5 5 .

294 1652 75 25 State
382 1659 22 17 v.
420 1651 82 29 Hurd,
518 1659 87 24 supra.

296 255 67 33 574

386 723 52 35 Of
448 723 101 44 equal
563 723 225 44 importance,
802 727 36 29 to
851 721 106 44 adopt
971 721 58 35 the
1042 721 190 43 guidelines
1246 720 112 35 would
1373 720 134 34 further

295 773 132 35 burden
456 773 59 35 the
543 773 140 44 pretrial
712 783 136 33 process
877 772 82 34 with
988 782 44 24 no
1059 771 193 43 off-setting
1281 770 137 35 benefit:
1448 770 59 34 the

295 824 189 43 guidelines
495 823 135 44 require
639 823 77 35 that
725 823 59 34 the
793 822 166 44 opposing
969 827 101 39 party
1079 821 43 35 be
1131 820 142 36 notified
1282 820 40 35 of
1328 821 59 34 the
1396 820 111 35 intent

295 879 35 29 to
341 885 61 23 use
412 873 162 44 hypnosis
585 873 69 34 and
666 873 43 34 be
719 872 179 35 furnished
910 883 20 23 a
942 871 179 44 recording
1132 871 40 35 of
1180 882 67 33 any
1258 871 158 40 sessions;
1427 871 80 43 only

361 1692 10 14 2
407 1693 28 25 In
443 1692 116 32 deciding
567 1696 26 21 to
600 1692 100 25 discard
709 1692 42 25 the
759 1692 77 25 Hurd
842 1692 135 32 approach,
986 1692 43 24 the
1035 1691 104 31 Shirley
1147 1695 72 21 court
1227 1691 75 25 noted
1310 1691 107 31 initially
1425 1691 56 24 that
1488 1690 20 25 it

295 1741 51 18 was
353 1738 43 21 not
403 1733 139 32 persuaded
550 1734 55 24 that
612 1733 42 25 the
661 1733 180 32 requirements
848 1732 109 33 adopted
965 1732 24 26 in
996 1732 77 25 Hurd
1078 1732 50 25 and
1135 1732 72 25 other
1213 1740 70 17 cases
1290 1731 82 26 would
1379 1731 129 26 eliminate

296 1775 62 25 each
373 1775 28 25 of
413 1775 43 25 the
470 1775 107 31 dangers
592 1778 26 22 at
633 1774 81 25 which
729 1774 58 32 they
802 1782 65 17 were
881 1773 119 26 directed.

421 1817 46 24 For
482 1816 122 32 example,
619 1823 48 18 one
681 1815 28 26 of
721 1816 43 25 the
779 1815 181 32 requirements
975 1819 38 21 set
1028 1815 66 25 forth
1110 1815 25 25 in
1150 1814 77 26 Hurd
1241 1815 20 25 is
1276 1815 55 25 that
1346 1814 33 25 all
1394 1818 113 21 contacts

419 1857 111 25 between
539 1857 42 25 the
589 1857 127 32 hypnotist
724 1856 49 26 and
782 1857 43 25 the
832 1857 98 31 subject
938 1861 67 21 must
1013 1857 31 24 be
1052 1856 119 26 recorded
1180 1856 38 25 for
1226 1856 43 25 the
1276 1855 83 26 stated
1367 1863 106 25 purpose
1481 1855 29 26 of

418 1898 118 32 enabling
553 1899 42 25 the
612 1898 56 25 trial
686 1902 71 21 court
774 1902 25 21 to
816 1898 140 25 determine
972 1898 67 25 what
1056 1898 92 25 cues
1165 1898 44 25 the
1225 1897 128 32 hypnotist
1369 1905 59 24 may
1444 1897 63 25 have

418 1939 125 33 conveyed
551 1944 25 21 to
583 1940 43 25 the
632 1940 98 31 subject
738 1940 32 32 by
777 1939 68 26 word
852 1947 28 18 or
887 1939 72 30 deed;
966 1939 50 25 and
1023 1939 43 25 the
1073 1939 101 32 opinion
1181 1939 112 32 strongly
1300 1938 157 32 encouraged
1464 1938 43 26 the

419 1989 43 18 use
473 1981 29 25 of
510 1981 132 32 videotape
654 1985 25 21 to
692 1981 74 25 make
777 1981 61 25 such
851 1980 151 32 recordings.
1015 1981 50 25 Yet
1076 1988 28 18 as
1116 1980 43 25 the
1170 1988 71 17 same
1251 1980 101 32 opinion
1365 1979 141 32 recognizes

418 2022 141 30 elsewhere,
569 2023 129 24 Because
706 2022 29 25 of
741 2022 43 25 the
792 2022 221 32 unpredictability
1021 2022 29 25 of
1056 2022 68 25 what
1132 2022 49 25 will
1190 2022 124 24 influence
1322 2029 14 17 a
1345 2021 105 31 subject,
1459 2021 19 25 it
1487 2021 19 25 is

418 2064 106 25 difficult
530 2071 61 18 even
599 2063 38 26 for
644 2071 32 18 an
683 2067 86 28 expert
777 2063 144 32 examining
928 2071 14 17 a
949 2063 132 32 videotape
1087 2063 29 25 of
1120 2071 15 17 a
1143 2063 119 32 hypnotic
1268 2063 94 25 session
1369 2066 25 22 to
1401 2062 106 32 identify

419 2105 107 32 possible
533 2105 84 26 cues.
627 2105 24 25 If
656 2113 61 17 even
725 2113 32 17 an
765 2109 86 28 expert
858 2109 93 21 cannot
958 2104 153 32 confidently
1118 2105 75 25 make
1200 2105 56 24 that
1263 2104 189 30 identification,
1461 2103 19 26 it
1487 2104 20 25 is

418 2147 57 25 vain
482 2151 26 21 to
515 2147 94 25 believe
616 2147 55 25 that
677 2154 15 18 a
700 2147 101 31 layman
808 2147 61 25 such
876 2154 28 18 as
911 2154 14 17 a
933 2146 57 26 trial
994 2146 79 32 judge
1079 2154 48 17 can
1134 2146 32 25 do
1172 2154 35 17 so.
1218 2146 43 25 181
1272 2146 56 25 Cal.
1336 2146 72 32 Rptr.
1416 2149 26 21 at
1449 2146 57 24 255.

419 2188 43 26 f.n.
478 2189 33 24 24

294 2230 54 25 The
356 2234 72 21 court
437 2230 81 32 points
527 2233 43 22 out
579 2230 55 25 that
642 2229 96 26 certain
747 2229 107 32 dangers
862 2229 29 26 of
897 2229 118 32 hypnosis
1023 2237 44 17 are
1075 2233 43 21 not
1126 2237 61 17 even
1196 2228 135 26 addressed
1340 2228 33 32 by
1381 2229 43 25 the
1432 2227 77 26 Hurd

296 2271 180 32 requirements
486 2271 148 31 recognized
643 2271 135 25 elsewhere
787 2271 25 24 in
822 2271 56 25 that
886 2270 110 32 opinion,
1006 2270 61 25 such
1077 2278 28 17 as
1115 2270 43 25 the
1167 2270 97 31 subject
1274 2270 80 31 losing
1364 2270 37 25 his
1411 2269 96 25 critical

292 2312 134 31 judgment
440 2312 49 25 and
503 2312 123 31 crediting
640 2312 132 25 memories
786 2312 56 25 that
855 2320 65 17 were
934 2311 119 32 formerly
1066 2311 94 25 viewed
1174 2319 27 17 as
1215 2311 146 30 unreliable,
1375 2310 133 32 confusing

295 2354 84 24 actual
393 2353 75 25 recall
481 2353 59 25 with
553 2353 190 25 confabulation
756 2353 50 25 and
819 2353 43 25 the
874 2352 177 26 unwarranted
1064 2352 145 25 confidence
1222 2352 24 25 in
1260 2352 43 25 the
1314 2352 105 31 validity
1430 2351 29 25 of
1470 2352 37 24 his

295 2394 105 32 ensuing
415 2394 166 25 recollection.
